{
    "summary": {
        "stock_name": "億杰",
        "stock_id": "3089",
        "category": "電子零組件",
        "main_business": "電解電容器零件、材料之製造加工及買賣業務<br>太陽能工程業務<br>航太設備組裝及銷售業務",
        "website_url": "http://www.ejecttinc.com",
        "ceo": "曾建銘",
        "pe_ratio": 100,
        "report_year_from": 2001,
        "report_year_to": 2023,
        "age": 23,
        "eps_negative_percentage": 59,
        "eps_growth_avg": {
            "last_all": -60.97,
            "last_2y": -100,
            "last_4y": -100,
            "last_8y": -100,
            "last_12y": -100,
            "last_16y": -100,
            "last_20y": -60.97,
            "at_2006_last_3y": 4.09,
            "at_2007_last_3y": -62.58,
            "at_2008_last_3y": -100,
            "at_2009_last_3y": -100,
            "at_2010_last_3y": -100,
            "at_2011_last_3y": -100,
            "at_2012_last_3y": -100,
            "at_2013_last_3y": -100,
            "at_2014_last_3y": -100,
            "at_2015_last_3y": -100,
            "at_2016_last_3y": -100,
            "at_2017_last_3y": null,
            "at_2018_last_3y": null,
            "at_2019_last_3y": -100,
            "at_2020_last_3y": -100,
            "at_2021_last_3y": -100,
            "at_2022_last_3y": -100,
            "at_2023_last_3y": -100,
            "at_2024_last_3y": -100,
            "at_2006_last_all": 4.09,
            "at_2007_last_all": -21.93,
            "at_2008_last_all": -21.93,
            "at_2009_last_all": -21.93,
            "at_2010_last_all": -21.93,
            "at_2011_last_all": -37.55,
            "at_2012_last_all": -37.55,
            "at_2013_last_all": -47.96,
            "at_2014_last_all": -47.96,
            "at_2015_last_all": -47.96,
            "at_2016_last_all": -47.96,
            "at_2017_last_all": -47.96,
            "at_2018_last_all": -47.96,
            "at_2019_last_all": -55.39,
            "at_2020_last_all": -55.39,
            "at_2021_last_all": -55.39,
            "at_2022_last_all": -60.97,
            "at_2023_last_all": -60.97,
            "at_2024_last_all": -60.97
        },
        "latest_eps": 0.24,
        "latest_price": 81,
        "latest_roe": 1.9,
        "latest_gross_margin": -40.75,
        "latest_equity": 624211,
        "latest_revenue": 2729,
        "latest_gross_profit": -1112,
        "latest_net_income": 73389,
        "latest_debt_ratio": 21.47,
        "latest_current_ratio": 651.16,
        "latest_account_receivable_turnover_ratio": 0.19,
        "latest_inventory_turnover_ratio": null,
        "latest_reinvestment_rate": null,
        "latest_research_to_sale_ratio": 62.7
    },
    "eps_dividends": {
        "2001": {
            "cash": 1,
            "stock": 1,
            "eps": 0
        },
        "2002": {
            "cash": 0,
            "stock": 1,
            "eps": 0.58
        },
        "2003": {
            "cash": 0,
            "stock": 1,
            "eps": 1.63
        },
        "2004": {
            "cash": 0.3,
            "stock": 1,
            "eps": 1.83
        },
        "2005": {
            "cash": 0.3,
            "stock": 1,
            "eps": -1.23
        },
        "2006": {
            "cash": 0,
            "stock": 0,
            "eps": 0.47
        },
        "2007": {
            "cash": 0.3,
            "stock": 0,
            "eps": -0.17
        },
        "2008": {
            "cash": 0,
            "stock": 0,
            "eps": -1.39
        },
        "2009": {
            "cash": 0,
            "stock": 0,
            "eps": -0.03
        },
        "2010": {
            "cash": 0,
            "stock": 0,
            "eps": 0.75
        },
        "2011": {
            "cash": 0.3,
            "stock": 0,
            "eps": -0.76
        },
        "2012": {
            "cash": 0,
            "stock": 0,
            "eps": 0.87
        },
        "2013": {
            "cash": 0.3,
            "stock": 0,
            "eps": -1.16
        },
        "2014": {
            "cash": 0,
            "stock": 0,
            "eps": -2.03
        },
        "2015": {
            "cash": 0,
            "stock": 0,
            "eps": -3.44
        },
        "2016": {
            "cash": 0,
            "stock": 0,
            "eps": -6.89
        },
        "2017": {
            "cash": 0,
            "stock": 0,
            "eps": -1.35
        },
        "2018": {
            "cash": 0,
            "stock": 0,
            "eps": 0.25
        },
        "2019": {
            "cash": 0,
            "stock": 0,
            "eps": -0.54
        },
        "2020": {
            "cash": 0,
            "stock": 0,
            "eps": -0.45
        },
        "2021": {
            "cash": 0,
            "stock": 0,
            "eps": 0.64
        },
        "2022": {
            "cash": 0,
            "stock": 0,
            "eps": -3.6
        },
        "2023": {
            "cash": 0,
            "stock": 0,
            "eps": 1.85
        }
    },
    "dividends": {
        "2001-04-07": {
            "cash": 1,
            "stock": 1
        },
        "2002-04-12": {
            "cash": 0,
            "stock": 1
        },
        "2003-06-06": {
            "cash": 0,
            "stock": 1
        },
        "2004-03-25": {
            "cash": 0.3,
            "stock": 1
        },
        "2005-04-02": {
            "cash": 0.3,
            "stock": 1
        },
        "2007-03-16": {
            "cash": 0.3,
            "stock": 0
        },
        "2011-03-18": {
            "cash": 0.3,
            "stock": 0
        },
        "2013-06-20": {
            "cash": 0.3,
            "stock": 0
        }
    },
    "prices": {
        "200101": "無",
        "200102": "無",
        "200103": "無",
        "200104": "無",
        "200105": "無",
        "200106": "無",
        "200107": "無",
        "200108": "無",
        "200109": "無",
        "200110": "無",
        "200111": "無",
        "200112": "無",
        "200201": "無",
        "200202": "無",
        "200203": "無",
        "200204": "無",
        "200205": "無",
        "200206": "無",
        "200207": "無",
        "200208": "無",
        "200209": "無",
        "200210": "無",
        "200211": "無",
        "200212": "無",
        "200301": "無",
        "200302": "無",
        "200303": "無",
        "200304": "無",
        "200305": "無",
        "200306": "無",
        "200307": "無",
        "200308": "無",
        "200309": "20.00",
        "200310": "14.66",
        "200311": "14.45",
        "200312": "14.59",
        "200401": "14.04",
        "200402": "15.50",
        "200403": "17.12",
        "200404": "19.94",
        "200405": "18.10",
        "200406": "17.59",
        "200407": "16.95",
        "200408": "16.76",
        "200409": "15.79",
        "200410": "14.58",
        "200411": "12.30",
        "200412": "11.42",
        "200501": "10.44",
        "200502": "11.38",
        "200503": "14.51",
        "200504": "15.74",
        "200505": "14.97",
        "200506": "15.00",
        "200507": "11.43",
        "200508": "9.53",
        "200509": "7.93",
        "200510": "6.87",
        "200511": "6.36",
        "200512": "7.30",
        "200601": "7.90",
        "200602": "6.73",
        "200603": "6.11",
        "200604": "6.44",
        "200605": "6.91",
        "200606": "6.21",
        "200607": "5.73",
        "200608": "6.02",
        "200609": "6.43",
        "200610": "7.07",
        "200611": "7.28",
        "200612": "9.47",
        "200701": "9.02",
        "200702": "8.85",
        "200703": "8.67",
        "200704": "9.38",
        "200705": "8.52",
        "200706": "9.12",
        "200707": "10.42",
        "200708": "10.34",
        "200709": "9.92",
        "200710": "9.67",
        "200711": "8.08",
        "200712": "7.41",
        "200801": "7.13",
        "200802": "7.86",
        "200803": "8.78",
        "200804": "9.48",
        "200805": "10.02",
        "200806": "10.52",
        "200807": "8.18",
        "200808": "7.86",
        "200809": "6.11",
        "200810": "5.74",
        "200811": "5.41",
        "200812": "5.21",
        "200901": "5.16",
        "200902": "4.49",
        "200903": "5.39",
        "200904": "5.54",
        "200905": "5.26",
        "200906": "5.33",
        "200907": "5.40",
        "200908": "5.88",
        "200909": "6.88",
        "200910": "8.43",
        "200911": "8.16",
        "200912": "10.70",
        "201001": "11.20",
        "201002": "9.45",
        "201003": "11.09",
        "201004": "12.04",
        "201005": "13.20",
        "201006": "13.10",
        "201007": "12.13",
        "201008": "14.48",
        "201009": "12.38",
        "201010": "11.14",
        "201011": "10.03",
        "201012": "11.51",
        "201101": "11.47",
        "201102": "11.41",
        "201103": "10.96",
        "201104": "12.84",
        "201105": "13.25",
        "201106": "12.58",
        "201107": "11.15",
        "201108": "11.79",
        "201109": "12.35",
        "201110": "12.32",
        "201111": "12.13",
        "201112": "10.34",
        "201201": "9.63",
        "201202": "11.74",
        "201203": "14.86",
        "201204": "15.14",
        "201205": "13.44",
        "201206": "11.48",
        "201207": "10.79",
        "201208": "11.48",
        "201209": "11.60",
        "201210": "11.19",
        "201211": "11.12",
        "201212": "12.43",
        "201301": "17.29",
        "201302": "19.03",
        "201303": "18.77",
        "201304": "18.70",
        "201305": "23.42",
        "201306": "23.24",
        "201307": "24.55",
        "201308": "33.55",
        "201309": "37.06",
        "201310": "40.21",
        "201311": "38.68",
        "201312": "37.41",
        "201401": "40.33",
        "201402": "45.50",
        "201403": "54.15",
        "201404": "53.22",
        "201405": "51.21",
        "201406": "60.46",
        "201407": "71.97",
        "201408": "61.40",
        "201409": "49.86",
        "201410": "46.32",
        "201411": "39.40",
        "201412": "47.04",
        "201501": "40.85",
        "201502": "40.22",
        "201503": "38.85",
        "201504": "23.17",
        "201505": "20.46",
        "201506": "24.59",
        "201507": "26.43",
        "201508": "22.31",
        "201509": "27.07",
        "201510": "23.58",
        "201511": "21.48",
        "201512": "19.54",
        "201601": "11.23",
        "201602": "9.79",
        "201603": "8.28",
        "201604": "7.77",
        "201605": "7.25",
        "201606": "6.48",
        "201607": "6.46",
        "201608": "11.94",
        "201609": "12.01",
        "201610": "10.31",
        "201611": "11.95",
        "201612": "14.89",
        "201701": "14.09",
        "201702": "17.62",
        "201703": "16.97",
        "201704": "13.61",
        "201705": "11.67",
        "201706": "9.80",
        "201707": "8.15",
        "201708": "7.69",
        "201709": "6.88",
        "201710": "6.73",
        "201711": "5.97",
        "201712": "6.21",
        "201801": "5.83",
        "201802": "5.16",
        "201803": "16.65",
        "201804": "21.12",
        "201805": "17.85",
        "201806": "16.50",
        "201807": "17.17",
        "201808": "15.84",
        "201809": "15.14",
        "201810": "13.12",
        "201811": "11.35",
        "201812": "11.96",
        "201901": "11.08",
        "201902": "10.60",
        "201903": "14.76",
        "201904": "15.80",
        "201905": "19.04",
        "201906": "19.35",
        "201907": "18.32",
        "201908": "17.92",
        "201909": "17.73",
        "201910": "18.01",
        "201911": "17.80",
        "201912": "21.40",
        "202001": "21.42",
        "202002": "20.21",
        "202003": "18.58",
        "202004": "19.72",
        "202005": "20.29",
        "202006": "19.75",
        "202007": "24.03",
        "202008": "22.57",
        "202009": "21.97",
        "202010": "20.32",
        "202011": "20.33",
        "202012": "21.31",
        "202101": "20.07",
        "202102": "無",
        "202103": "無",
        "202104": "無",
        "202105": "無",
        "202106": "無",
        "202107": "19.20",
        "202108": "25.12",
        "202109": "31.50",
        "202110": "31.68",
        "202111": "33.97",
        "202112": "41.97",
        "202201": "45.34",
        "202202": "42.31",
        "202203": "37.44",
        "202204": "34.41",
        "202205": "29.95",
        "202206": "29.33",
        "202207": "36.49",
        "202208": "32.96",
        "202209": "32.81",
        "202210": "40.15",
        "202211": "42.86",
        "202212": "54.81",
        "202301": "66.42",
        "202302": "63.76",
        "202303": "55.33",
        "202304": "58.87",
        "202305": "70.87",
        "202306": "79.38",
        "202307": "110.07",
        "202308": "無",
        "202309": "無",
        "202310": "無",
        "202311": "無",
        "202312": "無"
    },
    "quarters": {
        "20011": {
            "year_quarter": 20011,
            "year": 2001,
            "quarter": 1,
            "eps": null,
            "eps_growth_year": null,
            "eps_4q": null,
            "eps_4q_growth_year": null,
            "roe": null,
            "roe_4q": 0,
            "gross_profit": null,
            "gross_margin": null,
            "gross_margin_4q_avg": 0,
            "net_income": null,
            "net_income_4q": null,
            "revenue": null,
            "revenue_4q": null,
            "common_shares": null,
            "book_valuer_per_share": null,
            "book_valuer_per_share_4q_avg": 0,
            "equity": null,
            "current_ratio": null,
            "debt_ratio": null,
            "inventory_turnover_ratio": null,
            "account_receivable_turnover_ratio": null,
            "reinvestment_rate": null,
            "research_to_sale_ratio": null,
            "price_fair": 0,
            "eps_avg_yearly": 0,
            "eps_latest_yearly": 0,
            "eps_growth_yearly": 0
        },
        "20012": {
            "year_quarter": 20012,
            "year": 2001,
            "quarter": 2,
            "eps": null,
            "eps_growth_year": null,
            "eps_4q": null,
            "eps_4q_growth_year": null,
            "roe": null,
            "roe_4q": 0,
            "gross_profit": null,
            "gross_margin": null,
            "gross_margin_4q_avg": 0,
            "net_income": null,
            "net_income_4q": null,
            "revenue": null,
            "revenue_4q": null,
            "common_shares": null,
            "book_valuer_per_share": null,
            "book_valuer_per_share_4q_avg": 0,
            "equity": null,
            "current_ratio": null,
            "debt_ratio": null,
            "inventory_turnover_ratio": null,
            "account_receivable_turnover_ratio": null,
            "reinvestment_rate": null,
            "research_to_sale_ratio": null,
            "price_fair": 0,
            "eps_avg_yearly": 0,
            "eps_latest_yearly": 0,
            "eps_growth_yearly": 0
        },
        "20013": {
            "year_quarter": 20013,
            "year": 2001,
            "quarter": 3,
            "eps": null,
            "eps_growth_year": null,
            "eps_4q": null,
            "eps_4q_growth_year": null,
            "roe": null,
            "roe_4q": 0,
            "gross_profit": null,
            "gross_margin": null,
            "gross_margin_4q_avg": 0,
            "net_income": null,
            "net_income_4q": null,
            "revenue": null,
            "revenue_4q": null,
            "common_shares": null,
            "book_valuer_per_share": null,
            "book_valuer_per_share_4q_avg": 0,
            "equity": null,
            "current_ratio": null,
            "debt_ratio": null,
            "inventory_turnover_ratio": null,
            "account_receivable_turnover_ratio": null,
            "reinvestment_rate": null,
            "research_to_sale_ratio": null,
            "price_fair": 0,
            "eps_avg_yearly": 0,
            "eps_latest_yearly": 0,
            "eps_growth_yearly": 0
        },
        "20014": {
            "year_quarter": 20014,
            "year": 2001,
            "quarter": 4,
            "eps": null,
            "eps_growth_year": null,
            "eps_4q": null,
            "eps_4q_growth_year": null,
            "roe": null,
            "roe_4q": 0,
            "gross_profit": null,
            "gross_margin": null,
            "gross_margin_4q_avg": 0,
            "net_income": null,
            "net_income_4q": null,
            "revenue": null,
            "revenue_4q": null,
            "common_shares": 334200,
            "book_valuer_per_share": 13.67,
            "book_valuer_per_share_4q_avg": 3.42,
            "equity": 457012,
            "current_ratio": 313.76,
            "debt_ratio": 22.63,
            "inventory_turnover_ratio": null,
            "account_receivable_turnover_ratio": null,
            "reinvestment_rate": null,
            "research_to_sale_ratio": null,
            "price_fair": 0,
            "eps_avg_yearly": 0,
            "eps_latest_yearly": 0,
            "eps_growth_yearly": 0
        },
        "20021": {
            "year_quarter": 20021,
            "year": 2002,
            "quarter": 1,
            "eps": null,
            "eps_growth_year": null,
            "eps_4q": null,
            "eps_4q_growth_year": null,
            "roe": null,
            "roe_4q": 0,
            "gross_profit": null,
            "gross_margin": null,
            "gross_margin_4q_avg": 0,
            "net_income": null,
            "net_income_4q": null,
            "revenue": null,
            "revenue_4q": null,
            "common_shares": null,
            "book_valuer_per_share": null,
            "book_valuer_per_share_4q_avg": 3.42,
            "equity": null,
            "current_ratio": null,
            "debt_ratio": null,
            "inventory_turnover_ratio": null,
            "account_receivable_turnover_ratio": null,
            "reinvestment_rate": null,
            "research_to_sale_ratio": null,
            "price_fair": 0,
            "eps_avg_yearly": 0,
            "eps_latest_yearly": 0,
            "eps_growth_yearly": 0
        },
        "20022": {
            "year_quarter": 20022,
            "year": 2002,
            "quarter": 2,
            "eps": null,
            "eps_growth_year": null,
            "eps_4q": null,
            "eps_4q_growth_year": null,
            "roe": null,
            "roe_4q": 0,
            "gross_profit": null,
            "gross_margin": null,
            "gross_margin_4q_avg": 0,
            "net_income": null,
            "net_income_4q": null,
            "revenue": null,
            "revenue_4q": null,
            "common_shares": null,
            "book_valuer_per_share": null,
            "book_valuer_per_share_4q_avg": 3.42,
            "equity": null,
            "current_ratio": null,
            "debt_ratio": null,
            "inventory_turnover_ratio": null,
            "account_receivable_turnover_ratio": null,
            "reinvestment_rate": null,
            "research_to_sale_ratio": null,
            "price_fair": 0,
            "eps_avg_yearly": 0,
            "eps_latest_yearly": 0,
            "eps_growth_yearly": 0
        },
        "20023": {
            "year_quarter": 20023,
            "year": 2002,
            "quarter": 3,
            "eps": 0.62,
            "eps_growth_year": null,
            "eps_4q": null,
            "eps_4q_growth_year": null,
            "roe": 4.5,
            "roe_4q": 4.5,
            "gross_profit": 14445,
            "gross_margin": 13.96,
            "gross_margin_4q_avg": 3.49,
            "net_income": 22928,
            "net_income_4q": null,
            "revenue": 103458,
            "revenue_4q": null,
            "common_shares": 369803,
            "book_valuer_per_share": 13.77,
            "book_valuer_per_share_4q_avg": 6.86,
            "equity": 509097,
            "current_ratio": 166.54,
            "debt_ratio": 26.4,
            "inventory_turnover_ratio": 1.78,
            "account_receivable_turnover_ratio": null,
            "reinvestment_rate": null,
            "research_to_sale_ratio": null,
            "price_fair": 0,
            "eps_avg_yearly": 0,
            "eps_latest_yearly": 0,
            "eps_growth_yearly": 0
        },
        "20024": {
            "year_quarter": 20024,
            "year": 2002,
            "quarter": 4,
            "eps": -0.04,
            "eps_growth_year": null,
            "eps_4q": null,
            "eps_4q_growth_year": null,
            "roe": -0.32,
            "roe_4q": 4.18,
            "gross_profit": 11704,
            "gross_margin": 11.39,
            "gross_margin_4q_avg": 6.34,
            "net_income": -1637,
            "net_income_4q": null,
            "revenue": 102789,
            "revenue_4q": null,
            "common_shares": 369803,
            "book_valuer_per_share": 13.74,
            "book_valuer_per_share_4q_avg": 6.88,
            "equity": 508233,
            "current_ratio": 300.49,
            "debt_ratio": 21.88,
            "inventory_turnover_ratio": 1.32,
            "account_receivable_turnover_ratio": null,
            "reinvestment_rate": null,
            "research_to_sale_ratio": null,
            "price_fair": 0,
            "eps_avg_yearly": 0,
            "eps_latest_yearly": 0,
            "eps_growth_yearly": 0
        },
        "20031": {
            "year_quarter": 20031,
            "year": 2003,
            "quarter": 1,
            "eps": 0.43,
            "eps_growth_year": null,
            "eps_4q": null,
            "eps_4q_growth_year": null,
            "roe": 3.04,
            "roe_4q": 7.220000000000001,
            "gross_profit": 14392,
            "gross_margin": 11.88,
            "gross_margin_4q_avg": 9.31,
            "net_income": 15706,
            "net_income_4q": null,
            "revenue": 121153,
            "revenue_4q": null,
            "common_shares": 369803,
            "book_valuer_per_share": 14.17,
            "book_valuer_per_share_4q_avg": 10.42,
            "equity": 523889,
            "current_ratio": 207.8,
            "debt_ratio": 23.06,
            "inventory_turnover_ratio": 1.71,
            "account_receivable_turnover_ratio": null,
            "reinvestment_rate": null,
            "research_to_sale_ratio": null,
            "price_fair": 0,
            "eps_avg_yearly": 0,
            "eps_latest_yearly": 0,
            "eps_growth_yearly": 0
        },
        "20032": {
            "year_quarter": 20032,
            "year": 2003,
            "quarter": 2,
            "eps": 0.35,
            "eps_growth_year": null,
            "eps_4q": 1.35,
            "eps_4q_growth_year": null,
            "roe": 2.45,
            "roe_4q": 9.67,
            "gross_profit": 14971,
            "gross_margin": 12.87,
            "gross_margin_4q_avg": 12.53,
            "net_income": 12981,
            "net_income_4q": null,
            "revenue": 116329,
            "revenue_4q": null,
            "common_shares": 369803,
            "book_valuer_per_share": 14.46,
            "book_valuer_per_share_4q_avg": 14.04,
            "equity": 534608,
            "current_ratio": 175.81,
            "debt_ratio": 28.7,
            "inventory_turnover_ratio": 1.95,
            "account_receivable_turnover_ratio": null,
            "reinvestment_rate": null,
            "research_to_sale_ratio": null,
            "price_fair": 4.2,
            "eps_avg_yearly": 1.4,
            "eps_latest_yearly": 1.4,
            "eps_growth_yearly": -74.42
        },
        "20033": {
            "year_quarter": 20033,
            "year": 2003,
            "quarter": 3,
            "eps": 0.24,
            "eps_growth_year": -61.29,
            "eps_4q": 0.9,
            "eps_4q_growth_year": null,
            "roe": 1.83,
            "roe_4q": 7,
            "gross_profit": 10923,
            "gross_margin": 10.07,
            "gross_margin_4q_avg": 11.55,
            "net_income": 9826,
            "net_income_4q": null,
            "revenue": 108513,
            "revenue_4q": null,
            "common_shares": 409692,
            "book_valuer_per_share": 13.22,
            "book_valuer_per_share_4q_avg": 13.9,
            "equity": 541708,
            "current_ratio": 189.41,
            "debt_ratio": 26.38,
            "inventory_turnover_ratio": 1.53,
            "account_receivable_turnover_ratio": null,
            "reinvestment_rate": null,
            "research_to_sale_ratio": null,
            "price_fair": 3.54,
            "eps_avg_yearly": 1.18,
            "eps_latest_yearly": 0.96,
            "eps_growth_yearly": -100.07
        },
        "20034": {
            "year_quarter": 20034,
            "year": 2003,
            "quarter": 4,
            "eps": 0.61,
            "eps_growth_year": null,
            "eps_4q": 1.55,
            "eps_4q_growth_year": null,
            "roe": 4.5,
            "roe_4q": 11.82,
            "gross_profit": 21704,
            "gross_margin": 11.89,
            "gross_margin_4q_avg": 11.68,
            "net_income": 24957,
            "net_income_4q": null,
            "revenue": 182549,
            "revenue_4q": null,
            "common_shares": 409692,
            "book_valuer_per_share": 13.86,
            "book_valuer_per_share_4q_avg": 13.93,
            "equity": 567825,
            "current_ratio": 192.22,
            "debt_ratio": 36.03,
            "inventory_turnover_ratio": 1.42,
            "account_receivable_turnover_ratio": null,
            "reinvestment_rate": null,
            "research_to_sale_ratio": null,
            "price_fair": 56,
            "eps_avg_yearly": 1.6,
            "eps_latest_yearly": 2.44,
            "eps_growth_yearly": 138.84
        },
        "20041": {
            "year_quarter": 20041,
            "year": 2004,
            "quarter": 1,
            "eps": 0.57,
            "eps_growth_year": 32.56,
            "eps_4q": 1.73,
            "eps_4q_growth_year": null,
            "roe": 4.07,
            "roe_4q": 12.850000000000001,
            "gross_profit": 18875,
            "gross_margin": 13.25,
            "gross_margin_4q_avg": 12.02,
            "net_income": 23448,
            "net_income_4q": null,
            "revenue": 142451,
            "revenue_4q": null,
            "common_shares": 409692,
            "book_valuer_per_share": 14.26,
            "book_valuer_per_share_4q_avg": 13.95,
            "equity": 584364,
            "current_ratio": 147.72,
            "debt_ratio": 32.05,
            "inventory_turnover_ratio": 1.07,
            "account_receivable_turnover_ratio": null,
            "reinvestment_rate": null,
            "research_to_sale_ratio": null,
            "price_fair": 61.95,
            "eps_avg_yearly": 1.77,
            "eps_latest_yearly": 2.28,
            "eps_growth_yearly": 97.58
        },
        "20042": {
            "year_quarter": 20042,
            "year": 2004,
            "quarter": 2,
            "eps": 0.51,
            "eps_growth_year": 45.71,
            "eps_4q": 1.92,
            "eps_4q_growth_year": 42.78,
            "roe": 3.56,
            "roe_4q": 13.96,
            "gross_profit": 25169,
            "gross_margin": 14.28,
            "gross_margin_4q_avg": 12.37,
            "net_income": 21002,
            "net_income_4q": null,
            "revenue": 176208,
            "revenue_4q": null,
            "common_shares": 409692,
            "book_valuer_per_share": 14.51,
            "book_valuer_per_share_4q_avg": 13.96,
            "equity": 594453,
            "current_ratio": 170.57,
            "debt_ratio": 35.87,
            "inventory_turnover_ratio": 2.42,
            "account_receivable_turnover_ratio": null,
            "reinvestment_rate": null,
            "research_to_sale_ratio": null,
            "price_fair": 63.84,
            "eps_avg_yearly": 1.82,
            "eps_latest_yearly": 2.04,
            "eps_growth_yearly": 69.64
        },
        "20043": {
            "year_quarter": 20043,
            "year": 2004,
            "quarter": 3,
            "eps": 0.37,
            "eps_growth_year": 54.17,
            "eps_4q": 1.89,
            "eps_4q_growth_year": 109.91,
            "roe": 2.8,
            "roe_4q": 14.93,
            "gross_profit": 20025,
            "gross_margin": 15,
            "gross_margin_4q_avg": 13.61,
            "net_income": 16888,
            "net_income_4q": null,
            "revenue": 133467,
            "revenue_4q": null,
            "common_shares": 454851,
            "book_valuer_per_share": 13.48,
            "book_valuer_per_share_4q_avg": 14.03,
            "equity": 612921,
            "current_ratio": 168.46,
            "debt_ratio": 36.16,
            "inventory_turnover_ratio": 1.88,
            "account_receivable_turnover_ratio": null,
            "reinvestment_rate": null,
            "research_to_sale_ratio": null,
            "price_fair": 61.83,
            "eps_avg_yearly": 1.77,
            "eps_latest_yearly": 1.48,
            "eps_growth_yearly": 39.73
        },
        "20044": {
            "year_quarter": 20044,
            "year": 2004,
            "quarter": 4,
            "eps": 0.38,
            "eps_growth_year": -37.7,
            "eps_4q": 1.74,
            "eps_4q_growth_year": 12.45,
            "roe": 2.77,
            "roe_4q": 13.200000000000001,
            "gross_profit": 8178,
            "gross_margin": 9.89,
            "gross_margin_4q_avg": 13.11,
            "net_income": 17082,
            "net_income_4q": null,
            "revenue": 82672,
            "revenue_4q": null,
            "common_shares": 455496,
            "book_valuer_per_share": 13.63,
            "book_valuer_per_share_4q_avg": 13.97,
            "equity": 620636,
            "current_ratio": 561.36,
            "debt_ratio": 34.58,
            "inventory_turnover_ratio": 0.81,
            "account_receivable_turnover_ratio": null,
            "reinvestment_rate": null,
            "research_to_sale_ratio": null,
            "price_fair": 60.6,
            "eps_avg_yearly": 1.73,
            "eps_latest_yearly": 1.52,
            "eps_growth_yearly": 35.6
        },
        "20051": {
            "year_quarter": 20051,
            "year": 2005,
            "quarter": 1,
            "eps": 0,
            "eps_growth_year": -100,
            "eps_4q": 1.21,
            "eps_4q_growth_year": -30.21,
            "roe": 0.01,
            "roe_4q": 9.14,
            "gross_profit": 8012,
            "gross_margin": 12.13,
            "gross_margin_4q_avg": 12.83,
            "net_income": 56,
            "net_income_4q": null,
            "revenue": 66045,
            "revenue_4q": null,
            "common_shares": 455496,
            "book_valuer_per_share": 13.5,
            "book_valuer_per_share_4q_avg": 13.78,
            "equity": 614884,
            "current_ratio": 589.79,
            "debt_ratio": 31.34,
            "inventory_turnover_ratio": 0.69,
            "account_receivable_turnover_ratio": null,
            "reinvestment_rate": null,
            "research_to_sale_ratio": null,
            "price_fair": 60.6,
            "eps_avg_yearly": 1.73,
            "eps_latest_yearly": 1.52,
            "eps_growth_yearly": 35.6
        },
        "20052": {
            "year_quarter": 20052,
            "year": 2005,
            "quarter": 2,
            "eps": 0.21,
            "eps_growth_year": -58.82,
            "eps_4q": 0.94,
            "eps_4q_growth_year": -51.01,
            "roe": 1.51,
            "roe_4q": 7.09,
            "gross_profit": 12348,
            "gross_margin": 12.97,
            "gross_margin_4q_avg": 12.5,
            "net_income": 9754,
            "net_income_4q": null,
            "revenue": 95189,
            "revenue_4q": null,
            "common_shares": 499912,
            "book_valuer_per_share": 13.47,
            "book_valuer_per_share_4q_avg": 13.52,
            "equity": 673255,
            "current_ratio": 493.43,
            "debt_ratio": 25.24,
            "inventory_turnover_ratio": 2.08,
            "account_receivable_turnover_ratio": null,
            "reinvestment_rate": null,
            "research_to_sale_ratio": null,
            "price_fair": 60.6,
            "eps_avg_yearly": 1.73,
            "eps_latest_yearly": 1.52,
            "eps_growth_yearly": 35.6
        },
        "20053": {
            "year_quarter": 20053,
            "year": 2005,
            "quarter": 3,
            "eps": 0.1,
            "eps_growth_year": -72.97,
            "eps_4q": 0.6,
            "eps_4q_growth_year": -68.41,
            "roe": 0.79,
            "roe_4q": 5.08,
            "gross_profit": 3350,
            "gross_margin": 4.69,
            "gross_margin_4q_avg": 9.92,
            "net_income": 5408,
            "net_income_4q": null,
            "revenue": 71385,
            "revenue_4q": null,
            "common_shares": 546758,
            "book_valuer_per_share": 12.73,
            "book_valuer_per_share_4q_avg": 13.33,
            "equity": 696278,
            "current_ratio": 353.37,
            "debt_ratio": 23.64,
            "inventory_turnover_ratio": 1.96,
            "account_receivable_turnover_ratio": null,
            "reinvestment_rate": null,
            "research_to_sale_ratio": null,
            "price_fair": 23.41,
            "eps_avg_yearly": 1.57,
            "eps_latest_yearly": 0.4,
            "eps_growth_yearly": 4.96
        },
        "20054": {
            "year_quarter": 20054,
            "year": 2005,
            "quarter": 4,
            "eps": -1.54,
            "eps_growth_year": -505.26,
            "eps_4q": -1.25,
            "eps_4q_growth_year": -171.65,
            "roe": -12.34,
            "roe_4q": -10.030000000000001,
            "gross_profit": -200,
            "gross_margin": -1.78,
            "gross_margin_4q_avg": 7,
            "net_income": -81053,
            "net_income_4q": null,
            "revenue": 11257,
            "revenue_4q": null,
            "common_shares": 546758,
            "book_valuer_per_share": 11.29,
            "book_valuer_per_share_4q_avg": 12.75,
            "equity": 617521,
            "current_ratio": 379.3,
            "debt_ratio": 28.16,
            "inventory_turnover_ratio": 0.21,
            "account_receivable_turnover_ratio": null,
            "reinvestment_rate": null,
            "research_to_sale_ratio": null,
            "price_fair": 23.41,
            "eps_avg_yearly": 1.57,
            "eps_latest_yearly": 0.4,
            "eps_growth_yearly": 4.96
        },
        "20061": {
            "year_quarter": 20061,
            "year": 2006,
            "quarter": 1,
            "eps": 0.18,
            "eps_growth_year": null,
            "eps_4q": -1.03,
            "eps_4q_growth_year": -184.9,
            "roe": 1.59,
            "roe_4q": -8.450000000000001,
            "gross_profit": 4074,
            "gross_margin": 5.68,
            "gross_margin_4q_avg": 5.39,
            "net_income": 9837,
            "net_income_4q": null,
            "revenue": 71732,
            "revenue_4q": null,
            "common_shares": 546758,
            "book_valuer_per_share": 11.39,
            "book_valuer_per_share_4q_avg": 12.22,
            "equity": 622922,
            "current_ratio": 436.82,
            "debt_ratio": 25.48,
            "inventory_turnover_ratio": 1.69,
            "account_receivable_turnover_ratio": null,
            "reinvestment_rate": null,
            "research_to_sale_ratio": null,
            "price_fair": 23.41,
            "eps_avg_yearly": 1.57,
            "eps_latest_yearly": 0.4,
            "eps_growth_yearly": 4.96
        },
        "20062": {
            "year_quarter": 20062,
            "year": 2006,
            "quarter": 2,
            "eps": 0.28,
            "eps_growth_year": 33.33,
            "eps_4q": -0.9,
            "eps_4q_growth_year": -195.83,
            "roe": 2.46,
            "roe_4q": -7.499999999999999,
            "gross_profit": 6608,
            "gross_margin": 6.69,
            "gross_margin_4q_avg": 3.82,
            "net_income": 15572,
            "net_income_4q": null,
            "revenue": 98770,
            "revenue_4q": null,
            "common_shares": 546758,
            "book_valuer_per_share": 11.73,
            "book_valuer_per_share_4q_avg": 11.79,
            "equity": 641429,
            "current_ratio": 340.76,
            "debt_ratio": 23.51,
            "inventory_turnover_ratio": 7.18,
            "account_receivable_turnover_ratio": null,
            "reinvestment_rate": 96.11,
            "research_to_sale_ratio": null,
            "price_fair": 53.04,
            "eps_avg_yearly": 1.52,
            "eps_latest_yearly": 1.12,
            "eps_growth_yearly": 29.1
        },
        "20063": {
            "year_quarter": 20063,
            "year": 2006,
            "quarter": 3,
            "eps": 0.15,
            "eps_growth_year": 50,
            "eps_4q": -0.87,
            "eps_4q_growth_year": -245.66,
            "roe": 1.26,
            "roe_4q": -7.03,
            "gross_profit": 5386,
            "gross_margin": 7.31,
            "gross_margin_4q_avg": 4.48,
            "net_income": 8183,
            "net_income_4q": null,
            "revenue": 73672,
            "revenue_4q": null,
            "common_shares": 546758,
            "book_valuer_per_share": 12.01,
            "book_valuer_per_share_4q_avg": 11.61,
            "equity": 656793,
            "current_ratio": 383.62,
            "debt_ratio": 22.09,
            "inventory_turnover_ratio": 4.06,
            "account_receivable_turnover_ratio": null,
            "reinvestment_rate": -96.39,
            "research_to_sale_ratio": null,
            "price_fair": 25.09,
            "eps_avg_yearly": 1.42,
            "eps_latest_yearly": 0.6,
            "eps_growth_yearly": 7.62
        },
        "20064": {
            "year_quarter": 20064,
            "year": 2006,
            "quarter": 4,
            "eps": -0.14,
            "eps_growth_year": null,
            "eps_4q": 0.48,
            "eps_4q_growth_year": null,
            "roe": -1.19,
            "roe_4q": 4.12,
            "gross_profit": 1047,
            "gross_margin": 1.6,
            "gross_margin_4q_avg": 5.32,
            "net_income": -7743,
            "net_income_4q": null,
            "revenue": 65341,
            "revenue_4q": null,
            "common_shares": 546758,
            "book_valuer_per_share": 11.87,
            "book_valuer_per_share_4q_avg": 11.75,
            "equity": 648774,
            "current_ratio": 673.36,
            "debt_ratio": 20.5,
            "inventory_turnover_ratio": 1.15,
            "account_receivable_turnover_ratio": null,
            "reinvestment_rate": 8.73,
            "research_to_sale_ratio": null,
            "price_fair": 25.09,
            "eps_avg_yearly": 1.42,
            "eps_latest_yearly": 0.6,
            "eps_growth_yearly": 7.62
        },
        "20071": {
            "year_quarter": 20071,
            "year": 2007,
            "quarter": 1,
            "eps": 0.03,
            "eps_growth_year": -83.33,
            "eps_4q": 0.32,
            "eps_4q_growth_year": null,
            "roe": 0.26,
            "roe_4q": 2.79,
            "gross_profit": 3016,
            "gross_margin": 5.31,
            "gross_margin_4q_avg": 5.23,
            "net_income": 1675,
            "net_income_4q": null,
            "revenue": 56782,
            "revenue_4q": null,
            "common_shares": 546758,
            "book_valuer_per_share": 12.01,
            "book_valuer_per_share_4q_avg": 11.91,
            "equity": 656854,
            "current_ratio": 639.06,
            "debt_ratio": 18.84,
            "inventory_turnover_ratio": 0.96,
            "account_receivable_turnover_ratio": null,
            "reinvestment_rate": -116.37,
            "research_to_sale_ratio": null,
            "price_fair": 25.09,
            "eps_avg_yearly": 1.42,
            "eps_latest_yearly": 0.6,
            "eps_growth_yearly": 7.62
        },
        "20072": {
            "year_quarter": 20072,
            "year": 2007,
            "quarter": 2,
            "eps": -0.36,
            "eps_growth_year": -228.57,
            "eps_4q": -0.32,
            "eps_4q_growth_year": null,
            "roe": -3.11,
            "roe_4q": -2.7799999999999994,
            "gross_profit": 7152,
            "gross_margin": 7.09,
            "gross_margin_4q_avg": 5.33,
            "net_income": -19811,
            "net_income_4q": null,
            "revenue": 100862,
            "revenue_4q": null,
            "common_shares": 546758,
            "book_valuer_per_share": 11.29,
            "book_valuer_per_share_4q_avg": 11.8,
            "equity": 617279,
            "current_ratio": 317.6,
            "debt_ratio": 23.95,
            "inventory_turnover_ratio": 5.47,
            "account_receivable_turnover_ratio": null,
            "reinvestment_rate": -229.38,
            "research_to_sale_ratio": null,
            "price_fair": 38.14,
            "eps_avg_yearly": 1.43,
            "eps_latest_yearly": 0.6,
            "eps_growth_yearly": 16.73
        },
        "20073": {
            "year_quarter": 20073,
            "year": 2007,
            "quarter": 3,
            "eps": 0.05,
            "eps_growth_year": -66.67,
            "eps_4q": -0.46,
            "eps_4q_growth_year": null,
            "roe": 0.41,
            "roe_4q": -3.6299999999999994,
            "gross_profit": 3848,
            "gross_margin": 4.6,
            "gross_margin_4q_avg": 4.65,
            "net_income": 2551,
            "net_income_4q": null,
            "revenue": 83673,
            "revenue_4q": null,
            "common_shares": 546758,
            "book_valuer_per_share": 11.46,
            "book_valuer_per_share_4q_avg": 11.66,
            "equity": 626389,
            "current_ratio": 247.7,
            "debt_ratio": 26.93,
            "inventory_turnover_ratio": 4.45,
            "account_receivable_turnover_ratio": null,
            "reinvestment_rate": -259.13,
            "research_to_sale_ratio": null,
            "price_fair": 51.98,
            "eps_avg_yearly": 1.49,
            "eps_latest_yearly": 0.6,
            "eps_growth_yearly": 34.54
        },
        "20074": {
            "year_quarter": 20074,
            "year": 2007,
            "quarter": 4,
            "eps": 0.11,
            "eps_growth_year": null,
            "eps_4q": -0.19,
            "eps_4q_growth_year": -139.01,
            "roe": 0.91,
            "roe_4q": -1.5299999999999998,
            "gross_profit": 7052,
            "gross_margin": 7.53,
            "gross_margin_4q_avg": 6.13,
            "net_income": 5767,
            "net_income_4q": null,
            "revenue": 93608,
            "revenue_4q": null,
            "common_shares": 546758,
            "book_valuer_per_share": 11.67,
            "book_valuer_per_share_4q_avg": 11.61,
            "equity": 638071,
            "current_ratio": 451.07,
            "debt_ratio": 24.83,
            "inventory_turnover_ratio": 1.09,
            "account_receivable_turnover_ratio": null,
            "reinvestment_rate": 6.28,
            "research_to_sale_ratio": null,
            "price_fair": 33.91,
            "eps_avg_yearly": 1.24,
            "eps_latest_yearly": 0.44,
            "eps_growth_yearly": 17.46
        },
        "20081": {
            "year_quarter": 20081,
            "year": 2008,
            "quarter": 1,
            "eps": -0.26,
            "eps_growth_year": -966.67,
            "eps_4q": -0.48,
            "eps_4q_growth_year": -250.15,
            "roe": -2.23,
            "roe_4q": -4.02,
            "gross_profit": 2930,
            "gross_margin": 3.09,
            "gross_margin_4q_avg": 5.58,
            "net_income": -13856,
            "net_income_4q": null,
            "revenue": 94685,
            "revenue_4q": null,
            "common_shares": 546758,
            "book_valuer_per_share": 11.01,
            "book_valuer_per_share_4q_avg": 11.36,
            "equity": 601885,
            "current_ratio": 383.91,
            "debt_ratio": 26.41,
            "inventory_turnover_ratio": 0.69,
            "account_receivable_turnover_ratio": null,
            "reinvestment_rate": null,
            "research_to_sale_ratio": null,
            "price_fair": 36.59,
            "eps_avg_yearly": 1.09,
            "eps_latest_yearly": 0.44,
            "eps_growth_yearly": 23.7
        },
        "20082": {
            "year_quarter": 20082,
            "year": 2008,
            "quarter": 2,
            "eps": -0.2,
            "eps_growth_year": null,
            "eps_4q": -0.3,
            "eps_4q_growth_year": null,
            "roe": -1.75,
            "roe_4q": -2.6599999999999997,
            "gross_profit": 6264,
            "gross_margin": 6.3,
            "gross_margin_4q_avg": 5.38,
            "net_income": -10640,
            "net_income_4q": null,
            "revenue": 99426,
            "revenue_4q": null,
            "common_shares": 546758,
            "book_valuer_per_share": 11.23,
            "book_valuer_per_share_4q_avg": 11.34,
            "equity": 613757,
            "current_ratio": 587.28,
            "debt_ratio": 20.54,
            "inventory_turnover_ratio": 0.85,
            "account_receivable_turnover_ratio": null,
            "reinvestment_rate": null,
            "research_to_sale_ratio": null,
            "price_fair": 32.43,
            "eps_avg_yearly": 0.93,
            "eps_latest_yearly": 0.44,
            "eps_growth_yearly": 34.67
        },
        "20083": {
            "year_quarter": 20083,
            "year": 2008,
            "quarter": 3,
            "eps": -0.27,
            "eps_growth_year": -640,
            "eps_4q": -0.61,
            "eps_4q_growth_year": null,
            "roe": -2.38,
            "roe_4q": -5.449999999999999,
            "gross_profit": -976,
            "gross_margin": -1.47,
            "gross_margin_4q_avg": 3.86,
            "net_income": -14704,
            "net_income_4q": null,
            "revenue": 66183,
            "revenue_4q": null,
            "common_shares": 546758,
            "book_valuer_per_share": 11.38,
            "book_valuer_per_share_4q_avg": 11.32,
            "equity": 622263,
            "current_ratio": 621.59,
            "debt_ratio": 18.21,
            "inventory_turnover_ratio": 0.75,
            "account_receivable_turnover_ratio": null,
            "reinvestment_rate": null,
            "research_to_sale_ratio": null,
            "price_fair": 28.56,
            "eps_avg_yearly": 0.82,
            "eps_latest_yearly": 0.44,
            "eps_growth_yearly": 63.56
        },
        "20084": {
            "year_quarter": 20084,
            "year": 2008,
            "quarter": 4,
            "eps": -0.66,
            "eps_growth_year": -700,
            "eps_4q": -1.39,
            "eps_4q_growth_year": null,
            "roe": -5.91,
            "roe_4q": -12.27,
            "gross_profit": -1797,
            "gross_margin": -4.38,
            "gross_margin_4q_avg": 0.89,
            "net_income": -35678,
            "net_income_4q": null,
            "revenue": 41072,
            "revenue_4q": null,
            "common_shares": 546758,
            "book_valuer_per_share": 10.71,
            "book_valuer_per_share_4q_avg": 11.08,
            "equity": 585502,
            "current_ratio": 689.03,
            "debt_ratio": 16.3,
            "inventory_turnover_ratio": 0.52,
            "account_receivable_turnover_ratio": 0.97,
            "reinvestment_rate": null,
            "research_to_sale_ratio": null,
            "price_fair": 22.4,
            "eps_avg_yearly": 0.64,
            "eps_latest_yearly": 0.44,
            "eps_growth_yearly": 76.75
        },
        "20091": {
            "year_quarter": 20091,
            "year": 2009,
            "quarter": 1,
            "eps": -0.15,
            "eps_growth_year": null,
            "eps_4q": -1.26,
            "eps_4q_growth_year": null,
            "roe": -1.35,
            "roe_4q": -11.39,
            "gross_profit": 1675,
            "gross_margin": 3.12,
            "gross_margin_4q_avg": 0.89,
            "net_income": -7904,
            "net_income_4q": null,
            "revenue": 53753,
            "revenue_4q": null,
            "common_shares": 546758,
            "book_valuer_per_share": 10.65,
            "book_valuer_per_share_4q_avg": 10.99,
            "equity": 582476,
            "current_ratio": 929.77,
            "debt_ratio": 14.89,
            "inventory_turnover_ratio": 0.73,
            "account_receivable_turnover_ratio": 0.62,
            "reinvestment_rate": null,
            "research_to_sale_ratio": null,
            "price_fair": 22.4,
            "eps_avg_yearly": 0.64,
            "eps_latest_yearly": 0.44,
            "eps_growth_yearly": 76.75
        },
        "20092": {
            "year_quarter": 20092,
            "year": 2009,
            "quarter": 2,
            "eps": 0.14,
            "eps_growth_year": null,
            "eps_4q": -1,
            "eps_4q_growth_year": null,
            "roe": 1.24,
            "roe_4q": -8.4,
            "gross_profit": 11788,
            "gross_margin": 16.47,
            "gross_margin_4q_avg": 3.44,
            "net_income": 7144,
            "net_income_4q": null,
            "revenue": 71578,
            "revenue_4q": null,
            "common_shares": 521758,
            "book_valuer_per_share": 10.94,
            "book_valuer_per_share_4q_avg": 10.92,
            "equity": 570773,
            "current_ratio": 498.87,
            "debt_ratio": 19.41,
            "inventory_turnover_ratio": 0.86,
            "account_receivable_turnover_ratio": 0.68,
            "reinvestment_rate": null,
            "research_to_sale_ratio": null,
            "price_fair": 22.4,
            "eps_avg_yearly": 0.64,
            "eps_latest_yearly": 0.44,
            "eps_growth_yearly": 76.75
        },
        "20093": {
            "year_quarter": 20093,
            "year": 2009,
            "quarter": 3,
            "eps": 0.05,
            "eps_growth_year": null,
            "eps_4q": -0.72,
            "eps_4q_growth_year": null,
            "roe": 0.42,
            "roe_4q": -5.6000000000000005,
            "gross_profit": 13315,
            "gross_margin": 17.08,
            "gross_margin_4q_avg": 8.07,
            "net_income": 2376,
            "net_income_4q": null,
            "revenue": 77963,
            "revenue_4q": null,
            "common_shares": 521758,
            "book_valuer_per_share": 10.85,
            "book_valuer_per_share_4q_avg": 10.79,
            "equity": 566091,
            "current_ratio": 534.95,
            "debt_ratio": 18.73,
            "inventory_turnover_ratio": 0.98,
            "account_receivable_turnover_ratio": 0.61,
            "reinvestment_rate": null,
            "research_to_sale_ratio": null,
            "price_fair": 20.65,
            "eps_avg_yearly": 0.59,
            "eps_latest_yearly": 0.2,
            "eps_growth_yearly": 64.84
        },
        "20094": {
            "year_quarter": 20094,
            "year": 2009,
            "quarter": 4,
            "eps": -0.07,
            "eps_growth_year": null,
            "eps_4q": -0.04,
            "eps_4q_growth_year": null,
            "roe": -0.61,
            "roe_4q": -0.30000000000000004,
            "gross_profit": 5476,
            "gross_margin": 8.58,
            "gross_margin_4q_avg": 11.31,
            "net_income": -3410,
            "net_income_4q": null,
            "revenue": 63801,
            "revenue_4q": null,
            "common_shares": 521758,
            "book_valuer_per_share": 11.07,
            "book_valuer_per_share_4q_avg": 10.88,
            "equity": 560826,
            "current_ratio": 875.32,
            "debt_ratio": 14.72,
            "inventory_turnover_ratio": 0.86,
            "account_receivable_turnover_ratio": 0.99,
            "reinvestment_rate": null,
            "research_to_sale_ratio": null,
            "price_fair": 20.65,
            "eps_avg_yearly": 0.59,
            "eps_latest_yearly": 0.2,
            "eps_growth_yearly": 64.84
        },
        "20101": {
            "year_quarter": 20101,
            "year": 2010,
            "quarter": 1,
            "eps": 0.01,
            "eps_growth_year": null,
            "eps_4q": 0.13,
            "eps_4q_growth_year": null,
            "roe": 0.11,
            "roe_4q": 1.16,
            "gross_profit": 12214,
            "gross_margin": 13.94,
            "gross_margin_4q_avg": 14.02,
            "net_income": 595,
            "net_income_4q": null,
            "revenue": 87612,
            "revenue_4q": null,
            "common_shares": 521758,
            "book_valuer_per_share": 11.03,
            "book_valuer_per_share_4q_avg": 10.97,
            "equity": 558960,
            "current_ratio": 729.74,
            "debt_ratio": 15.97,
            "inventory_turnover_ratio": 0.95,
            "account_receivable_turnover_ratio": 0.64,
            "reinvestment_rate": null,
            "research_to_sale_ratio": 1.6,
            "price_fair": 20.65,
            "eps_avg_yearly": 0.59,
            "eps_latest_yearly": 0.2,
            "eps_growth_yearly": 64.84
        },
        "20102": {
            "year_quarter": 20102,
            "year": 2010,
            "quarter": 2,
            "eps": -0.17,
            "eps_growth_year": -220.74,
            "eps_4q": -0.18,
            "eps_4q_growth_year": null,
            "roe": -1.53,
            "roe_4q": -1.6099999999999999,
            "gross_profit": 14648,
            "gross_margin": 12.88,
            "gross_margin_4q_avg": 13.12,
            "net_income": -8566,
            "net_income_4q": null,
            "revenue": 113744,
            "revenue_4q": null,
            "common_shares": 521758,
            "book_valuer_per_share": 11,
            "book_valuer_per_share_4q_avg": 10.99,
            "equity": 557584,
            "current_ratio": 287.97,
            "debt_ratio": 34.99,
            "inventory_turnover_ratio": 1.2,
            "account_receivable_turnover_ratio": 0.68,
            "reinvestment_rate": null,
            "research_to_sale_ratio": 1.12,
            "price_fair": 9.25,
            "eps_avg_yearly": 0.41,
            "eps_latest_yearly": 0.2,
            "eps_growth_yearly": 12.38
        },
        "20103": {
            "year_quarter": 20103,
            "year": 2010,
            "quarter": 3,
            "eps": -0.15,
            "eps_growth_year": -408.04,
            "eps_4q": -0.38,
            "eps_4q_growth_year": null,
            "roe": -1.42,
            "roe_4q": -3.45,
            "gross_profit": 8304,
            "gross_margin": 9.71,
            "gross_margin_4q_avg": 11.28,
            "net_income": -7805,
            "net_income_4q": null,
            "revenue": 85553,
            "revenue_4q": null,
            "common_shares": 521758,
            "book_valuer_per_share": 10.71,
            "book_valuer_per_share_4q_avg": 10.95,
            "equity": 542808,
            "current_ratio": 260.8,
            "debt_ratio": 38.22,
            "inventory_turnover_ratio": 0.73,
            "account_receivable_turnover_ratio": 0.5,
            "reinvestment_rate": null,
            "research_to_sale_ratio": 1.28,
            "price_fair": 11.2,
            "eps_avg_yearly": 0.32,
            "eps_latest_yearly": 0.2,
            "eps_growth_yearly": 111.43
        },
        "20104": {
            "year_quarter": 20104,
            "year": 2010,
            "quarter": 4,
            "eps": 1.06,
            "eps_growth_year": null,
            "eps_4q": 0.75,
            "eps_4q_growth_year": null,
            "roe": 9.71,
            "roe_4q": 6.870000000000001,
            "gross_profit": 12344,
            "gross_margin": 11.4,
            "gross_margin_4q_avg": 11.98,
            "net_income": 53925,
            "net_income_4q": null,
            "revenue": 108285,
            "revenue_4q": null,
            "common_shares": 521758,
            "book_valuer_per_share": 11.21,
            "book_valuer_per_share_4q_avg": 10.99,
            "equity": 568223,
            "current_ratio": 586.23,
            "debt_ratio": 21.12,
            "inventory_turnover_ratio": 0.86,
            "account_receivable_turnover_ratio": 0.67,
            "reinvestment_rate": null,
            "research_to_sale_ratio": 1.27,
            "price_fair": 11.2,
            "eps_avg_yearly": 0.32,
            "eps_latest_yearly": 0.2,
            "eps_growth_yearly": 111.43
        },
        "20111": {
            "year_quarter": 20111,
            "year": 2011,
            "quarter": 1,
            "eps": -0.16,
            "eps_growth_year": -1700,
            "eps_4q": 0.56,
            "eps_4q_growth_year": 323,
            "roe": -1.45,
            "roe_4q": 5.310000000000001,
            "gross_profit": 6288,
            "gross_margin": 5.6,
            "gross_margin_4q_avg": 9.9,
            "net_income": -8352,
            "net_income_4q": null,
            "revenue": 112226,
            "revenue_4q": null,
            "common_shares": 521758,
            "book_valuer_per_share": 11.2,
            "book_valuer_per_share_4q_avg": 11.03,
            "equity": 584126,
            "current_ratio": 589.81,
            "debt_ratio": 20.98,
            "inventory_turnover_ratio": 1.19,
            "account_receivable_turnover_ratio": 0.62,
            "reinvestment_rate": null,
            "research_to_sale_ratio": 1.23,
            "price_fair": 11.2,
            "eps_avg_yearly": 0.32,
            "eps_latest_yearly": 0.2,
            "eps_growth_yearly": 111.43
        },
        "20112": {
            "year_quarter": 20112,
            "year": 2011,
            "quarter": 2,
            "eps": 0.05,
            "eps_growth_year": null,
            "eps_4q": 0.77,
            "eps_4q_growth_year": null,
            "roe": 0.42,
            "roe_4q": 7.260000000000002,
            "gross_profit": 12746,
            "gross_margin": 10.13,
            "gross_margin_4q_avg": 9.21,
            "net_income": 2423,
            "net_income_4q": null,
            "revenue": 125845,
            "revenue_4q": null,
            "common_shares": 521758,
            "book_valuer_per_share": 10.85,
            "book_valuer_per_share_4q_avg": 10.99,
            "equity": 565930,
            "current_ratio": 452.5,
            "debt_ratio": 25.19,
            "inventory_turnover_ratio": 1.41,
            "account_receivable_turnover_ratio": 0.61,
            "reinvestment_rate": null,
            "research_to_sale_ratio": 0.99,
            "price_fair": 11.2,
            "eps_avg_yearly": 0.32,
            "eps_latest_yearly": 0.2,
            "eps_growth_yearly": 111.43
        },
        "20113": {
            "year_quarter": 20113,
            "year": 2011,
            "quarter": 3,
            "eps": -0.49,
            "eps_growth_year": null,
            "eps_4q": 0.43,
            "eps_4q_growth_year": null,
            "roe": -4.53,
            "roe_4q": 4.15,
            "gross_profit": 441,
            "gross_margin": 0.53,
            "gross_margin_4q_avg": 6.92,
            "net_income": -25734,
            "net_income_4q": null,
            "revenue": 82578,
            "revenue_4q": null,
            "common_shares": 521758,
            "book_valuer_per_share": 10.95,
            "book_valuer_per_share_4q_avg": 11.05,
            "equity": 571400,
            "current_ratio": 435.19,
            "debt_ratio": 26.05,
            "inventory_turnover_ratio": 0.82,
            "account_receivable_turnover_ratio": 0.44,
            "reinvestment_rate": null,
            "research_to_sale_ratio": 1.47,
            "price_fair": 11.2,
            "eps_avg_yearly": 0.32,
            "eps_latest_yearly": 0.2,
            "eps_growth_yearly": 111.43
        },
        "20114": {
            "year_quarter": 20114,
            "year": 2011,
            "quarter": 4,
            "eps": -0.16,
            "eps_growth_year": -115.38,
            "eps_4q": -0.77,
            "eps_4q_growth_year": -202.35,
            "roe": -1.51,
            "roe_4q": -7.07,
            "gross_profit": 2607,
            "gross_margin": 2.98,
            "gross_margin_4q_avg": 4.81,
            "net_income": -8537,
            "net_income_4q": null,
            "revenue": 87509,
            "revenue_4q": null,
            "common_shares": 521758,
            "book_valuer_per_share": 10.79,
            "book_valuer_per_share_4q_avg": 10.95,
            "equity": 562786,
            "current_ratio": 531.27,
            "debt_ratio": 22.58,
            "inventory_turnover_ratio": 0.73,
            "account_receivable_turnover_ratio": 0.55,
            "reinvestment_rate": null,
            "research_to_sale_ratio": 1.06,
            "price_fair": 0.6,
            "eps_avg_yearly": 0.2,
            "eps_latest_yearly": 0.2,
            "eps_growth_yearly": -257.14
        },
        "20121": {
            "year_quarter": 20121,
            "year": 2012,
            "quarter": 1,
            "eps": 0.1,
            "eps_growth_year": null,
            "eps_4q": -0.51,
            "eps_4q_growth_year": -191.51,
            "roe": 0.92,
            "roe_4q": -4.7,
            "gross_profit": 11056,
            "gross_margin": 10.66,
            "gross_margin_4q_avg": 6.08,
            "net_income": 5126,
            "net_income_4q": null,
            "revenue": 103735,
            "revenue_4q": null,
            "common_shares": 521758,
            "book_valuer_per_share": 10.68,
            "book_valuer_per_share_4q_avg": 10.82,
            "equity": 557131,
            "current_ratio": 545.26,
            "debt_ratio": 21.99,
            "inventory_turnover_ratio": 0.95,
            "account_receivable_turnover_ratio": 0.56,
            "reinvestment_rate": null,
            "research_to_sale_ratio": 1.05,
            "price_fair": 0.6,
            "eps_avg_yearly": 0.2,
            "eps_latest_yearly": 0.2,
            "eps_growth_yearly": -257.14
        },
        "20122": {
            "year_quarter": 20122,
            "year": 2012,
            "quarter": 2,
            "eps": 0.52,
            "eps_growth_year": 1020.76,
            "eps_4q": -0.04,
            "eps_4q_growth_year": -104.95,
            "roe": 4.9,
            "roe_4q": -0.21999999999999975,
            "gross_profit": 10514,
            "gross_margin": 11.21,
            "gross_margin_4q_avg": 6.35,
            "net_income": 27156,
            "net_income_4q": null,
            "revenue": 93832,
            "revenue_4q": null,
            "common_shares": 521758,
            "book_valuer_per_share": 10.54,
            "book_valuer_per_share_4q_avg": 10.74,
            "equity": 550167,
            "current_ratio": 499.29,
            "debt_ratio": 23.47,
            "inventory_turnover_ratio": 0.96,
            "account_receivable_turnover_ratio": 0.45,
            "reinvestment_rate": null,
            "research_to_sale_ratio": 1.03,
            "price_fair": 39.9,
            "eps_avg_yearly": 1.14,
            "eps_latest_yearly": 2.08,
            "eps_growth_yearly": 711.43
        },
        "20123": {
            "year_quarter": 20123,
            "year": 2012,
            "quarter": 3,
            "eps": -0.06,
            "eps_growth_year": null,
            "eps_4q": 0.39,
            "eps_4q_growth_year": -8.23,
            "roe": -0.61,
            "roe_4q": 3.7,
            "gross_profit": 9686,
            "gross_margin": 10.23,
            "gross_margin_4q_avg": 8.77,
            "net_income": -3316,
            "net_income_4q": null,
            "revenue": 94688,
            "revenue_4q": null,
            "common_shares": 521758,
            "book_valuer_per_share": 10.41,
            "book_valuer_per_share_4q_avg": 10.61,
            "equity": 543099,
            "current_ratio": 459.78,
            "debt_ratio": 24.86,
            "inventory_turnover_ratio": 1.11,
            "account_receivable_turnover_ratio": 0.5,
            "reinvestment_rate": null,
            "research_to_sale_ratio": 1.25,
            "price_fair": 39.9,
            "eps_avg_yearly": 1.14,
            "eps_latest_yearly": 2.08,
            "eps_growth_yearly": 711.43
        },
        "20124": {
            "year_quarter": 20124,
            "year": 2012,
            "quarter": 4,
            "eps": 0.31,
            "eps_growth_year": null,
            "eps_4q": 0.86,
            "eps_4q_growth_year": null,
            "roe": 2.9,
            "roe_4q": 8.110000000000001,
            "gross_profit": 11440,
            "gross_margin": 12.53,
            "gross_margin_4q_avg": 11.16,
            "net_income": 16048,
            "net_income_4q": null,
            "revenue": 91325,
            "revenue_4q": null,
            "common_shares": 521758,
            "book_valuer_per_share": 10.8,
            "book_valuer_per_share_4q_avg": 10.61,
            "equity": 563317,
            "current_ratio": 551.05,
            "debt_ratio": 17.73,
            "inventory_turnover_ratio": 1.25,
            "account_receivable_turnover_ratio": 0.47,
            "reinvestment_rate": 272.04,
            "research_to_sale_ratio": 0.97,
            "price_fair": 39.9,
            "eps_avg_yearly": 1.14,
            "eps_latest_yearly": 2.08,
            "eps_growth_yearly": 711.43
        },
        "20131": {
            "year_quarter": 20131,
            "year": 2013,
            "quarter": 1,
            "eps": -0.06,
            "eps_growth_year": -160,
            "eps_4q": 0.7,
            "eps_4q_growth_year": null,
            "roe": -0.56,
            "roe_4q": 6.630000000000001,
            "gross_profit": 8229,
            "gross_margin": 11.57,
            "gross_margin_4q_avg": 11.39,
            "net_income": -3130,
            "net_income_4q": null,
            "revenue": 71102,
            "revenue_4q": null,
            "common_shares": 521758,
            "book_valuer_per_share": 10.69,
            "book_valuer_per_share_4q_avg": 10.61,
            "equity": 557622,
            "current_ratio": 354.61,
            "debt_ratio": 20.53,
            "inventory_turnover_ratio": 0.89,
            "account_receivable_turnover_ratio": 0.4,
            "reinvestment_rate": -114.99,
            "research_to_sale_ratio": 1.62,
            "price_fair": 39.9,
            "eps_avg_yearly": 1.14,
            "eps_latest_yearly": 2.08,
            "eps_growth_yearly": 711.43
        },
        "20132": {
            "year_quarter": 20132,
            "year": 2013,
            "quarter": 2,
            "eps": -0.16,
            "eps_growth_year": -130.74,
            "eps_4q": 0.02,
            "eps_4q_growth_year": null,
            "roe": -1.56,
            "roe_4q": 0.16999999999999982,
            "gross_profit": 10605,
            "gross_margin": 13.05,
            "gross_margin_4q_avg": 11.85,
            "net_income": -8532,
            "net_income_4q": null,
            "revenue": 81286,
            "revenue_4q": null,
            "common_shares": 521758,
            "book_valuer_per_share": 10.28,
            "book_valuer_per_share_4q_avg": 10.55,
            "equity": 536207,
            "current_ratio": 308.29,
            "debt_ratio": 22.12,
            "inventory_turnover_ratio": 1.05,
            "account_receivable_turnover_ratio": 0.56,
            "reinvestment_rate": 559.63,
            "research_to_sale_ratio": 2.33,
            "price_fair": 39.9,
            "eps_avg_yearly": 1.14,
            "eps_latest_yearly": 2.08,
            "eps_growth_yearly": 711.43
        },
        "20133": {
            "year_quarter": 20133,
            "year": 2013,
            "quarter": 3,
            "eps": -0.18,
            "eps_growth_year": null,
            "eps_4q": -0.09,
            "eps_4q_growth_year": -122.17,
            "roe": -1.57,
            "roe_4q": -0.79,
            "gross_profit": 9510,
            "gross_margin": 11.25,
            "gross_margin_4q_avg": 12.1,
            "net_income": -9148,
            "net_income_4q": null,
            "revenue": 84558,
            "revenue_4q": null,
            "common_shares": 548684,
            "book_valuer_per_share": 11.42,
            "book_valuer_per_share_4q_avg": 10.8,
            "equity": 626472,
            "current_ratio": 770.1,
            "debt_ratio": 35.14,
            "inventory_turnover_ratio": 1.43,
            "account_receivable_turnover_ratio": 0.55,
            "reinvestment_rate": 8.98,
            "research_to_sale_ratio": 0.78,
            "price_fair": 72.8,
            "eps_avg_yearly": 2.08,
            "eps_latest_yearly": 2.08,
            "eps_growth_yearly": 1680
        },
        "20134": {
            "year_quarter": 20134,
            "year": 2013,
            "quarter": 4,
            "eps": -0.76,
            "eps_growth_year": -346.75,
            "eps_4q": -1.11,
            "eps_4q_growth_year": -228.64,
            "roe": -6.73,
            "roe_4q": -10.420000000000002,
            "gross_profit": 2193,
            "gross_margin": 3.13,
            "gross_margin_4q_avg": 9.75,
            "net_income": -45186,
            "net_income_4q": null,
            "revenue": 70067,
            "revenue_4q": null,
            "common_shares": 592906,
            "book_valuer_per_share": 11.57,
            "book_valuer_per_share_4q_avg": 10.99,
            "equity": 715962,
            "current_ratio": 449.3,
            "debt_ratio": 30.31,
            "inventory_turnover_ratio": 1.46,
            "account_receivable_turnover_ratio": 0.46,
            "reinvestment_rate": null,
            "research_to_sale_ratio": 0.84,
            "price_fair": 72.8,
            "eps_avg_yearly": 2.08,
            "eps_latest_yearly": 2.08,
            "eps_growth_yearly": 1680
        },
        "20141": {
            "year_quarter": 20141,
            "year": 2014,
            "quarter": 1,
            "eps": -0.27,
            "eps_growth_year": null,
            "eps_4q": -1.16,
            "eps_4q_growth_year": -264.05,
            "roe": -1.88,
            "roe_4q": -11.74,
            "gross_profit": 5395,
            "gross_margin": 7.09,
            "gross_margin_4q_avg": 8.63,
            "net_income": -16577,
            "net_income_4q": null,
            "revenue": 76137,
            "revenue_4q": null,
            "common_shares": 686596,
            "book_valuer_per_share": 14.88,
            "book_valuer_per_share_4q_avg": 12.04,
            "equity": 1051395,
            "current_ratio": 439.07,
            "debt_ratio": 17.4,
            "inventory_turnover_ratio": 1.53,
            "account_receivable_turnover_ratio": 0.49,
            "reinvestment_rate": null,
            "research_to_sale_ratio": 0.87,
            "price_fair": 72.8,
            "eps_avg_yearly": 2.08,
            "eps_latest_yearly": 2.08,
            "eps_growth_yearly": 1680
        },
        "20142": {
            "year_quarter": 20142,
            "year": 2014,
            "quarter": 2,
            "eps": -0.34,
            "eps_growth_year": null,
            "eps_4q": -1.34,
            "eps_4q_growth_year": -6641.15,
            "roe": -2.16,
            "roe_4q": -12.34,
            "gross_profit": 16080,
            "gross_margin": 8.41,
            "gross_margin_4q_avg": 7.47,
            "net_income": -22601,
            "net_income_4q": null,
            "revenue": 191256,
            "revenue_4q": null,
            "common_shares": 686596,
            "book_valuer_per_share": 14.56,
            "book_valuer_per_share_4q_avg": 13.11,
            "equity": 1038282,
            "current_ratio": 280.33,
            "debt_ratio": 23.72,
            "inventory_turnover_ratio": 3.16,
            "account_receivable_turnover_ratio": 0.8,
            "reinvestment_rate": null,
            "research_to_sale_ratio": 0.32,
            "price_fair": 72.8,
            "eps_avg_yearly": 2.08,
            "eps_latest_yearly": 2.08,
            "eps_growth_yearly": 1680
        },
        "20143": {
            "year_quarter": 20143,
            "year": 2014,
            "quarter": 3,
            "eps": -0.43,
            "eps_growth_year": null,
            "eps_4q": -1.63,
            "eps_4q_growth_year": null,
            "roe": -2.89,
            "roe_4q": -13.66,
            "gross_profit": 1702,
            "gross_margin": 1.32,
            "gross_margin_4q_avg": 4.99,
            "net_income": -29741,
            "net_income_4q": null,
            "revenue": 128477,
            "revenue_4q": null,
            "common_shares": 693305,
            "book_valuer_per_share": 14.3,
            "book_valuer_per_share_4q_avg": 13.83,
            "equity": 1020195,
            "current_ratio": 323.58,
            "debt_ratio": 20.09,
            "inventory_turnover_ratio": 1.83,
            "account_receivable_turnover_ratio": 0.43,
            "reinvestment_rate": null,
            "research_to_sale_ratio": 0.6,
            "price_fair": 72.8,
            "eps_avg_yearly": 2.08,
            "eps_latest_yearly": 2.08,
            "eps_growth_yearly": 1680
        },
        "20144": {
            "year_quarter": 20144,
            "year": 2014,
            "quarter": 4,
            "eps": -0.99,
            "eps_growth_year": null,
            "eps_4q": -1.96,
            "eps_4q_growth_year": null,
            "roe": -7.23,
            "roe_4q": -14.16,
            "gross_profit": -14059,
            "gross_margin": -10.53,
            "gross_margin_4q_avg": 1.57,
            "net_income": -72085,
            "net_income_4q": null,
            "revenue": 133542,
            "revenue_4q": null,
            "common_shares": 693305,
            "book_valuer_per_share": 13.69,
            "book_valuer_per_share_4q_avg": 14.36,
            "equity": 975141,
            "current_ratio": 292.83,
            "debt_ratio": 18.47,
            "inventory_turnover_ratio": 1.91,
            "account_receivable_turnover_ratio": 0.49,
            "reinvestment_rate": null,
            "research_to_sale_ratio": 0.48,
            "price_fair": 72.8,
            "eps_avg_yearly": 2.08,
            "eps_latest_yearly": 2.08,
            "eps_growth_yearly": 1680
        },
        "20151": {
            "year_quarter": 20151,
            "year": 2015,
            "quarter": 1,
            "eps": -0.29,
            "eps_growth_year": null,
            "eps_4q": -2.02,
            "eps_4q_growth_year": null,
            "roe": -2.18,
            "roe_4q": -14.46,
            "gross_profit": 1603,
            "gross_margin": 1.44,
            "gross_margin_4q_avg": 0.16,
            "net_income": -20871,
            "net_income_4q": null,
            "revenue": 111026,
            "revenue_4q": null,
            "common_shares": 693305,
            "book_valuer_per_share": 13.24,
            "book_valuer_per_share_4q_avg": 13.95,
            "equity": 943098,
            "current_ratio": 267.26,
            "debt_ratio": 19.22,
            "inventory_turnover_ratio": 1.26,
            "account_receivable_turnover_ratio": 0.43,
            "reinvestment_rate": null,
            "research_to_sale_ratio": 0.93,
            "price_fair": 72.8,
            "eps_avg_yearly": 2.08,
            "eps_latest_yearly": 2.08,
            "eps_growth_yearly": 1680
        },
        "20152": {
            "year_quarter": 20152,
            "year": 2015,
            "quarter": 2,
            "eps": -1.16,
            "eps_growth_year": null,
            "eps_4q": -2.86,
            "eps_4q_growth_year": null,
            "roe": -9.66,
            "roe_4q": -21.96,
            "gross_profit": -16860,
            "gross_margin": -27.52,
            "gross_margin_4q_avg": -8.82,
            "net_income": -86629,
            "net_income_4q": null,
            "revenue": 61269,
            "revenue_4q": null,
            "common_shares": 693305,
            "book_valuer_per_share": 11.99,
            "book_valuer_per_share_4q_avg": 13.31,
            "equity": 850484,
            "current_ratio": 250.64,
            "debt_ratio": 18.01,
            "inventory_turnover_ratio": 0.97,
            "account_receivable_turnover_ratio": 0.33,
            "reinvestment_rate": null,
            "research_to_sale_ratio": 8.25,
            "price_fair": 72.8,
            "eps_avg_yearly": 2.08,
            "eps_latest_yearly": 2.08,
            "eps_growth_yearly": 1680
        },
        "20153": {
            "year_quarter": 20153,
            "year": 2015,
            "quarter": 3,
            "eps": -0.98,
            "eps_growth_year": null,
            "eps_4q": -3.23,
            "eps_4q_growth_year": null,
            "roe": -8.47,
            "roe_4q": -27.540000000000003,
            "gross_profit": -2370,
            "gross_margin": -4.49,
            "gross_margin_4q_avg": -10.28,
            "net_income": -73641,
            "net_income_4q": null,
            "revenue": 52798,
            "revenue_4q": null,
            "common_shares": 738905,
            "book_valuer_per_share": 11.82,
            "book_valuer_per_share_4q_avg": 12.69,
            "equity": 888664,
            "current_ratio": 230.21,
            "debt_ratio": 19.51,
            "inventory_turnover_ratio": 0.75,
            "account_receivable_turnover_ratio": 0.41,
            "reinvestment_rate": null,
            "research_to_sale_ratio": 0.51,
            "price_fair": 72.8,
            "eps_avg_yearly": 2.08,
            "eps_latest_yearly": 2.08,
            "eps_growth_yearly": 1680
        },
        "20154": {
            "year_quarter": 20154,
            "year": 2015,
            "quarter": 4,
            "eps": -1.01,
            "eps_growth_year": null,
            "eps_4q": -3.31,
            "eps_4q_growth_year": null,
            "roe": -9.35,
            "roe_4q": -29.66,
            "gross_profit": -16412,
            "gross_margin": -19.42,
            "gross_margin_4q_avg": -12.5,
            "net_income": -78805,
            "net_income_4q": null,
            "revenue": 84514,
            "revenue_4q": null,
            "common_shares": 738905,
            "book_valuer_per_share": 10.66,
            "book_valuer_per_share_4q_avg": 11.93,
            "equity": 797502,
            "current_ratio": 431.35,
            "debt_ratio": 20.13,
            "inventory_turnover_ratio": 1.46,
            "account_receivable_turnover_ratio": 0.73,
            "reinvestment_rate": null,
            "research_to_sale_ratio": 0.13,
            "price_fair": 72.8,
            "eps_avg_yearly": 2.08,
            "eps_latest_yearly": 2.08,
            "eps_growth_yearly": 1680
        },
        "20161": {
            "year_quarter": 20161,
            "year": 2016,
            "quarter": 1,
            "eps": -0.47,
            "eps_growth_year": null,
            "eps_4q": -3.51,
            "eps_4q_growth_year": null,
            "roe": -4.71,
            "roe_4q": -32.19,
            "gross_profit": 7324,
            "gross_margin": 12.98,
            "gross_margin_4q_avg": -9.61,
            "net_income": -36686,
            "net_income_4q": null,
            "revenue": 56405,
            "revenue_4q": null,
            "common_shares": 738905,
            "book_valuer_per_share": 10.16,
            "book_valuer_per_share_4q_avg": 11.16,
            "equity": 759555,
            "current_ratio": 425.86,
            "debt_ratio": 19.74,
            "inventory_turnover_ratio": 0.77,
            "account_receivable_turnover_ratio": 0.62,
            "reinvestment_rate": null,
            "research_to_sale_ratio": 2.14,
            "price_fair": 72.8,
            "eps_avg_yearly": 2.08,
            "eps_latest_yearly": 2.08,
            "eps_growth_yearly": 1680
        },
        "20162": {
            "year_quarter": 20162,
            "year": 2016,
            "quarter": 2,
            "eps": -2.55,
            "eps_growth_year": null,
            "eps_4q": -4.96,
            "eps_4q_growth_year": null,
            "roe": -28.59,
            "roe_4q": -51.12,
            "gross_profit": -4007,
            "gross_margin": -8.38,
            "gross_margin_4q_avg": -4.83,
            "net_income": -188650,
            "net_income_4q": null,
            "revenue": 47801,
            "revenue_4q": null,
            "common_shares": 738905,
            "book_valuer_per_share": 3.93,
            "book_valuer_per_share_4q_avg": 9.14,
            "equity": 560296,
            "current_ratio": 326.11,
            "debt_ratio": 23.98,
            "inventory_turnover_ratio": 0.85,
            "account_receivable_turnover_ratio": 0.22,
            "reinvestment_rate": null,
            "research_to_sale_ratio": 0.05,
            "price_fair": 0,
            "eps_avg_yearly": 0,
            "eps_latest_yearly": 0,
            "eps_growth_yearly": 0
        },
        "20163": {
            "year_quarter": 20163,
            "year": 2016,
            "quarter": 3,
            "eps": -3.69,
            "eps_growth_year": null,
            "eps_4q": -7.72,
            "eps_4q_growth_year": null,
            "roe": -65.09,
            "roe_4q": -107.74,
            "gross_profit": 2814,
            "gross_margin": 5.36,
            "gross_margin_4q_avg": -2.37,
            "net_income": -272995,
            "net_income_4q": null,
            "revenue": 52485,
            "revenue_4q": null,
            "common_shares": 738905,
            "book_valuer_per_share": 3.48,
            "book_valuer_per_share_4q_avg": 7.06,
            "equity": 278558,
            "current_ratio": 166.68,
            "debt_ratio": 38.61,
            "inventory_turnover_ratio": 0.93,
            "account_receivable_turnover_ratio": 0.25,
            "reinvestment_rate": null,
            "research_to_sale_ratio": 0,
            "price_fair": 0,
            "eps_avg_yearly": 0,
            "eps_latest_yearly": 0,
            "eps_growth_yearly": 0
        },
        "20164": {
            "year_quarter": 20164,
            "year": 2016,
            "quarter": 4,
            "eps": -0.18,
            "eps_growth_year": null,
            "eps_4q": -5.46,
            "eps_4q_growth_year": null,
            "roe": -5.02,
            "roe_4q": -103.41,
            "gross_profit": 8624,
            "gross_margin": 14.37,
            "gross_margin_4q_avg": 6.08,
            "net_income": -17822,
            "net_income_4q": null,
            "revenue": 60005,
            "revenue_4q": null,
            "common_shares": 938905,
            "book_valuer_per_share": 4.53,
            "book_valuer_per_share_4q_avg": 5.53,
            "equity": 431069,
            "current_ratio": 91.45,
            "debt_ratio": 52.31,
            "inventory_turnover_ratio": 1,
            "account_receivable_turnover_ratio": 0.68,
            "reinvestment_rate": null,
            "research_to_sale_ratio": -0.05,
            "price_fair": 0,
            "eps_avg_yearly": 0,
            "eps_latest_yearly": 0,
            "eps_growth_yearly": 0
        },
        "20171": {
            "year_quarter": 20171,
            "year": 2017,
            "quarter": 1,
            "eps": -0.12,
            "eps_growth_year": null,
            "eps_4q": -5.2,
            "eps_4q_growth_year": null,
            "roe": -2.67,
            "roe_4q": -101.37,
            "gross_profit": 4492,
            "gross_margin": 9.33,
            "gross_margin_4q_avg": 5.17,
            "net_income": -11189,
            "net_income_4q": null,
            "revenue": 48171,
            "revenue_4q": null,
            "common_shares": 938905,
            "book_valuer_per_share": 4.28,
            "book_valuer_per_share_4q_avg": 4.06,
            "equity": 407752,
            "current_ratio": 73.58,
            "debt_ratio": 55.67,
            "inventory_turnover_ratio": 0.83,
            "account_receivable_turnover_ratio": 0.53,
            "reinvestment_rate": null,
            "research_to_sale_ratio": 0,
            "price_fair": 0,
            "eps_avg_yearly": 0,
            "eps_latest_yearly": 0,
            "eps_growth_yearly": 0
        },
        "20172": {
            "year_quarter": 20172,
            "year": 2017,
            "quarter": 2,
            "eps": -1.22,
            "eps_growth_year": null,
            "eps_4q": -4.42,
            "eps_4q_growth_year": null,
            "roe": -32.84,
            "roe_4q": -105.62,
            "gross_profit": -21511,
            "gross_margin": -40.05,
            "gross_margin_4q_avg": -2.75,
            "net_income": -115662,
            "net_income_4q": null,
            "revenue": 53715,
            "revenue_4q": null,
            "common_shares": 938905,
            "book_valuer_per_share": 3.11,
            "book_valuer_per_share_4q_avg": 3.85,
            "equity": 296627,
            "current_ratio": 82.05,
            "debt_ratio": 63.34,
            "inventory_turnover_ratio": 2,
            "account_receivable_turnover_ratio": 0.65,
            "reinvestment_rate": null,
            "research_to_sale_ratio": 0,
            "price_fair": 0,
            "eps_avg_yearly": 0,
            "eps_latest_yearly": 0,
            "eps_growth_yearly": 0
        },
        "20173": {
            "year_quarter": 20173,
            "year": 2017,
            "quarter": 3,
            "eps": -0.06,
            "eps_growth_year": null,
            "eps_4q": -1.58,
            "eps_4q_growth_year": null,
            "roe": -2.32,
            "roe_4q": -42.85000000000001,
            "gross_profit": 20840,
            "gross_margin": 31.08,
            "gross_margin_4q_avg": 3.68,
            "net_income": -6834,
            "net_income_4q": null,
            "revenue": 67047,
            "revenue_4q": null,
            "common_shares": 938905,
            "book_valuer_per_share": 3.09,
            "book_valuer_per_share_4q_avg": 3.75,
            "equity": 293415,
            "current_ratio": 73.04,
            "debt_ratio": 62.75,
            "inventory_turnover_ratio": 2.17,
            "account_receivable_turnover_ratio": 0.81,
            "reinvestment_rate": null,
            "research_to_sale_ratio": 0,
            "price_fair": 0,
            "eps_avg_yearly": 0,
            "eps_latest_yearly": 0,
            "eps_growth_yearly": 0
        },
        "20174": {
            "year_quarter": 20174,
            "year": 2017,
            "quarter": 4,
            "eps": 0.05,
            "eps_growth_year": null,
            "eps_4q": -3.22,
            "eps_4q_growth_year": null,
            "roe": 0.7,
            "roe_4q": -37.13,
            "gross_profit": 8640,
            "gross_margin": 15.8,
            "gross_margin_4q_avg": 4.04,
            "net_income": 2060,
            "net_income_4q": null,
            "revenue": 54669,
            "revenue_4q": null,
            "common_shares": 401133,
            "book_valuer_per_share": 7.3,
            "book_valuer_per_share_4q_avg": 4.45,
            "equity": 296303,
            "current_ratio": 118.75,
            "debt_ratio": 60.97,
            "inventory_turnover_ratio": 2.38,
            "account_receivable_turnover_ratio": 0.69,
            "reinvestment_rate": null,
            "research_to_sale_ratio": 0,
            "price_fair": 0,
            "eps_avg_yearly": 0,
            "eps_latest_yearly": 0,
            "eps_growth_yearly": 0
        },
        "20181": {
            "year_quarter": 20181,
            "year": 2018,
            "quarter": 1,
            "eps": 0.08,
            "eps_growth_year": null,
            "eps_4q": -1.91,
            "eps_4q_growth_year": null,
            "roe": 0.81,
            "roe_4q": -33.650000000000006,
            "gross_profit": 9292,
            "gross_margin": 18.19,
            "gross_margin_4q_avg": 6.26,
            "net_income": 3267,
            "net_income_4q": null,
            "revenue": 51081,
            "revenue_4q": null,
            "common_shares": 601133,
            "book_valuer_per_share": 8.49,
            "book_valuer_per_share_4q_avg": 5.5,
            "equity": 514108,
            "current_ratio": 322.15,
            "debt_ratio": 39.61,
            "inventory_turnover_ratio": 1.87,
            "account_receivable_turnover_ratio": 0.65,
            "reinvestment_rate": null,
            "research_to_sale_ratio": 0,
            "price_fair": 11.2,
            "eps_avg_yearly": 0.32,
            "eps_latest_yearly": 0.32,
            "eps_growth_yearly": 240
        },
        "20182": {
            "year_quarter": 20182,
            "year": 2018,
            "quarter": 2,
            "eps": 0.08,
            "eps_growth_year": null,
            "eps_4q": 0.08,
            "eps_4q_growth_year": null,
            "roe": 0.88,
            "roe_4q": 0.06999999999999984,
            "gross_profit": 15744,
            "gross_margin": 21.32,
            "gross_margin_4q_avg": 21.6,
            "net_income": 4599,
            "net_income_4q": null,
            "revenue": 73831,
            "revenue_4q": null,
            "common_shares": 601133,
            "book_valuer_per_share": 8.53,
            "book_valuer_per_share_4q_avg": 6.85,
            "equity": 527401,
            "current_ratio": 277.78,
            "debt_ratio": 34.9,
            "inventory_turnover_ratio": 2.8,
            "account_receivable_turnover_ratio": 0.96,
            "reinvestment_rate": null,
            "research_to_sale_ratio": 0.42,
            "price_fair": 11.2,
            "eps_avg_yearly": 0.32,
            "eps_latest_yearly": 0.32,
            "eps_growth_yearly": 120
        },
        "20183": {
            "year_quarter": 20183,
            "year": 2018,
            "quarter": 3,
            "eps": 0.06,
            "eps_growth_year": null,
            "eps_4q": 0.23,
            "eps_4q_growth_year": null,
            "roe": 0.7,
            "roe_4q": 3.09,
            "gross_profit": 16063,
            "gross_margin": 21.81,
            "gross_margin_4q_avg": 19.28,
            "net_income": 3674,
            "net_income_4q": null,
            "revenue": 73650,
            "revenue_4q": null,
            "common_shares": 601133,
            "book_valuer_per_share": 8.44,
            "book_valuer_per_share_4q_avg": 8.19,
            "equity": 522344,
            "current_ratio": 281.82,
            "debt_ratio": 34.58,
            "inventory_turnover_ratio": 2.73,
            "account_receivable_turnover_ratio": 0.9,
            "reinvestment_rate": null,
            "research_to_sale_ratio": 0.44,
            "price_fair": 10.27,
            "eps_avg_yearly": 0.29,
            "eps_latest_yearly": 0.24,
            "eps_growth_yearly": 46.67
        },
        "20184": {
            "year_quarter": 20184,
            "year": 2018,
            "quarter": 4,
            "eps": 0.03,
            "eps_growth_year": -48.89,
            "eps_4q": 0.22,
            "eps_4q_growth_year": null,
            "roe": 0.41,
            "roe_4q": 2.8,
            "gross_profit": 10432,
            "gross_margin": 15.69,
            "gross_margin_4q_avg": 19.25,
            "net_income": 2159,
            "net_income_4q": null,
            "revenue": 66506,
            "revenue_4q": null,
            "common_shares": 601133,
            "book_valuer_per_share": 8.5,
            "book_valuer_per_share_4q_avg": 8.49,
            "equity": 526566,
            "current_ratio": 259.82,
            "debt_ratio": 33.2,
            "inventory_turnover_ratio": 1.84,
            "account_receivable_turnover_ratio": 0.76,
            "reinvestment_rate": null,
            "research_to_sale_ratio": 3.06,
            "price_fair": 0.75,
            "eps_avg_yearly": 0.25,
            "eps_latest_yearly": 0.12,
            "eps_growth_yearly": -15
        },
        "20191": {
            "year_quarter": 20191,
            "year": 2019,
            "quarter": 1,
            "eps": 0,
            "eps_growth_year": -100,
            "eps_4q": 0.17,
            "eps_4q_growth_year": null,
            "roe": 0.01,
            "roe_4q": 2,
            "gross_profit": 5214,
            "gross_margin": 16.78,
            "gross_margin_4q_avg": 18.9,
            "net_income": 70,
            "net_income_4q": null,
            "revenue": 31064,
            "revenue_4q": null,
            "common_shares": 601133,
            "book_valuer_per_share": 8.6,
            "book_valuer_per_share_4q_avg": 8.52,
            "equity": 521450,
            "current_ratio": 374.05,
            "debt_ratio": 31.68,
            "inventory_turnover_ratio": 0.68,
            "account_receivable_turnover_ratio": 0.4,
            "reinvestment_rate": null,
            "research_to_sale_ratio": 0.32,
            "price_fair": 0.75,
            "eps_avg_yearly": 0.25,
            "eps_latest_yearly": 0.12,
            "eps_growth_yearly": -15
        },
        "20192": {
            "year_quarter": 20192,
            "year": 2019,
            "quarter": 2,
            "eps": -0.2,
            "eps_growth_year": -350,
            "eps_4q": -0.11,
            "eps_4q_growth_year": -248.87,
            "roe": -2.42,
            "roe_4q": -1.3,
            "gross_profit": 4466,
            "gross_margin": 11.93,
            "gross_margin_4q_avg": 16.55,
            "net_income": -12434,
            "net_income_4q": null,
            "revenue": 37440,
            "revenue_4q": null,
            "common_shares": 601133,
            "book_valuer_per_share": 8.35,
            "book_valuer_per_share_4q_avg": 8.47,
            "equity": 505759,
            "current_ratio": 406.1,
            "debt_ratio": 32.34,
            "inventory_turnover_ratio": 0.88,
            "account_receivable_turnover_ratio": 0.51,
            "reinvestment_rate": null,
            "research_to_sale_ratio": 0,
            "price_fair": 0.75,
            "eps_avg_yearly": 0.25,
            "eps_latest_yearly": 0.12,
            "eps_growth_yearly": -15
        },
        "20193": {
            "year_quarter": 20193,
            "year": 2019,
            "quarter": 3,
            "eps": 0.1,
            "eps_growth_year": 66.67,
            "eps_4q": -0.07,
            "eps_4q_growth_year": -129.99,
            "roe": 1.23,
            "roe_4q": -0.77,
            "gross_profit": 5430,
            "gross_margin": 15.08,
            "gross_margin_4q_avg": 14.87,
            "net_income": 6178,
            "net_income_4q": null,
            "revenue": 35999,
            "revenue_4q": null,
            "common_shares": 601133,
            "book_valuer_per_share": 8.3,
            "book_valuer_per_share_4q_avg": 8.44,
            "equity": 502766,
            "current_ratio": 2597.88,
            "debt_ratio": 10.78,
            "inventory_turnover_ratio": 1.08,
            "account_receivable_turnover_ratio": 0.46,
            "reinvestment_rate": null,
            "research_to_sale_ratio": 0,
            "price_fair": 0.75,
            "eps_avg_yearly": 0.25,
            "eps_latest_yearly": 0.12,
            "eps_growth_yearly": -15
        },
        "20194": {
            "year_quarter": 20194,
            "year": 2019,
            "quarter": 4,
            "eps": -0.44,
            "eps_growth_year": -1708.73,
            "eps_4q": -0.54,
            "eps_4q_growth_year": -339.54,
            "roe": -5.46,
            "roe_4q": -6.640000000000001,
            "gross_profit": -758,
            "gross_margin": -4.44,
            "gross_margin_4q_avg": 9.84,
            "net_income": -26783,
            "net_income_4q": null,
            "revenue": 17063,
            "revenue_4q": null,
            "common_shares": 601133,
            "book_valuer_per_share": 7.9,
            "book_valuer_per_share_4q_avg": 8.29,
            "equity": 478458,
            "current_ratio": 2594.5,
            "debt_ratio": 10.26,
            "inventory_turnover_ratio": 0.88,
            "account_receivable_turnover_ratio": 0.23,
            "reinvestment_rate": null,
            "research_to_sale_ratio": -0.01,
            "price_fair": 0.75,
            "eps_avg_yearly": 0.25,
            "eps_latest_yearly": 0.12,
            "eps_growth_yearly": -15
        },
        "20201": {
            "year_quarter": 20201,
            "year": 2020,
            "quarter": 1,
            "eps": -0.47,
            "eps_growth_year": null,
            "eps_4q": -1.01,
            "eps_4q_growth_year": -694.54,
            "roe": -6.19,
            "roe_4q": -12.84,
            "gross_profit": -350,
            "gross_margin": -1.81,
            "gross_margin_4q_avg": 5.19,
            "net_income": -28666,
            "net_income_4q": null,
            "revenue": 19297,
            "revenue_4q": null,
            "common_shares": 601133,
            "book_valuer_per_share": 7.4,
            "book_valuer_per_share_4q_avg": 7.99,
            "equity": 447772,
            "current_ratio": 2397.35,
            "debt_ratio": 10.96,
            "inventory_turnover_ratio": 1.18,
            "account_receivable_turnover_ratio": 0.35,
            "reinvestment_rate": null,
            "research_to_sale_ratio": 0,
            "price_fair": 0.75,
            "eps_avg_yearly": 0.25,
            "eps_latest_yearly": 0.12,
            "eps_growth_yearly": -15
        },
        "20202": {
            "year_quarter": 20202,
            "year": 2020,
            "quarter": 2,
            "eps": 0.14,
            "eps_growth_year": null,
            "eps_4q": -0.67,
            "eps_4q_growth_year": null,
            "roe": 1.92,
            "roe_4q": -8.5,
            "gross_profit": 4344,
            "gross_margin": 5.13,
            "gross_margin_4q_avg": 3.49,
            "net_income": 8648,
            "net_income_4q": null,
            "revenue": 84628,
            "revenue_4q": null,
            "common_shares": 601133,
            "book_valuer_per_share": 7.5,
            "book_valuer_per_share_4q_avg": 7.78,
            "equity": 453870,
            "current_ratio": 1158.99,
            "debt_ratio": 13.46,
            "inventory_turnover_ratio": 5.19,
            "account_receivable_turnover_ratio": 1.2,
            "reinvestment_rate": null,
            "research_to_sale_ratio": 0,
            "price_fair": 0.75,
            "eps_avg_yearly": 0.25,
            "eps_latest_yearly": 0.12,
            "eps_growth_yearly": -15
        },
        "20203": {
            "year_quarter": 20203,
            "year": 2020,
            "quarter": 3,
            "eps": -0.09,
            "eps_growth_year": -190,
            "eps_4q": -0.86,
            "eps_4q_growth_year": null,
            "roe": -1,
            "roe_4q": -10.73,
            "gross_profit": 10997,
            "gross_margin": 7.85,
            "gross_margin_4q_avg": 1.68,
            "net_income": -5241,
            "net_income_4q": null,
            "revenue": 140115,
            "revenue_4q": null,
            "common_shares": 601133,
            "book_valuer_per_share": 9.83,
            "book_valuer_per_share_4q_avg": 8.16,
            "equity": 594057,
            "current_ratio": 574.16,
            "debt_ratio": 17.04,
            "inventory_turnover_ratio": 3.61,
            "account_receivable_turnover_ratio": 1.3,
            "reinvestment_rate": null,
            "research_to_sale_ratio": 0,
            "price_fair": 0.75,
            "eps_avg_yearly": 0.25,
            "eps_latest_yearly": 0.12,
            "eps_growth_yearly": -15
        },
        "20204": {
            "year_quarter": 20204,
            "year": 2020,
            "quarter": 4,
            "eps": -0.03,
            "eps_growth_year": null,
            "eps_4q": -0.44,
            "eps_4q_growth_year": null,
            "roe": -0.3,
            "roe_4q": -5.57,
            "gross_profit": 11976,
            "gross_margin": 7.17,
            "gross_margin_4q_avg": 4.59,
            "net_income": -1669,
            "net_income_4q": null,
            "revenue": 167071,
            "revenue_4q": null,
            "common_shares": 601133,
            "book_valuer_per_share": 8.59,
            "book_valuer_per_share_4q_avg": 8.33,
            "equity": 519484,
            "current_ratio": 454.98,
            "debt_ratio": 22.02,
            "inventory_turnover_ratio": 4.63,
            "account_receivable_turnover_ratio": 1.13,
            "reinvestment_rate": null,
            "research_to_sale_ratio": 0,
            "price_fair": 0.75,
            "eps_avg_yearly": 0.25,
            "eps_latest_yearly": 0.12,
            "eps_growth_yearly": -15
        },
        "20211": {
            "year_quarter": 20211,
            "year": 2021,
            "quarter": 1,
            "eps": 0.1,
            "eps_growth_year": null,
            "eps_4q": 0.13,
            "eps_4q_growth_year": null,
            "roe": 1.15,
            "roe_4q": 1.7699999999999998,
            "gross_profit": 10419,
            "gross_margin": 15.01,
            "gross_margin_4q_avg": 8.79,
            "net_income": 5947,
            "net_income_4q": null,
            "revenue": 69428,
            "revenue_4q": null,
            "common_shares": 601133,
            "book_valuer_per_share": 8.58,
            "book_valuer_per_share_4q_avg": 8.63,
            "equity": 518597,
            "current_ratio": 580.52,
            "debt_ratio": 19.99,
            "inventory_turnover_ratio": 5.34,
            "account_receivable_turnover_ratio": 0.54,
            "reinvestment_rate": null,
            "research_to_sale_ratio": null,
            "price_fair": 0.75,
            "eps_avg_yearly": 0.25,
            "eps_latest_yearly": 0.12,
            "eps_growth_yearly": -15
        },
        "20212": {
            "year_quarter": 20212,
            "year": 2021,
            "quarter": 2,
            "eps": 0.19,
            "eps_growth_year": 35.71,
            "eps_4q": 0.17,
            "eps_4q_growth_year": null,
            "roe": 2.16,
            "roe_4q": 2.0100000000000002,
            "gross_profit": 10233,
            "gross_margin": 19.56,
            "gross_margin_4q_avg": 12.4,
            "net_income": 11114,
            "net_income_4q": null,
            "revenue": 52327,
            "revenue_4q": null,
            "common_shares": 601133,
            "book_valuer_per_share": 8.47,
            "book_valuer_per_share_4q_avg": 8.87,
            "equity": 512149,
            "current_ratio": 564.56,
            "debt_ratio": 19.46,
            "inventory_turnover_ratio": 4.36,
            "account_receivable_turnover_ratio": 0.55,
            "reinvestment_rate": null,
            "research_to_sale_ratio": null,
            "price_fair": 12.32,
            "eps_avg_yearly": 0.35,
            "eps_latest_yearly": 0.76,
            "eps_growth_yearly": 60
        },
        "20213": {
            "year_quarter": 20213,
            "year": 2021,
            "quarter": 3,
            "eps": -0.31,
            "eps_growth_year": null,
            "eps_4q": -0.05,
            "eps_4q_growth_year": null,
            "roe": -3.75,
            "roe_4q": -0.74,
            "gross_profit": 6853,
            "gross_margin": 10.97,
            "gross_margin_4q_avg": 13.18,
            "net_income": -18723,
            "net_income_4q": null,
            "revenue": 62489,
            "revenue_4q": null,
            "common_shares": 601133,
            "book_valuer_per_share": 8.02,
            "book_valuer_per_share_4q_avg": 8.42,
            "equity": 485164,
            "current_ratio": 398.06,
            "debt_ratio": 22.92,
            "inventory_turnover_ratio": 3.78,
            "account_receivable_turnover_ratio": 0.59,
            "reinvestment_rate": null,
            "research_to_sale_ratio": null,
            "price_fair": 12.32,
            "eps_avg_yearly": 0.35,
            "eps_latest_yearly": 0.76,
            "eps_growth_yearly": 60
        },
        "20214": {
            "year_quarter": 20214,
            "year": 2021,
            "quarter": 4,
            "eps": 0.66,
            "eps_growth_year": null,
            "eps_4q": 0.64,
            "eps_4q_growth_year": null,
            "roe": 6.91,
            "roe_4q": 6.470000000000001,
            "gross_profit": 59097,
            "gross_margin": 37.15,
            "gross_margin_4q_avg": 20.67,
            "net_income": 42778,
            "net_income_4q": null,
            "revenue": 159064,
            "revenue_4q": null,
            "common_shares": 651133,
            "book_valuer_per_share": 11.53,
            "book_valuer_per_share_4q_avg": 9.15,
            "equity": 753714,
            "current_ratio": 620.22,
            "debt_ratio": 17.38,
            "inventory_turnover_ratio": 3.24,
            "account_receivable_turnover_ratio": 1.03,
            "reinvestment_rate": null,
            "research_to_sale_ratio": null,
            "price_fair": 12.32,
            "eps_avg_yearly": 0.35,
            "eps_latest_yearly": 0.76,
            "eps_growth_yearly": 60
        },
        "20221": {
            "year_quarter": 20221,
            "year": 2022,
            "quarter": 1,
            "eps": -0.11,
            "eps_growth_year": -210,
            "eps_4q": 0.44,
            "eps_4q_growth_year": 232.51,
            "roe": -1.19,
            "roe_4q": 4.130000000000001,
            "gross_profit": 5902,
            "gross_margin": 11.51,
            "gross_margin_4q_avg": 19.8,
            "net_income": -9000,
            "net_income_4q": null,
            "revenue": 51273,
            "revenue_4q": null,
            "common_shares": 651133,
            "book_valuer_per_share": 11.48,
            "book_valuer_per_share_4q_avg": 9.88,
            "equity": 753676,
            "current_ratio": 610.14,
            "debt_ratio": 17.42,
            "inventory_turnover_ratio": 2.24,
            "account_receivable_turnover_ratio": 0.4,
            "reinvestment_rate": null,
            "research_to_sale_ratio": 0.48,
            "price_fair": 9,
            "eps_avg_yearly": 0.36,
            "eps_latest_yearly": 0.76,
            "eps_growth_yearly": 15
        },
        "20222": {
            "year_quarter": 20222,
            "year": 2022,
            "quarter": 2,
            "eps": -0.92,
            "eps_growth_year": -584.21,
            "eps_4q": -0.66,
            "eps_4q_growth_year": -481.1,
            "roe": -8.59,
            "roe_4q": -6.619999999999999,
            "gross_profit": 2688,
            "gross_margin": 6.77,
            "gross_margin_4q_avg": 16.6,
            "net_income": -62068,
            "net_income_4q": null,
            "revenue": 39701,
            "revenue_4q": null,
            "common_shares": 651133,
            "book_valuer_per_share": 10.53,
            "book_valuer_per_share_4q_avg": 10.39,
            "equity": 691475,
            "current_ratio": 588.59,
            "debt_ratio": 18.28,
            "inventory_turnover_ratio": null,
            "account_receivable_turnover_ratio": 1.44,
            "reinvestment_rate": null,
            "research_to_sale_ratio": 0.42,
            "price_fair": 11.2,
            "eps_avg_yearly": 0.37,
            "eps_latest_yearly": 0.76,
            "eps_growth_yearly": 20
        },
        "20223": {
            "year_quarter": 20223,
            "year": 2022,
            "quarter": 3,
            "eps": -0.96,
            "eps_growth_year": null,
            "eps_4q": -1.34,
            "eps_4q_growth_year": null,
            "roe": -9.76,
            "roe_4q": -12.630000000000003,
            "gross_profit": -10055,
            "gross_margin": -34.65,
            "gross_margin_4q_avg": 5.2,
            "net_income": -63532,
            "net_income_4q": null,
            "revenue": 29019,
            "revenue_4q": null,
            "common_shares": 651133,
            "book_valuer_per_share": 9.28,
            "book_valuer_per_share_4q_avg": 10.71,
            "equity": 610061,
            "current_ratio": 354.14,
            "debt_ratio": 21.43,
            "inventory_turnover_ratio": null,
            "account_receivable_turnover_ratio": 4,
            "reinvestment_rate": null,
            "research_to_sale_ratio": 0.46,
            "price_fair": 15.4,
            "eps_avg_yearly": 0.44,
            "eps_latest_yearly": 0.76,
            "eps_growth_yearly": 80
        },
        "20224": {
            "year_quarter": 20224,
            "year": 2022,
            "quarter": 4,
            "eps": -1.61,
            "eps_growth_year": -345.21,
            "eps_4q": -3.61,
            "eps_4q_growth_year": -664.95,
            "roe": -19.44,
            "roe_4q": -38.980000000000004,
            "gross_profit": 1198,
            "gross_margin": 9.88,
            "gross_margin_4q_avg": -1.62,
            "net_income": -108044,
            "net_income_4q": null,
            "revenue": 12122,
            "revenue_4q": null,
            "common_shares": 651133,
            "book_valuer_per_share": 7.62,
            "book_valuer_per_share_4q_avg": 9.73,
            "equity": 501482,
            "current_ratio": 622.06,
            "debt_ratio": 26.79,
            "inventory_turnover_ratio": null,
            "account_receivable_turnover_ratio": 0.71,
            "reinvestment_rate": null,
            "research_to_sale_ratio": 2.41,
            "price_fair": 26.6,
            "eps_avg_yearly": 0.76,
            "eps_latest_yearly": 0.76,
            "eps_growth_yearly": 360
        },
        "20231": {
            "year_quarter": 20231,
            "year": 2023,
            "quarter": 1,
            "eps": 0.53,
            "eps_growth_year": null,
            "eps_4q": -2.97,
            "eps_4q_growth_year": -781.82,
            "roe": 6.49,
            "roe_4q": -31.3,
            "gross_profit": 876,
            "gross_margin": 9.57,
            "gross_margin_4q_avg": -2.11,
            "net_income": 33712,
            "net_income_4q": null,
            "revenue": 9158,
            "revenue_4q": null,
            "common_shares": 651133,
            "book_valuer_per_share": 8.18,
            "book_valuer_per_share_4q_avg": 8.9,
            "equity": 536775,
            "current_ratio": 812.29,
            "debt_ratio": 23.93,
            "inventory_turnover_ratio": null,
            "account_receivable_turnover_ratio": 0.56,
            "reinvestment_rate": null,
            "research_to_sale_ratio": 20.19,
            "price_fair": 26.6,
            "eps_avg_yearly": 0.76,
            "eps_latest_yearly": 0.76,
            "eps_growth_yearly": 360
        },
        "20232": {
            "year_quarter": 20232,
            "year": 2023,
            "quarter": 2,
            "eps": 0.19,
            "eps_growth_year": null,
            "eps_4q": -1.85,
            "eps_4q_growth_year": null,
            "roe": 2.33,
            "roe_4q": -20.380000000000003,
            "gross_profit": 2364,
            "gross_margin": 12.9,
            "gross_margin_4q_avg": -0.57,
            "net_income": 12644,
            "net_income_4q": null,
            "revenue": 18329,
            "revenue_4q": null,
            "common_shares": 651133,
            "book_valuer_per_share": 8.37,
            "book_valuer_per_share_4q_avg": 8.36,
            "equity": 548965,
            "current_ratio": 560.12,
            "debt_ratio": 23.81,
            "inventory_turnover_ratio": null,
            "account_receivable_turnover_ratio": 1.46,
            "reinvestment_rate": null,
            "research_to_sale_ratio": 13.6,
            "price_fair": 26.6,
            "eps_avg_yearly": 0.76,
            "eps_latest_yearly": 0.76,
            "eps_growth_yearly": 51.7
        },
        "20233": {
            "year_quarter": 20233,
            "year": 2023,
            "quarter": 3,
            "eps": 1.13,
            "eps_growth_year": null,
            "eps_4q": 0.24,
            "eps_4q_growth_year": null,
            "roe": 12.51,
            "roe_4q": 1.889999999999997,
            "gross_profit": -1112,
            "gross_margin": -40.75,
            "gross_margin_4q_avg": -2.1,
            "net_income": 73389,
            "net_income_4q": null,
            "revenue": 2729,
            "revenue_4q": null,
            "common_shares": 651133,
            "book_valuer_per_share": 9.52,
            "book_valuer_per_share_4q_avg": 8.42,
            "equity": 624211,
            "current_ratio": 651.16,
            "debt_ratio": 21.47,
            "inventory_turnover_ratio": null,
            "account_receivable_turnover_ratio": 0.19,
            "reinvestment_rate": null,
            "research_to_sale_ratio": 62.7,
            "price_fair": 70.47,
            "eps_avg_yearly": 2.01,
            "eps_latest_yearly": 4.52,
            "eps_growth_yearly": 694.11
        }
    },
    "months": {
        "2003-09": {
            "month": "2003-09",
            "price": "20.00",
            "revenue": 52250
        },
        "2003-10": {
            "month": "2003-10",
            "price": "14.66",
            "revenue": 74634
        },
        "2003-11": {
            "month": "2003-11",
            "price": "14.45",
            "revenue": 44590
        },
        "2003-12": {
            "month": "2003-12",
            "price": "14.59",
            "revenue": 65881
        },
        "2004-01": {
            "month": "2004-01",
            "price": "14.04",
            "revenue": 32414
        },
        "2004-02": {
            "month": "2004-02",
            "price": "15.50",
            "revenue": 41941
        },
        "2004-03": {
            "month": "2004-03",
            "price": "17.12",
            "revenue": 68096
        },
        "2004-04": {
            "month": "2004-04",
            "price": "19.94",
            "revenue": 56246
        },
        "2004-05": {
            "month": "2004-05",
            "price": "18.10",
            "revenue": 59942
        },
        "2004-06": {
            "month": "2004-06",
            "price": "17.59",
            "revenue": 60030
        },
        "2004-07": {
            "month": "2004-07",
            "price": "16.95",
            "revenue": 40924
        },
        "2004-08": {
            "month": "2004-08",
            "price": "16.76",
            "revenue": 58328
        },
        "2004-09": {
            "month": "2004-09",
            "price": "15.79",
            "revenue": 34206
        },
        "2004-10": {
            "month": "2004-10",
            "price": "14.58",
            "revenue": 38376
        },
        "2004-11": {
            "month": "2004-11",
            "price": "12.30",
            "revenue": 17145
        },
        "2004-12": {
            "month": "2004-12",
            "price": "11.42",
            "revenue": 27245
        },
        "2005-01": {
            "month": "2005-01",
            "price": "10.44",
            "revenue": 23640
        },
        "2005-02": {
            "month": "2005-02",
            "price": "11.38",
            "revenue": 16185
        },
        "2005-03": {
            "month": "2005-03",
            "price": "14.51",
            "revenue": 27278
        },
        "2005-04": {
            "month": "2005-04",
            "price": "15.74",
            "revenue": 28082
        },
        "2005-05": {
            "month": "2005-05",
            "price": "14.97",
            "revenue": 34743
        },
        "2005-06": {
            "month": "2005-06",
            "price": "15.00",
            "revenue": 31649
        },
        "2005-07": {
            "month": "2005-07",
            "price": "11.43",
            "revenue": 30242
        },
        "2005-08": {
            "month": "2005-08",
            "price": "9.53",
            "revenue": 35502
        },
        "2005-09": {
            "month": "2005-09",
            "price": "7.93",
            "revenue": 44346
        },
        "2005-10": {
            "month": "2005-10",
            "price": "6.87",
            "revenue": 44710
        },
        "2005-11": {
            "month": "2005-11",
            "price": "6.36",
            "revenue": 48963
        },
        "2005-12": {
            "month": "2005-12",
            "price": "7.30",
            "revenue": 46806
        },
        "2006-01": {
            "month": "2006-01",
            "price": "7.90",
            "revenue": 34089
        },
        "2006-02": {
            "month": "2006-02",
            "price": "6.73",
            "revenue": 33823
        },
        "2006-03": {
            "month": "2006-03",
            "price": "6.11",
            "revenue": 44682
        },
        "2006-04": {
            "month": "2006-04",
            "price": "6.44",
            "revenue": 41362
        },
        "2006-05": {
            "month": "2006-05",
            "price": "6.91",
            "revenue": 35760
        },
        "2006-06": {
            "month": "2006-06",
            "price": "6.21",
            "revenue": 37846
        },
        "2006-07": {
            "month": "2006-07",
            "price": "5.73",
            "revenue": 43498
        },
        "2006-08": {
            "month": "2006-08",
            "price": "6.02",
            "revenue": 33121
        },
        "2006-09": {
            "month": "2006-09",
            "price": "6.43",
            "revenue": 34415
        },
        "2006-10": {
            "month": "2006-10",
            "price": "7.07",
            "revenue": 31184
        },
        "2006-11": {
            "month": "2006-11",
            "price": "7.28",
            "revenue": 24532
        },
        "2006-12": {
            "month": "2006-12",
            "price": "9.47",
            "revenue": 26275
        },
        "2007-01": {
            "month": "2007-01",
            "price": "9.02",
            "revenue": 33229
        },
        "2007-02": {
            "month": "2007-02",
            "price": "8.85",
            "revenue": 24632
        },
        "2007-03": {
            "month": "2007-03",
            "price": "8.67",
            "revenue": 40741
        },
        "2007-04": {
            "month": "2007-04",
            "price": "9.38",
            "revenue": 35082
        },
        "2007-05": {
            "month": "2007-05",
            "price": "8.52",
            "revenue": 34732
        },
        "2007-06": {
            "month": "2007-06",
            "price": "9.12",
            "revenue": 32798
        },
        "2007-07": {
            "month": "2007-07",
            "price": "10.42",
            "revenue": 34048
        },
        "2007-08": {
            "month": "2007-08",
            "price": "10.34",
            "revenue": 42519
        },
        "2007-09": {
            "month": "2007-09",
            "price": "9.92",
            "revenue": 43438
        },
        "2007-10": {
            "month": "2007-10",
            "price": "9.67",
            "revenue": 43141
        },
        "2007-11": {
            "month": "2007-11",
            "price": "8.08",
            "revenue": 30061
        },
        "2007-12": {
            "month": "2007-12",
            "price": "7.41",
            "revenue": 25265
        },
        "2008-01": {
            "month": "2008-01",
            "price": "7.13",
            "revenue": 30840
        },
        "2008-02": {
            "month": "2008-02",
            "price": "7.86",
            "revenue": 24262
        },
        "2008-03": {
            "month": "2008-03",
            "price": "8.78",
            "revenue": 41312
        },
        "2008-04": {
            "month": "2008-04",
            "price": "9.48",
            "revenue": 32549
        },
        "2008-05": {
            "month": "2008-05",
            "price": "10.02",
            "revenue": 36761
        },
        "2008-06": {
            "month": "2008-06",
            "price": "10.52",
            "revenue": 30301
        },
        "2008-07": {
            "month": "2008-07",
            "price": "8.18",
            "revenue": 23359
        },
        "2008-08": {
            "month": "2008-08",
            "price": "7.86",
            "revenue": 19195
        },
        "2008-09": {
            "month": "2008-09",
            "price": "6.11",
            "revenue": 21929
        },
        "2008-10": {
            "month": "2008-10",
            "price": "5.74",
            "revenue": 18816
        },
        "2008-11": {
            "month": "2008-11",
            "price": "5.41",
            "revenue": 10061
        },
        "2008-12": {
            "month": "2008-12",
            "price": "5.21",
            "revenue": 8253
        },
        "2009-01": {
            "month": "2009-01",
            "price": "5.16",
            "revenue": 10593
        },
        "2009-02": {
            "month": "2009-02",
            "price": "4.49",
            "revenue": 19056
        },
        "2009-03": {
            "month": "2009-03",
            "price": "5.39",
            "revenue": 25454
        },
        "2009-04": {
            "month": "2009-04",
            "price": "5.54",
            "revenue": 26330
        },
        "2009-05": {
            "month": "2009-05",
            "price": "5.26",
            "revenue": 22720
        },
        "2009-06": {
            "month": "2009-06",
            "price": "5.33",
            "revenue": 22557
        },
        "2009-07": {
            "month": "2009-07",
            "price": "5.40",
            "revenue": 22537
        },
        "2009-08": {
            "month": "2009-08",
            "price": "5.88",
            "revenue": 24343
        },
        "2009-09": {
            "month": "2009-09",
            "price": "6.88",
            "revenue": 31229
        },
        "2009-10": {
            "month": "2009-10",
            "price": "8.43",
            "revenue": 21740
        },
        "2009-11": {
            "month": "2009-11",
            "price": "8.16",
            "revenue": 21955
        },
        "2009-12": {
            "month": "2009-12",
            "price": "10.70",
            "revenue": 21652
        },
        "2010-01": {
            "month": "2010-01",
            "price": "11.20",
            "revenue": 29938
        },
        "2010-02": {
            "month": "2010-02",
            "price": "9.45",
            "revenue": 27128
        },
        "2010-03": {
            "month": "2010-03",
            "price": "11.09",
            "revenue": 29626
        },
        "2010-04": {
            "month": "2010-04",
            "price": "12.04",
            "revenue": 38862
        },
        "2010-05": {
            "month": "2010-05",
            "price": "13.20",
            "revenue": 38610
        },
        "2010-06": {
            "month": "2010-06",
            "price": "13.10",
            "revenue": 36129
        },
        "2010-07": {
            "month": "2010-07",
            "price": "12.13",
            "revenue": 32142
        },
        "2010-08": {
            "month": "2010-08",
            "price": "14.48",
            "revenue": 26874
        },
        "2010-09": {
            "month": "2010-09",
            "price": "12.38",
            "revenue": 23530
        },
        "2010-10": {
            "month": "2010-10",
            "price": "11.14",
            "revenue": 33665
        },
        "2010-11": {
            "month": "2010-11",
            "price": "10.03",
            "revenue": 41242
        },
        "2010-12": {
            "month": "2010-12",
            "price": "11.51",
            "revenue": 40338
        },
        "2011-01": {
            "month": "2011-01",
            "price": "11.47",
            "revenue": 33615
        },
        "2011-02": {
            "month": "2011-02",
            "price": "11.41",
            "revenue": 30216
        },
        "2011-03": {
            "month": "2011-03",
            "price": "10.96",
            "revenue": 49451
        },
        "2011-04": {
            "month": "2011-04",
            "price": "12.84",
            "revenue": 49761
        },
        "2011-05": {
            "month": "2011-05",
            "price": "13.25",
            "revenue": 41902
        },
        "2011-06": {
            "month": "2011-06",
            "price": "12.58",
            "revenue": 34702
        },
        "2011-07": {
            "month": "2011-07",
            "price": "11.15",
            "revenue": 29074
        },
        "2011-08": {
            "month": "2011-08",
            "price": "11.79",
            "revenue": 24638
        },
        "2011-09": {
            "month": "2011-09",
            "price": "12.35",
            "revenue": 28156
        },
        "2011-10": {
            "month": "2011-10",
            "price": "12.32",
            "revenue": 25993
        },
        "2011-11": {
            "month": "2011-11",
            "price": "12.13",
            "revenue": 27134
        },
        "2011-12": {
            "month": "2011-12",
            "price": "10.34",
            "revenue": 34394
        },
        "2012-01": {
            "month": "2012-01",
            "price": "9.63",
            "revenue": 27341
        },
        "2012-02": {
            "month": "2012-02",
            "price": "11.74",
            "revenue": 31459
        },
        "2012-03": {
            "month": "2012-03",
            "price": "14.86",
            "revenue": 45028
        },
        "2012-04": {
            "month": "2012-04",
            "price": "15.14",
            "revenue": 38819
        },
        "2012-05": {
            "month": "2012-05",
            "price": "13.44",
            "revenue": 31798
        },
        "2012-06": {
            "month": "2012-06",
            "price": "11.48",
            "revenue": 21558
        },
        "2012-07": {
            "month": "2012-07",
            "price": "10.79",
            "revenue": 34288
        },
        "2012-08": {
            "month": "2012-08",
            "price": "11.48",
            "revenue": 27175
        },
        "2012-09": {
            "month": "2012-09",
            "price": "11.60",
            "revenue": 32634
        },
        "2012-10": {
            "month": "2012-10",
            "price": "11.19",
            "revenue": 33687
        },
        "2012-11": {
            "month": "2012-11",
            "price": "11.12",
            "revenue": 30049
        },
        "2012-12": {
            "month": "2012-12",
            "price": "12.43",
            "revenue": 31229
        },
        "2013-01": {
            "month": "2013-01",
            "price": "17.29",
            "revenue": 31639
        },
        "2013-02": {
            "month": "2013-02",
            "price": "19.03",
            "revenue": 14992
        },
        "2013-03": {
            "month": "2013-03",
            "price": "18.77",
            "revenue": 24718
        },
        "2013-04": {
            "month": "2013-04",
            "price": "18.70",
            "revenue": 27684
        },
        "2013-05": {
            "month": "2013-05",
            "price": "23.42",
            "revenue": 28145
        },
        "2013-06": {
            "month": "2013-06",
            "price": "23.24",
            "revenue": 24472
        },
        "2013-07": {
            "month": "2013-07",
            "price": "24.55",
            "revenue": 32374
        },
        "2013-08": {
            "month": "2013-08",
            "price": "33.55",
            "revenue": 26459
        },
        "2013-09": {
            "month": "2013-09",
            "price": "37.06",
            "revenue": 26515
        },
        "2013-10": {
            "month": "2013-10",
            "price": "40.21",
            "revenue": 24783
        },
        "2013-11": {
            "month": "2013-11",
            "price": "38.68",
            "revenue": 25846
        },
        "2013-12": {
            "month": "2013-12",
            "price": "37.41",
            "revenue": 23445
        },
        "2014-01": {
            "month": "2014-01",
            "price": "40.33",
            "revenue": 18019
        },
        "2014-02": {
            "month": "2014-02",
            "price": "45.50",
            "revenue": 29916
        },
        "2014-03": {
            "month": "2014-03",
            "price": "54.15",
            "revenue": 28057
        },
        "2014-04": {
            "month": "2014-04",
            "price": "53.22",
            "revenue": 78482
        },
        "2014-05": {
            "month": "2014-05",
            "price": "51.21",
            "revenue": 61031
        },
        "2014-06": {
            "month": "2014-06",
            "price": "60.46",
            "revenue": 50717
        },
        "2014-07": {
            "month": "2014-07",
            "price": "71.97",
            "revenue": 43668
        },
        "2014-08": {
            "month": "2014-08",
            "price": "61.40",
            "revenue": 36571
        },
        "2014-09": {
            "month": "2014-09",
            "price": "49.86",
            "revenue": 48072
        },
        "2014-10": {
            "month": "2014-10",
            "price": "46.32",
            "revenue": 46785
        },
        "2014-11": {
            "month": "2014-11",
            "price": "39.40",
            "revenue": 45558
        },
        "2014-12": {
            "month": "2014-12",
            "price": "47.04",
            "revenue": 42830
        },
        "2015-01": {
            "month": "2015-01",
            "price": "40.85",
            "revenue": 34547
        },
        "2015-02": {
            "month": "2015-02",
            "price": "40.22",
            "revenue": 26521
        },
        "2015-03": {
            "month": "2015-03",
            "price": "38.85",
            "revenue": 50952
        },
        "2015-04": {
            "month": "2015-04",
            "price": "23.17",
            "revenue": 27263
        },
        "2015-05": {
            "month": "2015-05",
            "price": "20.46",
            "revenue": 17536
        },
        "2015-06": {
            "month": "2015-06",
            "price": "24.59",
            "revenue": 20648
        },
        "2015-07": {
            "month": "2015-07",
            "price": "26.43",
            "revenue": 16486
        },
        "2015-08": {
            "month": "2015-08",
            "price": "22.31",
            "revenue": 16279
        },
        "2015-09": {
            "month": "2015-09",
            "price": "27.07",
            "revenue": 14625
        },
        "2015-10": {
            "month": "2015-10",
            "price": "23.58",
            "revenue": 35396
        },
        "2015-11": {
            "month": "2015-11",
            "price": "21.48",
            "revenue": 23590
        },
        "2015-12": {
            "month": "2015-12",
            "price": "19.54",
            "revenue": 19142
        },
        "2016-01": {
            "month": "2016-01",
            "price": "11.23",
            "revenue": 18701
        },
        "2016-02": {
            "month": "2016-02",
            "price": "9.79",
            "revenue": 18564
        },
        "2016-03": {
            "month": "2016-03",
            "price": "8.28",
            "revenue": 18297
        },
        "2016-04": {
            "month": "2016-04",
            "price": "7.77",
            "revenue": 20196
        },
        "2016-05": {
            "month": "2016-05",
            "price": "7.25",
            "revenue": 20112
        },
        "2016-06": {
            "month": "2016-06",
            "price": "6.48",
            "revenue": 12716
        },
        "2016-07": {
            "month": "2016-07",
            "price": "6.46",
            "revenue": 19646
        },
        "2016-08": {
            "month": "2016-08",
            "price": "11.94",
            "revenue": 18739
        },
        "2016-09": {
            "month": "2016-09",
            "price": "12.01",
            "revenue": 16136
        },
        "2016-10": {
            "month": "2016-10",
            "price": "10.31",
            "revenue": 12444
        },
        "2016-11": {
            "month": "2016-11",
            "price": "11.95",
            "revenue": 16324
        },
        "2016-12": {
            "month": "2016-12",
            "price": "14.89",
            "revenue": 26625
        },
        "2017-01": {
            "month": "2017-01",
            "price": "14.09",
            "revenue": 13880
        },
        "2017-02": {
            "month": "2017-02",
            "price": "17.62",
            "revenue": 16695
        },
        "2017-03": {
            "month": "2017-03",
            "price": "16.97",
            "revenue": 17306
        },
        "2017-04": {
            "month": "2017-04",
            "price": "13.61",
            "revenue": 17754
        },
        "2017-05": {
            "month": "2017-05",
            "price": "11.67",
            "revenue": 17892
        },
        "2017-06": {
            "month": "2017-06",
            "price": "9.80",
            "revenue": 18402
        },
        "2017-07": {
            "month": "2017-07",
            "price": "8.15",
            "revenue": 20909
        },
        "2017-08": {
            "month": "2017-08",
            "price": "7.69",
            "revenue": 19601
        },
        "2017-09": {
            "month": "2017-09",
            "price": "6.88",
            "revenue": 19968
        },
        "2017-10": {
            "month": "2017-10",
            "price": "6.73",
            "revenue": 21002
        },
        "2017-11": {
            "month": "2017-11",
            "price": "5.97",
            "revenue": 19209
        },
        "2017-12": {
            "month": "2017-12",
            "price": "6.21",
            "revenue": 14175
        },
        "2018-01": {
            "month": "2018-01",
            "price": "5.83",
            "revenue": 21117
        },
        "2018-02": {
            "month": "2018-02",
            "price": "5.16",
            "revenue": 13846
        },
        "2018-03": {
            "month": "2018-03",
            "price": "16.65",
            "revenue": 16584
        },
        "2018-04": {
            "month": "2018-04",
            "price": "21.12",
            "revenue": 20405
        },
        "2018-05": {
            "month": "2018-05",
            "price": "17.85",
            "revenue": 18630
        },
        "2018-06": {
            "month": "2018-06",
            "price": "16.50",
            "revenue": 33949
        },
        "2018-07": {
            "month": "2018-07",
            "price": "17.17",
            "revenue": 21828
        },
        "2018-08": {
            "month": "2018-08",
            "price": "15.84",
            "revenue": 23506
        },
        "2018-09": {
            "month": "2018-09",
            "price": "15.14",
            "revenue": 28121
        },
        "2018-10": {
            "month": "2018-10",
            "price": "13.12",
            "revenue": 15363
        },
        "2018-11": {
            "month": "2018-11",
            "price": "11.35",
            "revenue": 17749
        },
        "2018-12": {
            "month": "2018-12",
            "price": "11.96",
            "revenue": 33947
        },
        "2019-01": {
            "month": "2019-01",
            "price": "11.08",
            "revenue": 10986
        },
        "2019-02": {
            "month": "2019-02",
            "price": "10.60",
            "revenue": 8100
        },
        "2019-03": {
            "month": "2019-03",
            "price": "14.76",
            "revenue": 10844
        },
        "2019-04": {
            "month": "2019-04",
            "price": "15.80",
            "revenue": 11146
        },
        "2019-05": {
            "month": "2019-05",
            "price": "19.04",
            "revenue": 10037
        },
        "2019-06": {
            "month": "2019-06",
            "price": "19.35",
            "revenue": 16242
        },
        "2019-07": {
            "month": "2019-07",
            "price": "18.32",
            "revenue": 19412
        },
        "2019-08": {
            "month": "2019-08",
            "price": "17.92",
            "revenue": 8788
        },
        "2019-09": {
            "month": "2019-09",
            "price": "17.73",
            "revenue": 7846
        },
        "2019-10": {
            "month": "2019-10",
            "price": "18.01",
            "revenue": 3997
        },
        "2019-11": {
            "month": "2019-11",
            "price": "17.80",
            "revenue": 5748
        },
        "2019-12": {
            "month": "2019-12",
            "price": "21.40",
            "revenue": 6962
        },
        "2020-01": {
            "month": "2020-01",
            "price": "21.42",
            "revenue": 8755
        },
        "2020-02": {
            "month": "2020-02",
            "price": "20.21",
            "revenue": 4470
        },
        "2020-03": {
            "month": "2020-03",
            "price": "18.58",
            "revenue": 6034
        },
        "2020-04": {
            "month": "2020-04",
            "price": "19.72",
            "revenue": 38003
        },
        "2020-05": {
            "month": "2020-05",
            "price": "20.29",
            "revenue": 14892
        },
        "2020-06": {
            "month": "2020-06",
            "price": "19.75",
            "revenue": 31522
        },
        "2020-07": {
            "month": "2020-07",
            "price": "24.03",
            "revenue": 42670
        },
        "2020-08": {
            "month": "2020-08",
            "price": "22.57",
            "revenue": 40378
        },
        "2020-09": {
            "month": "2020-09",
            "price": "21.97",
            "revenue": 57097
        },
        "2020-10": {
            "month": "2020-10",
            "price": "20.32",
            "revenue": 55665
        },
        "2020-11": {
            "month": "2020-11",
            "price": "20.33",
            "revenue": 55319
        },
        "2020-12": {
            "month": "2020-12",
            "price": "21.31",
            "revenue": 57266
        },
        "2021-01": {
            "month": "2021-01",
            "price": "20.07",
            "revenue": 16339
        },
        "2021-07": {
            "month": "2021-07",
            "price": "19.20",
            "revenue": 12914
        },
        "2021-08": {
            "month": "2021-08",
            "price": "25.12",
            "revenue": 27246
        },
        "2021-09": {
            "month": "2021-09",
            "price": "31.50",
            "revenue": 22410
        },
        "2021-10": {
            "month": "2021-10",
            "price": "31.68",
            "revenue": 13450
        },
        "2021-11": {
            "month": "2021-11",
            "price": "33.97",
            "revenue": 27990
        },
        "2021-12": {
            "month": "2021-12",
            "price": "41.97",
            "revenue": 198843
        },
        "2022-01": {
            "month": "2022-01",
            "price": "45.34",
            "revenue": 27318
        },
        "2022-02": {
            "month": "2022-02",
            "price": "42.31",
            "revenue": 12286
        },
        "2022-03": {
            "month": "2022-03",
            "price": "37.44",
            "revenue": 11989
        },
        "2022-04": {
            "month": "2022-04",
            "price": "34.41",
            "revenue": 16160
        },
        "2022-05": {
            "month": "2022-05",
            "price": "29.95",
            "revenue": 14659
        },
        "2022-06": {
            "month": "2022-06",
            "price": "29.33",
            "revenue": 8464
        },
        "2022-07": {
            "month": "2022-07",
            "price": "36.49",
            "revenue": 3305
        },
        "2022-08": {
            "month": "2022-08",
            "price": "32.96",
            "revenue": 2945
        },
        "2022-09": {
            "month": "2022-09",
            "price": "32.81",
            "revenue": 22868
        },
        "2022-10": {
            "month": "2022-10",
            "price": "40.15",
            "revenue": 5088
        },
        "2022-11": {
            "month": "2022-11",
            "price": "42.86",
            "revenue": 3160
        },
        "2022-12": {
            "month": "2022-12",
            "price": "54.81",
            "revenue": 3874
        },
        "2023-01": {
            "month": "2023-01",
            "price": "66.42",
            "revenue": 1233
        },
        "2023-02": {
            "month": "2023-02",
            "price": "63.76",
            "revenue": 2013
        },
        "2023-03": {
            "month": "2023-03",
            "price": "55.33",
            "revenue": 5912
        },
        "2023-04": {
            "month": "2023-04",
            "price": "58.87",
            "revenue": 5207
        },
        "2023-05": {
            "month": "2023-05",
            "price": "70.87",
            "revenue": 8923
        },
        "2023-06": {
            "month": "2023-06",
            "price": "79.38",
            "revenue": 4141
        },
        "2023-07": {
            "month": "2023-07",
            "price": "110.07",
            "revenue": 12
        }
    }
}
