{
    "summary": {
        "stock_name": "日電貿",
        "stock_id": "3090",
        "category": "電子零組件",
        "main_business": "電子零件組件及其材料之製造加工及買賣業務。<br>電腦週邊設備之製造加工買賣及軟體程式設計業務。<br>前各項有關產品之進出口貿易業務。",
        "website_url": "http://www.ndb.com.tw",
        "ceo": "于耀國",
        "pe_ratio": 9,
        "report_year_from": 2002,
        "report_year_to": 2023,
        "age": 21,
        "eps_negative_percentage": 0,
        "eps_growth_avg": {
            "last_all": 19.47,
            "last_2y": 39,
            "last_4y": 31.04,
            "last_8y": 21.7,
            "last_12y": 15.47,
            "last_16y": 9.51,
            "last_20y": null,
            "at_2006_last_3y": 59.26,
            "at_2007_last_3y": 26.88,
            "at_2008_last_3y": 5.53,
            "at_2009_last_3y": -9.88,
            "at_2010_last_3y": -11.54,
            "at_2011_last_3y": -7.74,
            "at_2012_last_3y": -6.32,
            "at_2013_last_3y": 1.45,
            "at_2014_last_3y": -0.37,
            "at_2015_last_3y": 1.17,
            "at_2016_last_3y": 11.89,
            "at_2017_last_3y": 10.03,
            "at_2018_last_3y": 36.2,
            "at_2019_last_3y": 22.78,
            "at_2020_last_3y": 22.09,
            "at_2021_last_3y": 18.93,
            "at_2022_last_3y": 13.8,
            "at_2023_last_3y": 13.8,
            "at_2006_last_all": 59.26,
            "at_2007_last_all": 41.5,
            "at_2008_last_all": 27.16,
            "at_2009_last_all": 26.89,
            "at_2010_last_all": 23.86,
            "at_2011_last_all": 19.62,
            "at_2012_last_all": 13.77,
            "at_2013_last_all": 17.64,
            "at_2014_last_all": 15.78,
            "at_2015_last_all": 13.94,
            "at_2016_last_all": 13.23,
            "at_2017_last_all": 15.61,
            "at_2018_last_all": 20.89,
            "at_2019_last_all": 16.02,
            "at_2020_last_all": 15.2,
            "at_2021_last_all": 16.31,
            "at_2022_last_all": 19.47,
            "at_2023_last_all": 19.47
        },
        "latest_eps": 6.35,
        "latest_price": 58.5,
        "latest_roe": 23.08,
        "latest_gross_margin": 15.42,
        "latest_equity": 6851906,
        "latest_revenue": 2560915,
        "latest_gross_profit": 394978,
        "latest_net_income": 153395,
        "latest_debt_ratio": 27.76,
        "latest_current_ratio": 327.8,
        "latest_account_receivable_turnover_ratio": 0.81,
        "latest_inventory_turnover_ratio": 1.01,
        "latest_reinvestment_rate": -1.28,
        "latest_research_to_sale_ratio": null
    },
    "eps_dividends": {
        "2001": {
            "cash": 0,
            "stock": 0,
            "eps": 0
        },
        "2002": {
            "cash": 0,
            "stock": 0,
            "eps": 0.9
        },
        "2003": {
            "cash": 0.5,
            "stock": 1.5,
            "eps": 2.18
        },
        "2004": {
            "cash": 0.5,
            "stock": 1.5,
            "eps": 3.07
        },
        "2005": {
            "cash": 0.77,
            "stock": 0.77,
            "eps": 5.74
        },
        "2006": {
            "cash": 1.5,
            "stock": 1.5,
            "eps": 6.27
        },
        "2007": {
            "cash": 1.5,
            "stock": 2,
            "eps": 4.42
        },
        "2008": {
            "cash": 2.88,
            "stock": 0.72,
            "eps": 2.45
        },
        "2009": {
            "cash": 2.2,
            "stock": 0,
            "eps": 3.07
        },
        "2010": {
            "cash": 1.75,
            "stock": 1.65,
            "eps": 3.15
        },
        "2011": {
            "cash": 3.45,
            "stock": 2.75,
            "eps": 2.7
        },
        "2012": {
            "cash": 0,
            "stock": 0,
            "eps": 1.65
        },
        "2013": {
            "cash": 0.3,
            "stock": 1.2,
            "eps": 2.58
        },
        "2014": {
            "cash": 1,
            "stock": 1.2,
            "eps": 2.46
        },
        "2015": {
            "cash": 1.5,
            "stock": 0.5,
            "eps": 2.26
        },
        "2016": {
            "cash": 2,
            "stock": 0,
            "eps": 2.35
        },
        "2017": {
            "cash": 2.03,
            "stock": 0,
            "eps": 3.5
        },
        "2018": {
            "cash": 2.5,
            "stock": 0.7,
            "eps": 8.69
        },
        "2019": {
            "cash": 6.5,
            "stock": 0,
            "eps": 3.32
        },
        "2020": {
            "cash": 3.5,
            "stock": 0,
            "eps": 3.36
        },
        "2021": {
            "cash": 3.1,
            "stock": 0,
            "eps": 4.58
        },
        "2022": {
            "cash": 4,
            "stock": 0,
            "eps": 8.22
        },
        "2023": {
            "cash": 5.5,
            "stock": 0,
            "eps": 0.72
        }
    },
    "dividends": {
        "2003-05-20": {
            "cash": 0.5,
            "stock": 1.5
        },
        "2004-03-19": {
            "cash": 0.5,
            "stock": 1.5
        },
        "2005-02-23": {
            "cash": 0.77,
            "stock": 0.77
        },
        "2006-02-23": {
            "cash": 1.5,
            "stock": 1.5
        },
        "2007-03-21": {
            "cash": 1.5,
            "stock": 2
        },
        "2008-03-17": {
            "cash": 2.88,
            "stock": 0.72
        },
        "2009-04-22": {
            "cash": 2.2,
            "stock": 0
        },
        "2010-03-25": {
            "cash": 1.75,
            "stock": 1.65
        },
        "2011-01-01": {
            "cash": 1.6,
            "stock": 1
        },
        "2011-03-24": {
            "cash": 1.85,
            "stock": 1.75
        },
        "2013-03-21": {
            "cash": 0.3,
            "stock": 1.2
        },
        "2014-09-09": {
            "cash": 1,
            "stock": 1.2
        },
        "2015-09-09": {
            "cash": 1.5,
            "stock": 0.5
        },
        "2016-07-29": {
            "cash": 2,
            "stock": 0
        },
        "2017-07-28": {
            "cash": 2.03,
            "stock": 0
        },
        "2018-09-03": {
            "cash": 2.5,
            "stock": 0.7
        },
        "2019-07-31": {
            "cash": 6.5,
            "stock": 0
        },
        "2020-07-31": {
            "cash": 3.5,
            "stock": 0
        },
        "2021-08-25": {
            "cash": 3.1,
            "stock": 0
        },
        "2022-07-29": {
            "cash": 4,
            "stock": 0
        },
        "2023-07-28": {
            "cash": 5.5,
            "stock": 0
        }
    },
    "prices": {
        "200101": "無",
        "200102": "無",
        "200103": "無",
        "200104": "無",
        "200105": "無",
        "200106": "無",
        "200107": "無",
        "200108": "無",
        "200109": "無",
        "200110": "無",
        "200111": "無",
        "200112": "無",
        "200201": "無",
        "200202": "無",
        "200203": "無",
        "200204": "無",
        "200205": "無",
        "200206": "無",
        "200207": "無",
        "200208": "無",
        "200209": "無",
        "200210": "無",
        "200211": "無",
        "200212": "無",
        "200301": "無",
        "200302": "無",
        "200303": "無",
        "200304": "無",
        "200305": "無",
        "200306": "無",
        "200307": "無",
        "200308": "無",
        "200309": "25.00",
        "200310": "28.68",
        "200311": "28.47",
        "200312": "27.91",
        "200401": "27.21",
        "200402": "26.38",
        "200403": "26.36",
        "200404": "27.22",
        "200405": "26.46",
        "200406": "25.00",
        "200407": "24.00",
        "200408": "20.11",
        "200409": "21.03",
        "200410": "21.08",
        "200411": "21.01",
        "200412": "19.90",
        "200501": "18.68",
        "200502": "22.80",
        "200503": "24.29",
        "200504": "36.44",
        "200505": "39.62",
        "200506": "39.30",
        "200507": "41.94",
        "200508": "44.70",
        "200509": "50.15",
        "200510": "43.71",
        "200511": "43.20",
        "200512": "48.45",
        "200601": "51.46",
        "200602": "45.84",
        "200603": "47.53",
        "200604": "53.55",
        "200605": "52.06",
        "200606": "43.87",
        "200607": "48.16",
        "200608": "52.16",
        "200609": "47.96",
        "200610": "47.70",
        "200611": "49.50",
        "200612": "51.73",
        "200701": "57.32",
        "200702": "55.88",
        "200703": "60.33",
        "200704": "63.72",
        "200705": "59.68",
        "200706": "62.43",
        "200707": "66.31",
        "200708": "58.47",
        "200709": "53.52",
        "200710": "53.80",
        "200711": "43.35",
        "200712": "40.00",
        "200801": "36.51",
        "200802": "35.70",
        "200803": "37.59",
        "200804": "37.33",
        "200805": "36.58",
        "200806": "32.17",
        "200807": "26.79",
        "200808": "24.92",
        "200809": "20.79",
        "200810": "16.25",
        "200811": "14.47",
        "200812": "14.09",
        "200901": "13.98",
        "200902": "14.77",
        "200903": "16.76",
        "200904": "19.88",
        "200905": "23.47",
        "200906": "23.57",
        "200907": "23.11",
        "200908": "24.32",
        "200909": "28.45",
        "200910": "31.25",
        "200911": "30.92",
        "200912": "34.52",
        "201001": "35.02",
        "201002": "32.68",
        "201003": "36.75",
        "201004": "41.32",
        "201005": "40.31",
        "201006": "39.38",
        "201007": "40.94",
        "201008": "34.51",
        "201009": "32.09",
        "201010": "32.02",
        "201011": "30.77",
        "201012": "31.64",
        "201101": "32.37",
        "201102": "31.80",
        "201103": "31.42",
        "201104": "34.18",
        "201105": "35.98",
        "201106": "36.27",
        "201107": "33.85",
        "201108": "26.31",
        "201109": "25.50",
        "201110": "25.64",
        "201111": "25.14",
        "201112": "25.11",
        "201201": "25.86",
        "201202": "27.56",
        "201203": "28.55",
        "201204": "28.92",
        "201205": "27.89",
        "201206": "27.20",
        "201207": "26.20",
        "201208": "22.68",
        "201209": "22.94",
        "201210": "21.61",
        "201211": "20.27",
        "201212": "20.51",
        "201301": "20.86",
        "201302": "21.79",
        "201303": "22.58",
        "201304": "24.93",
        "201305": "25.68",
        "201306": "25.51",
        "201307": "25.47",
        "201308": "24.51",
        "201309": "24.60",
        "201310": "25.55",
        "201311": "25.16",
        "201312": "26.47",
        "201401": "28.53",
        "201402": "28.96",
        "201403": "30.67",
        "201404": "30.78",
        "201405": "30.80",
        "201406": "32.35",
        "201407": "32.14",
        "201408": "28.15",
        "201409": "27.50",
        "201410": "24.64",
        "201411": "23.68",
        "201412": "24.42",
        "201501": "25.42",
        "201502": "25.83",
        "201503": "27.51",
        "201504": "28.45",
        "201505": "27.50",
        "201506": "26.57",
        "201507": "25.57",
        "201508": "20.58",
        "201509": "20.87",
        "201510": "23.35",
        "201511": "23.62",
        "201512": "22.60",
        "201601": "21.78",
        "201602": "22.40",
        "201603": "24.03",
        "201604": "24.46",
        "201605": "23.27",
        "201606": "23.95",
        "201607": "22.88",
        "201608": "23.47",
        "201609": "24.06",
        "201610": "24.20",
        "201611": "23.86",
        "201612": "24.10",
        "201701": "24.39",
        "201702": "25.54",
        "201703": "26.53",
        "201704": "27.06",
        "201705": "27.98",
        "201706": "29.21",
        "201707": "27.96",
        "201708": "27.51",
        "201709": "27.96",
        "201710": "28.11",
        "201711": "31.24",
        "201712": "34.29",
        "201801": "37.52",
        "201802": "38.39",
        "201803": "48.18",
        "201804": "66.95",
        "201805": "85.28",
        "201806": "91.53",
        "201807": "89.93",
        "201808": "71.03",
        "201809": "66.13",
        "201810": "52.76",
        "201811": "52.14",
        "201812": "55.43",
        "201901": "52.31",
        "201902": "56.02",
        "201903": "56.20",
        "201904": "59.02",
        "201905": "53.97",
        "201906": "54.80",
        "201907": "52.60",
        "201908": "45.10",
        "201909": "49.02",
        "201910": "50.51",
        "201911": "49.44",
        "201912": "51.53",
        "202001": "50.85",
        "202002": "52.26",
        "202003": "43.12",
        "202004": "46.82",
        "202005": "51.88",
        "202006": "52.85",
        "202007": "49.48",
        "202008": "46.65",
        "202009": "44.69",
        "202010": "44.83",
        "202011": "46.74",
        "202012": "49.37",
        "202101": "50.18",
        "202102": "50.43",
        "202103": "53.72",
        "202104": "56.54",
        "202105": "53.49",
        "202106": "54.28",
        "202107": "58.20",
        "202108": "52.25",
        "202109": "51.28",
        "202110": "49.92",
        "202111": "51.80",
        "202112": "53.87",
        "202201": "52.97",
        "202202": "53.87",
        "202203": "53.64",
        "202204": "53.39",
        "202205": "53.53",
        "202206": "53.42",
        "202207": "45.07",
        "202208": "49.32",
        "202209": "49.75",
        "202210": "48.44",
        "202211": "51.21",
        "202212": "52.43",
        "202301": "53.37",
        "202302": "55.39",
        "202303": "58.59",
        "202304": "58.27",
        "202305": "57.03",
        "202306": "58.12"
    },
    "quarters": {
        "20011": {
            "year_quarter": 20011,
            "year": 2001,
            "quarter": 1,
            "eps": null,
            "eps_growth_year": null,
            "eps_4q": null,
            "eps_4q_growth_year": null,
            "roe": null,
            "roe_4q": 0,
            "gross_profit": null,
            "gross_margin": null,
            "gross_margin_4q_avg": 0,
            "net_income": null,
            "revenue": null,
            "common_shares": null,
            "book_valuer_per_share": null,
            "book_valuer_per_share_4q_avg": 0,
            "equity": null,
            "current_ratio": null,
            "debt_ratio": null,
            "inventory_turnover_ratio": null,
            "account_receivable_turnover_ratio": null,
            "reinvestment_rate": null,
            "research_to_sale_ratio": null,
            "price_fair": 0,
            "eps_avg_yearly": 0,
            "eps_latest_yearly": 0,
            "eps_growth_yearly": 0
        },
        "20012": {
            "year_quarter": 20012,
            "year": 2001,
            "quarter": 2,
            "eps": null,
            "eps_growth_year": null,
            "eps_4q": null,
            "eps_4q_growth_year": null,
            "roe": null,
            "roe_4q": 0,
            "gross_profit": null,
            "gross_margin": null,
            "gross_margin_4q_avg": 0,
            "net_income": null,
            "revenue": null,
            "common_shares": null,
            "book_valuer_per_share": null,
            "book_valuer_per_share_4q_avg": 0,
            "equity": null,
            "current_ratio": null,
            "debt_ratio": null,
            "inventory_turnover_ratio": null,
            "account_receivable_turnover_ratio": null,
            "reinvestment_rate": null,
            "research_to_sale_ratio": null,
            "price_fair": 0,
            "eps_avg_yearly": 0,
            "eps_latest_yearly": 0,
            "eps_growth_yearly": 0
        },
        "20013": {
            "year_quarter": 20013,
            "year": 2001,
            "quarter": 3,
            "eps": null,
            "eps_growth_year": null,
            "eps_4q": null,
            "eps_4q_growth_year": null,
            "roe": null,
            "roe_4q": 0,
            "gross_profit": null,
            "gross_margin": null,
            "gross_margin_4q_avg": 0,
            "net_income": null,
            "revenue": null,
            "common_shares": null,
            "book_valuer_per_share": null,
            "book_valuer_per_share_4q_avg": 0,
            "equity": null,
            "current_ratio": null,
            "debt_ratio": null,
            "inventory_turnover_ratio": null,
            "account_receivable_turnover_ratio": null,
            "reinvestment_rate": null,
            "research_to_sale_ratio": null,
            "price_fair": 0,
            "eps_avg_yearly": 0,
            "eps_latest_yearly": 0,
            "eps_growth_yearly": 0
        },
        "20014": {
            "year_quarter": 20014,
            "year": 2001,
            "quarter": 4,
            "eps": null,
            "eps_growth_year": null,
            "eps_4q": null,
            "eps_4q_growth_year": null,
            "roe": null,
            "roe_4q": 0,
            "gross_profit": null,
            "gross_margin": null,
            "gross_margin_4q_avg": 0,
            "net_income": null,
            "revenue": null,
            "common_shares": 176500,
            "book_valuer_per_share": 13.83,
            "book_valuer_per_share_4q_avg": 3.46,
            "equity": 244084,
            "current_ratio": 179.02,
            "debt_ratio": 55.6,
            "inventory_turnover_ratio": null,
            "account_receivable_turnover_ratio": null,
            "reinvestment_rate": null,
            "research_to_sale_ratio": null,
            "price_fair": 0,
            "eps_avg_yearly": 0,
            "eps_latest_yearly": 0,
            "eps_growth_yearly": 0
        },
        "20021": {
            "year_quarter": 20021,
            "year": 2002,
            "quarter": 1,
            "eps": 0.87,
            "eps_growth_year": null,
            "eps_4q": null,
            "eps_4q_growth_year": null,
            "roe": 6.42,
            "roe_4q": 6.42,
            "gross_profit": 27119,
            "gross_margin": 17.64,
            "gross_margin_4q_avg": 4.41,
            "net_income": 15305,
            "revenue": 153771,
            "common_shares": 176500,
            "book_valuer_per_share": 13.19,
            "book_valuer_per_share_4q_avg": 6.76,
            "equity": 232825,
            "current_ratio": 171.62,
            "debt_ratio": 51.68,
            "inventory_turnover_ratio": 2.45,
            "account_receivable_turnover_ratio": null,
            "reinvestment_rate": null,
            "research_to_sale_ratio": null,
            "price_fair": 0,
            "eps_avg_yearly": 0,
            "eps_latest_yearly": 0,
            "eps_growth_yearly": 0
        },
        "20022": {
            "year_quarter": 20022,
            "year": 2002,
            "quarter": 2,
            "eps": 0.03,
            "eps_growth_year": null,
            "eps_4q": null,
            "eps_4q_growth_year": null,
            "roe": 0.27,
            "roe_4q": 6.6899999999999995,
            "gross_profit": 27513,
            "gross_margin": 16.56,
            "gross_margin_4q_avg": 8.55,
            "net_income": 622,
            "revenue": 166178,
            "common_shares": 185325,
            "book_valuer_per_share": 12.6,
            "book_valuer_per_share_4q_avg": 9.91,
            "equity": 233447,
            "current_ratio": 167.52,
            "debt_ratio": 53.32,
            "inventory_turnover_ratio": 2.99,
            "account_receivable_turnover_ratio": null,
            "reinvestment_rate": null,
            "research_to_sale_ratio": null,
            "price_fair": 0.36,
            "eps_avg_yearly": 0.12,
            "eps_latest_yearly": 0.12,
            "eps_growth_yearly": -386.21
        },
        "20023": {
            "year_quarter": 20023,
            "year": 2002,
            "quarter": 3,
            "eps": null,
            "eps_growth_year": null,
            "eps_4q": null,
            "eps_4q_growth_year": null,
            "roe": null,
            "roe_4q": 6.6899999999999995,
            "gross_profit": null,
            "gross_margin": null,
            "gross_margin_4q_avg": 8.55,
            "net_income": null,
            "revenue": null,
            "common_shares": null,
            "book_valuer_per_share": null,
            "book_valuer_per_share_4q_avg": 9.91,
            "equity": null,
            "current_ratio": null,
            "debt_ratio": null,
            "inventory_turnover_ratio": null,
            "account_receivable_turnover_ratio": null,
            "reinvestment_rate": null,
            "research_to_sale_ratio": null,
            "price_fair": 0.36,
            "eps_avg_yearly": 0.12,
            "eps_latest_yearly": 0.12,
            "eps_growth_yearly": -386.21
        },
        "20024": {
            "year_quarter": 20024,
            "year": 2002,
            "quarter": 4,
            "eps": null,
            "eps_growth_year": null,
            "eps_4q": null,
            "eps_4q_growth_year": null,
            "roe": null,
            "roe_4q": 6.6899999999999995,
            "gross_profit": null,
            "gross_margin": null,
            "gross_margin_4q_avg": 8.55,
            "net_income": null,
            "revenue": null,
            "common_shares": 210000,
            "book_valuer_per_share": 14.1,
            "book_valuer_per_share_4q_avg": 9.97,
            "equity": 296180,
            "current_ratio": 172.05,
            "debt_ratio": 55.96,
            "inventory_turnover_ratio": null,
            "account_receivable_turnover_ratio": null,
            "reinvestment_rate": null,
            "research_to_sale_ratio": null,
            "price_fair": 0.36,
            "eps_avg_yearly": 0.12,
            "eps_latest_yearly": 0.12,
            "eps_growth_yearly": -386.21
        },
        "20031": {
            "year_quarter": 20031,
            "year": 2003,
            "quarter": 1,
            "eps": 0.71,
            "eps_growth_year": -18.39,
            "eps_4q": null,
            "eps_4q_growth_year": null,
            "roe": 4.93,
            "roe_4q": 5.199999999999999,
            "gross_profit": 31692,
            "gross_margin": 14.15,
            "gross_margin_4q_avg": 7.68,
            "net_income": 14957,
            "revenue": 224011,
            "common_shares": 210000,
            "book_valuer_per_share": 14.82,
            "book_valuer_per_share_4q_avg": 10.38,
            "equity": 311123,
            "current_ratio": 167.79,
            "debt_ratio": 52.71,
            "inventory_turnover_ratio": 2.37,
            "account_receivable_turnover_ratio": null,
            "reinvestment_rate": null,
            "research_to_sale_ratio": null,
            "price_fair": 0.36,
            "eps_avg_yearly": 0.12,
            "eps_latest_yearly": 0.12,
            "eps_growth_yearly": -386.21
        },
        "20032": {
            "year_quarter": 20032,
            "year": 2003,
            "quarter": 2,
            "eps": 0.57,
            "eps_growth_year": 1800,
            "eps_4q": null,
            "eps_4q_growth_year": null,
            "roe": 3.86,
            "roe_4q": 8.79,
            "gross_profit": 33390,
            "gross_margin": 14.52,
            "gross_margin_4q_avg": 7.17,
            "net_income": 12035,
            "revenue": 229920,
            "common_shares": 210000,
            "book_valuer_per_share": 14.86,
            "book_valuer_per_share_4q_avg": 10.95,
            "equity": 312150,
            "current_ratio": 160.85,
            "debt_ratio": 54.98,
            "inventory_turnover_ratio": 2.25,
            "account_receivable_turnover_ratio": null,
            "reinvestment_rate": null,
            "research_to_sale_ratio": null,
            "price_fair": 3.6,
            "eps_avg_yearly": 1.2,
            "eps_latest_yearly": 2.28,
            "eps_growth_yearly": -232.54
        },
        "20033": {
            "year_quarter": 20033,
            "year": 2003,
            "quarter": 3,
            "eps": 0.34,
            "eps_growth_year": null,
            "eps_4q": null,
            "eps_4q_growth_year": null,
            "roe": 2.62,
            "roe_4q": 11.41,
            "gross_profit": 31551,
            "gross_margin": 12.77,
            "gross_margin_4q_avg": 10.36,
            "net_income": 8285,
            "revenue": 247122,
            "common_shares": 244210,
            "book_valuer_per_share": 13.11,
            "book_valuer_per_share_4q_avg": 14.22,
            "equity": 320142,
            "current_ratio": 159.26,
            "debt_ratio": 55.71,
            "inventory_turnover_ratio": 2.78,
            "account_receivable_turnover_ratio": null,
            "reinvestment_rate": null,
            "research_to_sale_ratio": null,
            "price_fair": 3.76,
            "eps_avg_yearly": 1.25,
            "eps_latest_yearly": 1.36,
            "eps_growth_yearly": -208.83
        },
        "20034": {
            "year_quarter": 20034,
            "year": 2003,
            "quarter": 4,
            "eps": 0.56,
            "eps_growth_year": null,
            "eps_4q": 2.01,
            "eps_4q_growth_year": null,
            "roe": 4.16,
            "roe_4q": 15.57,
            "gross_profit": 39281,
            "gross_margin": 13.21,
            "gross_margin_4q_avg": 13.66,
            "net_income": 13592,
            "revenue": 297440,
            "common_shares": 244210,
            "book_valuer_per_share": 13.67,
            "book_valuer_per_share_4q_avg": 14.12,
            "equity": 333808,
            "current_ratio": 156.2,
            "debt_ratio": 60.98,
            "inventory_turnover_ratio": 2.93,
            "account_receivable_turnover_ratio": null,
            "reinvestment_rate": null,
            "research_to_sale_ratio": null,
            "price_fair": 4.5,
            "eps_avg_yearly": 1.5,
            "eps_latest_yearly": 2.24,
            "eps_growth_yearly": -91.92
        },
        "20041": {
            "year_quarter": 20041,
            "year": 2004,
            "quarter": 1,
            "eps": 0.65,
            "eps_growth_year": -8.45,
            "eps_4q": 2.04,
            "eps_4q_growth_year": null,
            "roe": 4.66,
            "roe_4q": 15.3,
            "gross_profit": 43019,
            "gross_margin": 14.42,
            "gross_margin_4q_avg": 13.73,
            "net_income": 15912,
            "revenue": 298368,
            "common_shares": 244210,
            "book_valuer_per_share": 14.31,
            "book_valuer_per_share_4q_avg": 13.99,
            "equity": 349454,
            "current_ratio": 144.63,
            "debt_ratio": 62.64,
            "inventory_turnover_ratio": 2.25,
            "account_receivable_turnover_ratio": null,
            "reinvestment_rate": null,
            "research_to_sale_ratio": null,
            "price_fair": 5.16,
            "eps_avg_yearly": 1.72,
            "eps_latest_yearly": 2.6,
            "eps_growth_yearly": -60.67
        },
        "20042": {
            "year_quarter": 20042,
            "year": 2004,
            "quarter": 2,
            "eps": 1.03,
            "eps_growth_year": 80.7,
            "eps_4q": 2.58,
            "eps_4q_growth_year": null,
            "roe": 7.06,
            "roe_4q": 18.5,
            "gross_profit": 43908,
            "gross_margin": 13.15,
            "gross_margin_4q_avg": 13.39,
            "net_income": 25107,
            "revenue": 333915,
            "common_shares": 244210,
            "book_valuer_per_share": 14.8,
            "book_valuer_per_share_4q_avg": 13.97,
            "equity": 361548,
            "current_ratio": 206.48,
            "debt_ratio": 63.39,
            "inventory_turnover_ratio": 2.6,
            "account_receivable_turnover_ratio": null,
            "reinvestment_rate": null,
            "research_to_sale_ratio": null,
            "price_fair": 6.36,
            "eps_avg_yearly": 2.12,
            "eps_latest_yearly": 4.12,
            "eps_growth_yearly": -11.59
        },
        "20043": {
            "year_quarter": 20043,
            "year": 2004,
            "quarter": 3,
            "eps": 0.96,
            "eps_growth_year": 182.35,
            "eps_4q": 2.87,
            "eps_4q_growth_year": null,
            "roe": 7.32,
            "roe_4q": 23.2,
            "gross_profit": 52830,
            "gross_margin": 14.43,
            "gross_margin_4q_avg": 13.8,
            "net_income": 27456,
            "revenue": 366209,
            "common_shares": 284749,
            "book_valuer_per_share": 13.66,
            "book_valuer_per_share_4q_avg": 14.11,
            "equity": 389054,
            "current_ratio": 191.26,
            "debt_ratio": 62.21,
            "inventory_turnover_ratio": 2.72,
            "account_receivable_turnover_ratio": null,
            "reinvestment_rate": null,
            "research_to_sale_ratio": null,
            "price_fair": 7.1,
            "eps_avg_yearly": 2.37,
            "eps_latest_yearly": 3.84,
            "eps_growth_yearly": -13.82
        },
        "20044": {
            "year_quarter": 20044,
            "year": 2004,
            "quarter": 4,
            "eps": 0.43,
            "eps_growth_year": -23.21,
            "eps_4q": 2.84,
            "eps_4q_growth_year": 41.13,
            "roe": 3.09,
            "roe_4q": 22.13,
            "gross_profit": 49550,
            "gross_margin": 12.56,
            "gross_margin_4q_avg": 13.64,
            "net_income": 12210,
            "revenue": 394509,
            "common_shares": 284749,
            "book_valuer_per_share": 14.07,
            "book_valuer_per_share_4q_avg": 14.21,
            "equity": 400518,
            "current_ratio": 197.02,
            "debt_ratio": 64.07,
            "inventory_turnover_ratio": 2.78,
            "account_receivable_turnover_ratio": null,
            "reinvestment_rate": null,
            "research_to_sale_ratio": null,
            "price_fair": 6.86,
            "eps_avg_yearly": 2.29,
            "eps_latest_yearly": 1.72,
            "eps_growth_yearly": -39.69
        },
        "20051": {
            "year_quarter": 20051,
            "year": 2005,
            "quarter": 1,
            "eps": 1.16,
            "eps_growth_year": 78.46,
            "eps_4q": 3.43,
            "eps_4q_growth_year": 68.49,
            "roe": 7.66,
            "roe_4q": 25.13,
            "gross_profit": 59745,
            "gross_margin": 13.92,
            "gross_margin_4q_avg": 13.52,
            "net_income": 33111,
            "revenue": 429146,
            "common_shares": 297934,
            "book_valuer_per_share": 15.58,
            "book_valuer_per_share_4q_avg": 14.53,
            "equity": 464077,
            "current_ratio": 183.07,
            "debt_ratio": 60.02,
            "inventory_turnover_ratio": 2.7,
            "account_receivable_turnover_ratio": null,
            "reinvestment_rate": null,
            "research_to_sale_ratio": null,
            "price_fair": 89.13,
            "eps_avg_yearly": 2.55,
            "eps_latest_yearly": 4.64,
            "eps_growth_yearly": 40.17
        },
        "20052": {
            "year_quarter": 20052,
            "year": 2005,
            "quarter": 2,
            "eps": 1.24,
            "eps_growth_year": 20.39,
            "eps_4q": 3.74,
            "eps_4q_growth_year": 44.87,
            "roe": 6.58,
            "roe_4q": 24.65,
            "gross_profit": 64516,
            "gross_margin": 14.71,
            "gross_margin_4q_avg": 13.91,
            "net_income": 36125,
            "revenue": 438469,
            "common_shares": 368863,
            "book_valuer_per_share": 17.19,
            "book_valuer_per_share_4q_avg": 15.13,
            "equity": 633945,
            "current_ratio": 171.3,
            "debt_ratio": 49.3,
            "inventory_turnover_ratio": 2.37,
            "account_receivable_turnover_ratio": null,
            "reinvestment_rate": null,
            "research_to_sale_ratio": null,
            "price_fair": 97.58,
            "eps_avg_yearly": 2.79,
            "eps_latest_yearly": 4.96,
            "eps_growth_yearly": 38.91
        },
        "20053": {
            "year_quarter": 20053,
            "year": 2005,
            "quarter": 3,
            "eps": 1.77,
            "eps_growth_year": 84.38,
            "eps_4q": 4.11,
            "eps_4q_growth_year": 43.36,
            "roe": 9.18,
            "roe_4q": 26.51,
            "gross_profit": 78760,
            "gross_margin": 16.02,
            "gross_margin_4q_avg": 14.3,
            "net_income": 61510,
            "revenue": 491707,
            "common_shares": 407085,
            "book_valuer_per_share": 17.36,
            "book_valuer_per_share_4q_avg": 16.05,
            "equity": 706716,
            "current_ratio": 177.15,
            "debt_ratio": 47.09,
            "inventory_turnover_ratio": 2.29,
            "account_receivable_turnover_ratio": null,
            "reinvestment_rate": null,
            "research_to_sale_ratio": null,
            "price_fair": 111.24,
            "eps_avg_yearly": 3.18,
            "eps_latest_yearly": 7.08,
            "eps_growth_yearly": 50.92
        },
        "20054": {
            "year_quarter": 20054,
            "year": 2005,
            "quarter": 4,
            "eps": 1.57,
            "eps_growth_year": 265.12,
            "eps_4q": 5.18,
            "eps_4q_growth_year": 82.13,
            "roe": 7.75,
            "roe_4q": 31.169999999999998,
            "gross_profit": 92101,
            "gross_margin": 16.29,
            "gross_margin_4q_avg": 15.24,
            "net_income": 56938,
            "revenue": 565413,
            "common_shares": 407085,
            "book_valuer_per_share": 18.75,
            "book_valuer_per_share_4q_avg": 17.22,
            "equity": 763452,
            "current_ratio": 185.78,
            "debt_ratio": 50.59,
            "inventory_turnover_ratio": 2.14,
            "account_receivable_turnover_ratio": null,
            "reinvestment_rate": null,
            "research_to_sale_ratio": null,
            "price_fair": 120.28,
            "eps_avg_yearly": 3.44,
            "eps_latest_yearly": 6.28,
            "eps_growth_yearly": 42.91
        },
        "20061": {
            "year_quarter": 20061,
            "year": 2006,
            "quarter": 1,
            "eps": 1.36,
            "eps_growth_year": 17.24,
            "eps_4q": 5.15,
            "eps_4q_growth_year": 50.25,
            "roe": 7.01,
            "roe_4q": 30.519999999999996,
            "gross_profit": 82531,
            "gross_margin": 15.99,
            "gross_margin_4q_avg": 15.75,
            "net_income": 55432,
            "revenue": 516176,
            "common_shares": 407085,
            "book_valuer_per_share": 20.11,
            "book_valuer_per_share_4q_avg": 18.35,
            "equity": 818721,
            "current_ratio": 173.47,
            "debt_ratio": 47.01,
            "inventory_turnover_ratio": 1.75,
            "account_receivable_turnover_ratio": null,
            "reinvestment_rate": null,
            "research_to_sale_ratio": null,
            "price_fair": 125.68,
            "eps_avg_yearly": 3.59,
            "eps_latest_yearly": 5.44,
            "eps_growth_yearly": 35.49
        },
        "20062": {
            "year_quarter": 20062,
            "year": 2006,
            "quarter": 2,
            "eps": 1.57,
            "eps_growth_year": 26.61,
            "eps_4q": 5.85,
            "eps_4q_growth_year": 56.38,
            "roe": 7.8,
            "roe_4q": 31.74,
            "gross_profit": 95572,
            "gross_margin": 17.46,
            "gross_margin_4q_avg": 16.44,
            "net_income": 63851,
            "revenue": 547330,
            "common_shares": 407085,
            "book_valuer_per_share": 20.11,
            "book_valuer_per_share_4q_avg": 19.08,
            "equity": 818837,
            "current_ratio": 167.5,
            "debt_ratio": 48.25,
            "inventory_turnover_ratio": 1.92,
            "account_receivable_turnover_ratio": null,
            "reinvestment_rate": null,
            "research_to_sale_ratio": null,
            "price_fair": 142.26,
            "eps_avg_yearly": 4.06,
            "eps_latest_yearly": 6.28,
            "eps_growth_yearly": 69.95
        },
        "20063": {
            "year_quarter": 20063,
            "year": 2006,
            "quarter": 3,
            "eps": 1.88,
            "eps_growth_year": 6.21,
            "eps_4q": 5.56,
            "eps_4q_growth_year": 35.23,
            "roe": 10.09,
            "roe_4q": 32.65,
            "gross_profit": 111671,
            "gross_margin": 16.88,
            "gross_margin_4q_avg": 16.66,
            "net_income": 89953,
            "revenue": 661385,
            "common_shares": 479004,
            "book_valuer_per_share": 20.11,
            "book_valuer_per_share_4q_avg": 19.77,
            "equity": 963368,
            "current_ratio": 164.41,
            "debt_ratio": 48.62,
            "inventory_turnover_ratio": 2.27,
            "account_receivable_turnover_ratio": null,
            "reinvestment_rate": null,
            "research_to_sale_ratio": null,
            "price_fair": 150.9,
            "eps_avg_yearly": 4.31,
            "eps_latest_yearly": 7.52,
            "eps_growth_yearly": 70.59
        },
        "20064": {
            "year_quarter": 20064,
            "year": 2006,
            "quarter": 4,
            "eps": 1.46,
            "eps_growth_year": -7.01,
            "eps_4q": 5.67,
            "eps_4q_growth_year": 9.6,
            "roe": 6.49,
            "roe_4q": 31.39,
            "gross_profit": 104863,
            "gross_margin": 16.44,
            "gross_margin_4q_avg": 16.69,
            "net_income": 72524,
            "revenue": 637696,
            "common_shares": 559004,
            "book_valuer_per_share": 22.75,
            "book_valuer_per_share_4q_avg": 20.77,
            "equity": 1271746,
            "current_ratio": 229.48,
            "debt_ratio": 40.21,
            "inventory_turnover_ratio": 1.78,
            "account_receivable_turnover_ratio": null,
            "reinvestment_rate": 4.18,
            "research_to_sale_ratio": null,
            "price_fair": 154.47,
            "eps_avg_yearly": 4.41,
            "eps_latest_yearly": 5.84,
            "eps_growth_yearly": 59.93
        },
        "20071": {
            "year_quarter": 20071,
            "year": 2007,
            "quarter": 1,
            "eps": 1.18,
            "eps_growth_year": -13.24,
            "eps_4q": 5.23,
            "eps_4q_growth_year": 1.43,
            "roe": 5.05,
            "roe_4q": 29.43,
            "gross_profit": 87839,
            "gross_margin": 15.92,
            "gross_margin_4q_avg": 16.68,
            "net_income": 66005,
            "revenue": 551639,
            "common_shares": 559004,
            "book_valuer_per_share": 23.97,
            "book_valuer_per_share_4q_avg": 21.74,
            "equity": 1340096,
            "current_ratio": 234.18,
            "debt_ratio": 33.55,
            "inventory_turnover_ratio": 1.49,
            "account_receivable_turnover_ratio": null,
            "reinvestment_rate": 3.49,
            "research_to_sale_ratio": null,
            "price_fair": 155.14,
            "eps_avg_yearly": 4.43,
            "eps_latest_yearly": 4.72,
            "eps_growth_yearly": 51.39
        },
        "20072": {
            "year_quarter": 20072,
            "year": 2007,
            "quarter": 2,
            "eps": 1.13,
            "eps_growth_year": -28.03,
            "eps_4q": 5.2,
            "eps_4q_growth_year": -11.01,
            "roe": 4.77,
            "roe_4q": 26.400000000000002,
            "gross_profit": 99461,
            "gross_margin": 15.41,
            "gross_margin_4q_avg": 16.16,
            "net_income": 63404,
            "revenue": 645487,
            "common_shares": 559004,
            "book_valuer_per_share": 23.54,
            "book_valuer_per_share_4q_avg": 22.59,
            "equity": 1316033,
            "current_ratio": 193.88,
            "debt_ratio": 40.07,
            "inventory_turnover_ratio": 2.04,
            "account_receivable_turnover_ratio": null,
            "reinvestment_rate": 3.22,
            "research_to_sale_ratio": null,
            "price_fair": 160.04,
            "eps_avg_yearly": 4.57,
            "eps_latest_yearly": 4.52,
            "eps_growth_yearly": 55.26
        },
        "20073": {
            "year_quarter": 20073,
            "year": 2007,
            "quarter": 3,
            "eps": 1.24,
            "eps_growth_year": -34.04,
            "eps_4q": 4.17,
            "eps_4q_growth_year": -25.04,
            "roe": 6.29,
            "roe_4q": 22.6,
            "gross_profit": 113980,
            "gross_margin": 14.85,
            "gross_margin_4q_avg": 15.66,
            "net_income": 85463,
            "revenue": 767569,
            "common_shares": 688196,
            "book_valuer_per_share": 20.36,
            "book_valuer_per_share_4q_avg": 22.66,
            "equity": 1401180,
            "current_ratio": 201.02,
            "debt_ratio": 36.5,
            "inventory_turnover_ratio": 2.68,
            "account_receivable_turnover_ratio": null,
            "reinvestment_rate": 2.89,
            "research_to_sale_ratio": null,
            "price_fair": 167.91,
            "eps_avg_yearly": 4.8,
            "eps_latest_yearly": 4.96,
            "eps_growth_yearly": 67.78
        },
        "20074": {
            "year_quarter": 20074,
            "year": 2007,
            "quarter": 4,
            "eps": 0.87,
            "eps_growth_year": -40.41,
            "eps_4q": 4,
            "eps_4q_growth_year": -29.56,
            "roe": 4.17,
            "roe_4q": 20.28,
            "gross_profit": 92637,
            "gross_margin": 14.5,
            "gross_margin_4q_avg": 15.17,
            "net_income": 59816,
            "revenue": 638732,
            "common_shares": 688196,
            "book_valuer_per_share": 21.03,
            "book_valuer_per_share_4q_avg": 22.23,
            "equity": 1467474,
            "current_ratio": 213.44,
            "debt_ratio": 42.17,
            "inventory_turnover_ratio": 1.7,
            "account_receivable_turnover_ratio": null,
            "reinvestment_rate": 27.34,
            "research_to_sale_ratio": null,
            "price_fair": 170.63,
            "eps_avg_yearly": 4.88,
            "eps_latest_yearly": 3.48,
            "eps_growth_yearly": 44.15
        },
        "20081": {
            "year_quarter": 20081,
            "year": 2008,
            "quarter": 1,
            "eps": 0.27,
            "eps_growth_year": -77.12,
            "eps_4q": 3.39,
            "eps_4q_growth_year": -35.13,
            "roe": 1.25,
            "roe_4q": 16.48,
            "gross_profit": 121861,
            "gross_margin": 16.31,
            "gross_margin_4q_avg": 15.27,
            "net_income": 18074,
            "revenue": 746937,
            "common_shares": 688196,
            "book_valuer_per_share": 20.46,
            "book_valuer_per_share_4q_avg": 21.35,
            "equity": 1427647,
            "current_ratio": 223.95,
            "debt_ratio": 40.62,
            "inventory_turnover_ratio": 1.46,
            "account_receivable_turnover_ratio": null,
            "reinvestment_rate": 33.19,
            "research_to_sale_ratio": null,
            "price_fair": 157.2,
            "eps_avg_yearly": 4.78,
            "eps_latest_yearly": 1.08,
            "eps_growth_yearly": 22.89
        },
        "20082": {
            "year_quarter": 20082,
            "year": 2008,
            "quarter": 2,
            "eps": 0.58,
            "eps_growth_year": -48.67,
            "eps_4q": 2.82,
            "eps_4q_growth_year": -45.88,
            "roe": 3.09,
            "roe_4q": 14.8,
            "gross_profit": 119310,
            "gross_margin": 15.19,
            "gross_margin_4q_avg": 15.21,
            "net_income": 41730,
            "revenue": 785307,
            "common_shares": 688196,
            "book_valuer_per_share": 18.22,
            "book_valuer_per_share_4q_avg": 20.02,
            "equity": 1274702,
            "current_ratio": 191.16,
            "debt_ratio": 49.37,
            "inventory_turnover_ratio": 1.52,
            "account_receivable_turnover_ratio": null,
            "reinvestment_rate": 22.14,
            "research_to_sale_ratio": null,
            "price_fair": 163.36,
            "eps_avg_yearly": 4.67,
            "eps_latest_yearly": 2.32,
            "eps_growth_yearly": 36.98
        },
        "20083": {
            "year_quarter": 20083,
            "year": 2008,
            "quarter": 3,
            "eps": 0.97,
            "eps_growth_year": -21.77,
            "eps_4q": 2.54,
            "eps_4q_growth_year": -39.13,
            "roe": 5.54,
            "roe_4q": 14.049999999999999,
            "gross_profit": 138374,
            "gross_margin": 16.83,
            "gross_margin_4q_avg": 15.71,
            "net_income": 71845,
            "revenue": 822266,
            "common_shares": 752428,
            "book_valuer_per_share": 17.25,
            "book_valuer_per_share_4q_avg": 19.24,
            "equity": 1319632,
            "current_ratio": 218.24,
            "debt_ratio": 43.46,
            "inventory_turnover_ratio": 1.56,
            "account_receivable_turnover_ratio": null,
            "reinvestment_rate": 21.4,
            "research_to_sale_ratio": null,
            "price_fair": 163.45,
            "eps_avg_yearly": 4.67,
            "eps_latest_yearly": 3.88,
            "eps_growth_yearly": 55.48
        },
        "20084": {
            "year_quarter": 20084,
            "year": 2008,
            "quarter": 4,
            "eps": 0.63,
            "eps_growth_year": -27.59,
            "eps_4q": 2.32,
            "eps_4q_growth_year": -41.83,
            "roe": 3.53,
            "roe_4q": 13.41,
            "gross_profit": 106515,
            "gross_margin": 17.59,
            "gross_margin_4q_avg": 16.48,
            "net_income": 47261,
            "revenue": 605600,
            "common_shares": 752428,
            "book_valuer_per_share": 17.72,
            "book_valuer_per_share_4q_avg": 18.41,
            "equity": 1355978,
            "current_ratio": 249.18,
            "debt_ratio": 35.36,
            "inventory_turnover_ratio": 1.18,
            "account_receivable_turnover_ratio": 1.23,
            "reinvestment_rate": 19.93,
            "research_to_sale_ratio": null,
            "price_fair": 165.2,
            "eps_avg_yearly": 4.72,
            "eps_latest_yearly": 2.52,
            "eps_growth_yearly": 60.52
        },
        "20091": {
            "year_quarter": 20091,
            "year": 2009,
            "quarter": 1,
            "eps": 0.41,
            "eps_growth_year": 51.85,
            "eps_4q": 2.53,
            "eps_4q_growth_year": -25.27,
            "roe": 2.18,
            "roe_4q": 14.34,
            "gross_profit": 76775,
            "gross_margin": 15.57,
            "gross_margin_4q_avg": 16.3,
            "net_income": 30059,
            "revenue": 493209,
            "common_shares": 752428,
            "book_valuer_per_share": 18.3,
            "book_valuer_per_share_4q_avg": 17.87,
            "equity": 1400242,
            "current_ratio": 344.26,
            "debt_ratio": 27.39,
            "inventory_turnover_ratio": 1.21,
            "account_receivable_turnover_ratio": 0.58,
            "reinvestment_rate": 25.77,
            "research_to_sale_ratio": null,
            "price_fair": 87.71,
            "eps_avg_yearly": 4.53,
            "eps_latest_yearly": 1.64,
            "eps_growth_yearly": 9.35
        },
        "20092": {
            "year_quarter": 20092,
            "year": 2009,
            "quarter": 2,
            "eps": 0.47,
            "eps_growth_year": -18.97,
            "eps_4q": 2.48,
            "eps_4q_growth_year": -12.02,
            "roe": 2.55,
            "roe_4q": 13.8,
            "gross_profit": 97946,
            "gross_margin": 15.82,
            "gross_margin_4q_avg": 16.45,
            "net_income": 34263,
            "revenue": 619009,
            "common_shares": 752428,
            "book_valuer_per_share": 16.83,
            "book_valuer_per_share_4q_avg": 17.53,
            "equity": 1285629,
            "current_ratio": 221.04,
            "debt_ratio": 40.52,
            "inventory_turnover_ratio": 1.89,
            "account_receivable_turnover_ratio": 0.82,
            "reinvestment_rate": 25.6,
            "research_to_sale_ratio": null,
            "price_fair": 92.38,
            "eps_avg_yearly": 4.34,
            "eps_latest_yearly": 1.88,
            "eps_growth_yearly": 11.29
        },
        "20093": {
            "year_quarter": 20093,
            "year": 2009,
            "quarter": 3,
            "eps": 1.35,
            "eps_growth_year": 39.18,
            "eps_4q": 2.86,
            "eps_4q_growth_year": 12.67,
            "roe": 7.25,
            "roe_4q": 15.51,
            "gross_profit": 117153,
            "gross_margin": 15.73,
            "gross_margin_4q_avg": 16.18,
            "net_income": 97657,
            "revenue": 744567,
            "common_shares": 752428,
            "book_valuer_per_share": 18.47,
            "book_valuer_per_share_4q_avg": 17.83,
            "equity": 1410150,
            "current_ratio": 216.69,
            "debt_ratio": 39.65,
            "inventory_turnover_ratio": 2.01,
            "account_receivable_turnover_ratio": 0.85,
            "reinvestment_rate": 24.07,
            "research_to_sale_ratio": null,
            "price_fair": 148.23,
            "eps_avg_yearly": 4.24,
            "eps_latest_yearly": 5.4,
            "eps_growth_yearly": 47.41
        },
        "20094": {
            "year_quarter": 20094,
            "year": 2009,
            "quarter": 4,
            "eps": 0.84,
            "eps_growth_year": 33.33,
            "eps_4q": 3.01,
            "eps_4q_growth_year": 29.35,
            "roe": 4.17,
            "roe_4q": 16.15,
            "gross_profit": 101794,
            "gross_margin": 14.56,
            "gross_margin_4q_avg": 15.42,
            "net_income": 61009,
            "revenue": 698896,
            "common_shares": 752428,
            "book_valuer_per_share": 20.34,
            "book_valuer_per_share_4q_avg": 18.49,
            "equity": 1517646,
            "current_ratio": 233.09,
            "debt_ratio": 37.49,
            "inventory_turnover_ratio": 1.8,
            "account_receivable_turnover_ratio": 1.34,
            "reinvestment_rate": 71.86,
            "research_to_sale_ratio": null,
            "price_fair": 141.84,
            "eps_avg_yearly": 4.05,
            "eps_latest_yearly": 3.36,
            "eps_growth_yearly": 40.79
        },
        "20101": {
            "year_quarter": 20101,
            "year": 2010,
            "quarter": 1,
            "eps": 0.85,
            "eps_growth_year": 107.32,
            "eps_4q": 3.46,
            "eps_4q_growth_year": 36.39,
            "roe": 4.06,
            "roe_4q": 18.03,
            "gross_profit": 131248,
            "gross_margin": 16.09,
            "gross_margin_4q_avg": 15.55,
            "net_income": 63547,
            "revenue": 815847,
            "common_shares": 757028,
            "book_valuer_per_share": 21.57,
            "book_valuer_per_share_4q_avg": 19.3,
            "equity": 1611143,
            "current_ratio": 227.9,
            "debt_ratio": 38.79,
            "inventory_turnover_ratio": 2.04,
            "account_receivable_turnover_ratio": 0.73,
            "reinvestment_rate": 73.41,
            "research_to_sale_ratio": null,
            "price_fair": 137.38,
            "eps_avg_yearly": 3.93,
            "eps_latest_yearly": 3.4,
            "eps_growth_yearly": 44.43
        },
        "20102": {
            "year_quarter": 20102,
            "year": 2010,
            "quarter": 2,
            "eps": 0.91,
            "eps_growth_year": 93.22,
            "eps_4q": 3.47,
            "eps_4q_growth_year": 39.96,
            "roe": 4.97,
            "roe_4q": 20.45,
            "gross_profit": 163163,
            "gross_margin": 17.26,
            "gross_margin_4q_avg": 15.91,
            "net_income": 78856,
            "revenue": 945393,
            "common_shares": 757218,
            "book_valuer_per_share": 20.88,
            "book_valuer_per_share_4q_avg": 20.32,
            "equity": 1560291,
            "current_ratio": 192.39,
            "debt_ratio": 46.46,
            "inventory_turnover_ratio": 2.08,
            "account_receivable_turnover_ratio": 0.71,
            "reinvestment_rate": 73.56,
            "research_to_sale_ratio": null,
            "price_fair": 131.6,
            "eps_avg_yearly": 3.76,
            "eps_latest_yearly": 3.64,
            "eps_growth_yearly": 42.34
        },
        "20103": {
            "year_quarter": 20103,
            "year": 2010,
            "quarter": 3,
            "eps": 0.89,
            "eps_growth_year": -34.32,
            "eps_4q": 3.17,
            "eps_4q_growth_year": 10.95,
            "roe": 4.78,
            "roe_4q": 17.979999999999997,
            "gross_profit": 155538,
            "gross_margin": 18.16,
            "gross_margin_4q_avg": 16.52,
            "net_income": 78883,
            "revenue": 856449,
            "common_shares": 883033,
            "book_valuer_per_share": 19.47,
            "book_valuer_per_share_4q_avg": 20.57,
            "equity": 1740138,
            "current_ratio": 229.45,
            "debt_ratio": 38.89,
            "inventory_turnover_ratio": 1.55,
            "account_receivable_turnover_ratio": 0.61,
            "reinvestment_rate": 77.47,
            "research_to_sale_ratio": null,
            "price_fair": 122.94,
            "eps_avg_yearly": 3.51,
            "eps_latest_yearly": 3.56,
            "eps_growth_yearly": 36.85
        },
        "20104": {
            "year_quarter": 20104,
            "year": 2010,
            "quarter": 4,
            "eps": 0.5,
            "eps_growth_year": -40.9,
            "eps_4q": 2.98,
            "eps_4q_growth_year": -0.92,
            "roe": 2.48,
            "roe_4q": 16.29,
            "gross_profit": 116252,
            "gross_margin": 17.19,
            "gross_margin_4q_avg": 17.18,
            "net_income": 43606,
            "revenue": 676434,
            "common_shares": 883033,
            "book_valuer_per_share": 19.82,
            "book_valuer_per_share_4q_avg": 20.44,
            "equity": 1775061,
            "current_ratio": 269.81,
            "debt_ratio": 33.43,
            "inventory_turnover_ratio": 1,
            "account_receivable_turnover_ratio": 0.57,
            "reinvestment_rate": 69.97,
            "research_to_sale_ratio": null,
            "price_fair": 114.54,
            "eps_avg_yearly": 3.27,
            "eps_latest_yearly": 2,
            "eps_growth_yearly": 31.48
        },
        "20111": {
            "year_quarter": 20111,
            "year": 2011,
            "quarter": 1,
            "eps": 0.69,
            "eps_growth_year": -18.82,
            "eps_4q": 2.95,
            "eps_4q_growth_year": -14.49,
            "roe": 3.38,
            "roe_4q": 15.61,
            "gross_profit": 123428,
            "gross_margin": 17.69,
            "gross_margin_4q_avg": 17.58,
            "net_income": 61252,
            "revenue": 697691,
            "common_shares": 885283,
            "book_valuer_per_share": 20.66,
            "book_valuer_per_share_4q_avg": 20.21,
            "equity": 1849737,
            "current_ratio": 269.81,
            "debt_ratio": 33.38,
            "inventory_turnover_ratio": 0.95,
            "account_receivable_turnover_ratio": 0.67,
            "reinvestment_rate": 73.93,
            "research_to_sale_ratio": null,
            "price_fair": 110.25,
            "eps_avg_yearly": 3.15,
            "eps_latest_yearly": 2.76,
            "eps_growth_yearly": 45.77
        },
        "20112": {
            "year_quarter": 20112,
            "year": 2011,
            "quarter": 2,
            "eps": 0.86,
            "eps_growth_year": -5.15,
            "eps_4q": 2.62,
            "eps_4q_growth_year": -24.35,
            "roe": 5,
            "roe_4q": 15.64,
            "gross_profit": 177280,
            "gross_margin": 19.39,
            "gross_margin_4q_avg": 18.11,
            "net_income": 89915,
            "revenue": 914094,
            "common_shares": 885283,
            "book_valuer_per_share": 19.48,
            "book_valuer_per_share_4q_avg": 19.86,
            "equity": 1744535,
            "current_ratio": 223.87,
            "debt_ratio": 40.41,
            "inventory_turnover_ratio": 1.31,
            "account_receivable_turnover_ratio": 0.78,
            "reinvestment_rate": 79.37,
            "research_to_sale_ratio": null,
            "price_fair": 107.89,
            "eps_avg_yearly": 3.08,
            "eps_latest_yearly": 3.44,
            "eps_growth_yearly": 52.99
        },
        "20113": {
            "year_quarter": 20113,
            "year": 2011,
            "quarter": 3,
            "eps": 0.64,
            "eps_growth_year": -27.34,
            "eps_4q": 2.51,
            "eps_4q_growth_year": -20.81,
            "roe": 3.81,
            "roe_4q": 14.670000000000002,
            "gross_profit": 124921,
            "gross_margin": 19.39,
            "gross_margin_4q_avg": 18.42,
            "net_income": 67394,
            "revenue": 644116,
            "common_shares": 1040887,
            "book_valuer_per_share": 17.04,
            "book_valuer_per_share_4q_avg": 19.25,
            "equity": 1792920,
            "current_ratio": 272.39,
            "debt_ratio": 33.06,
            "inventory_turnover_ratio": 0.92,
            "account_receivable_turnover_ratio": 0.55,
            "reinvestment_rate": 82.01,
            "research_to_sale_ratio": null,
            "price_fair": 102.64,
            "eps_avg_yearly": 2.93,
            "eps_latest_yearly": 2.56,
            "eps_growth_yearly": 44.16
        },
        "20114": {
            "year_quarter": 20114,
            "year": 2011,
            "quarter": 4,
            "eps": 0.51,
            "eps_growth_year": 1.86,
            "eps_4q": 2.63,
            "eps_4q_growth_year": -11.56,
            "roe": 2.95,
            "roe_4q": 15.14,
            "gross_profit": 117914,
            "gross_margin": 20.11,
            "gross_margin_4q_avg": 19.15,
            "net_income": 52279,
            "revenue": 586376,
            "common_shares": 1040887,
            "book_valuer_per_share": 16.96,
            "book_valuer_per_share_4q_avg": 18.54,
            "equity": 1754108,
            "current_ratio": 336.43,
            "debt_ratio": 26.54,
            "inventory_turnover_ratio": 0.84,
            "account_receivable_turnover_ratio": 0.6,
            "reinvestment_rate": 58.56,
            "research_to_sale_ratio": null,
            "price_fair": 99.49,
            "eps_avg_yearly": 2.84,
            "eps_latest_yearly": 2.04,
            "eps_growth_yearly": 46.55
        },
        "20121": {
            "year_quarter": 20121,
            "year": 2012,
            "quarter": 1,
            "eps": 0.38,
            "eps_growth_year": -44.93,
            "eps_4q": 2.43,
            "eps_4q_growth_year": -17.91,
            "roe": 2.18,
            "roe_4q": 13.940000000000001,
            "gross_profit": 104699,
            "gross_margin": 18.14,
            "gross_margin_4q_avg": 19.26,
            "net_income": 39182,
            "revenue": 577205,
            "common_shares": 1043077,
            "book_valuer_per_share": 17.89,
            "book_valuer_per_share_4q_avg": 17.84,
            "equity": 1845582,
            "current_ratio": 357.05,
            "debt_ratio": 25.16,
            "inventory_turnover_ratio": 0.98,
            "account_receivable_turnover_ratio": 0.66,
            "reinvestment_rate": 54.05,
            "research_to_sale_ratio": null,
            "price_fair": 100.45,
            "eps_avg_yearly": 2.87,
            "eps_latest_yearly": 1.52,
            "eps_growth_yearly": 57.41
        },
        "20122": {
            "year_quarter": 20122,
            "year": 2012,
            "quarter": 2,
            "eps": 0.48,
            "eps_growth_year": -44.1,
            "eps_4q": 1.89,
            "eps_4q_growth_year": -28.01,
            "roe": 3.06,
            "roe_4q": 12.000000000000002,
            "gross_profit": 113726,
            "gross_margin": 18.36,
            "gross_margin_4q_avg": 19,
            "net_income": 54560,
            "revenue": 619343,
            "common_shares": 1043077,
            "book_valuer_per_share": 16.69,
            "book_valuer_per_share_4q_avg": 17.15,
            "equity": 1722818,
            "current_ratio": 272.67,
            "debt_ratio": 32.95,
            "inventory_turnover_ratio": 1.13,
            "account_receivable_turnover_ratio": 0.7,
            "reinvestment_rate": 61.88,
            "research_to_sale_ratio": null,
            "price_fair": 99.58,
            "eps_avg_yearly": 2.85,
            "eps_latest_yearly": 1.92,
            "eps_growth_yearly": 35.29
        },
        "20123": {
            "year_quarter": 20123,
            "year": 2012,
            "quarter": 3,
            "eps": 0.56,
            "eps_growth_year": -12.6,
            "eps_4q": 1.85,
            "eps_4q_growth_year": -26.29,
            "roe": 3.63,
            "roe_4q": 11.82,
            "gross_profit": 111131,
            "gross_margin": 18.13,
            "gross_margin_4q_avg": 18.69,
            "net_income": 63741,
            "revenue": 613056,
            "common_shares": 1145085,
            "book_valuer_per_share": 15.74,
            "book_valuer_per_share_4q_avg": 16.82,
            "equity": 1787690,
            "current_ratio": 345.78,
            "debt_ratio": 25.69,
            "inventory_turnover_ratio": 1.2,
            "account_receivable_turnover_ratio": 0.68,
            "reinvestment_rate": 66.47,
            "research_to_sale_ratio": null,
            "price_fair": 89.53,
            "eps_avg_yearly": 2.74,
            "eps_latest_yearly": 2.24,
            "eps_growth_yearly": 22.65
        },
        "20124": {
            "year_quarter": 20124,
            "year": 2012,
            "quarter": 4,
            "eps": 0.23,
            "eps_growth_year": -54.86,
            "eps_4q": 1.62,
            "eps_4q_growth_year": -38.49,
            "roe": 1.38,
            "roe_4q": 10.25,
            "gross_profit": 81496,
            "gross_margin": 16.18,
            "gross_margin_4q_avg": 17.7,
            "net_income": 25784,
            "revenue": 503812,
            "common_shares": 1146015,
            "book_valuer_per_share": 17.19,
            "book_valuer_per_share_4q_avg": 16.88,
            "equity": 1950910,
            "current_ratio": 430.91,
            "debt_ratio": 20.82,
            "inventory_turnover_ratio": 1.15,
            "account_receivable_turnover_ratio": 0.6,
            "reinvestment_rate": 67.21,
            "research_to_sale_ratio": null,
            "price_fair": 70.49,
            "eps_avg_yearly": 2.64,
            "eps_latest_yearly": 0.92,
            "eps_growth_yearly": 16.68
        },
        "20131": {
            "year_quarter": 20131,
            "year": 2013,
            "quarter": 1,
            "eps": 0.51,
            "eps_growth_year": 34.21,
            "eps_4q": 1.77,
            "eps_4q_growth_year": -26.98,
            "roe": 2.76,
            "roe_4q": 10.83,
            "gross_profit": 145400,
            "gross_margin": 15.07,
            "gross_margin_4q_avg": 16.94,
            "net_income": 60839,
            "revenue": 965117,
            "common_shares": 1146015,
            "book_valuer_per_share": 18.31,
            "book_valuer_per_share_4q_avg": 16.98,
            "equity": 2450103,
            "current_ratio": 165.51,
            "debt_ratio": 55.23,
            "inventory_turnover_ratio": 1.3,
            "account_receivable_turnover_ratio": 0.72,
            "reinvestment_rate": 35.36,
            "research_to_sale_ratio": null,
            "price_fair": 93.36,
            "eps_avg_yearly": 2.67,
            "eps_latest_yearly": 2.04,
            "eps_growth_yearly": 55.84
        },
        "20132": {
            "year_quarter": 20132,
            "year": 2013,
            "quarter": 2,
            "eps": 0.57,
            "eps_growth_year": 18.38,
            "eps_4q": 1.72,
            "eps_4q_growth_year": -8.92,
            "roe": 3,
            "roe_4q": 10.77,
            "gross_profit": 216333,
            "gross_margin": 13.31,
            "gross_margin_4q_avg": 15.67,
            "net_income": 74204,
            "revenue": 1625484,
            "common_shares": 1151995,
            "book_valuer_per_share": 18.73,
            "book_valuer_per_share_4q_avg": 17.49,
            "equity": 2500206,
            "current_ratio": 165.86,
            "debt_ratio": 54.7,
            "inventory_turnover_ratio": 1.48,
            "account_receivable_turnover_ratio": 0.88,
            "reinvestment_rate": 36.99,
            "research_to_sale_ratio": null,
            "price_fair": 94.24,
            "eps_avg_yearly": 2.69,
            "eps_latest_yearly": 2.28,
            "eps_growth_yearly": 55.12
        },
        "20133": {
            "year_quarter": 20133,
            "year": 2013,
            "quarter": 3,
            "eps": 0.98,
            "eps_growth_year": 74.04,
            "eps_4q": 2.16,
            "eps_4q_growth_year": 16.47,
            "roe": 5.08,
            "roe_4q": 12.219999999999999,
            "gross_profit": 228982,
            "gross_margin": 12,
            "gross_margin_4q_avg": 14.14,
            "net_income": 129458,
            "revenue": 1908294,
            "common_shares": 1287474,
            "book_valuer_per_share": 17.17,
            "book_valuer_per_share_4q_avg": 17.85,
            "equity": 2601125,
            "current_ratio": 165.29,
            "debt_ratio": 54.56,
            "inventory_turnover_ratio": 1.67,
            "account_receivable_turnover_ratio": 1.02,
            "reinvestment_rate": 39.61,
            "research_to_sale_ratio": null,
            "price_fair": 91,
            "eps_avg_yearly": 2.6,
            "eps_latest_yearly": 3.92,
            "eps_growth_yearly": 26.3
        },
        "20134": {
            "year_quarter": 20134,
            "year": 2013,
            "quarter": 4,
            "eps": 0.52,
            "eps_growth_year": 128.75,
            "eps_4q": 2.48,
            "eps_4q_growth_year": 53.14,
            "roe": 2.57,
            "roe_4q": 13.41,
            "gross_profit": 245749,
            "gross_margin": 13.08,
            "gross_margin_4q_avg": 13.37,
            "net_income": 68034,
            "revenue": 1878961,
            "common_shares": 1291534,
            "book_valuer_per_share": 17.51,
            "book_valuer_per_share_4q_avg": 17.93,
            "equity": 2697677,
            "current_ratio": 168.52,
            "debt_ratio": 53.67,
            "inventory_turnover_ratio": 1.59,
            "account_receivable_turnover_ratio": 0.93,
            "reinvestment_rate": -8.95,
            "research_to_sale_ratio": null,
            "price_fair": 85.7,
            "eps_avg_yearly": 2.52,
            "eps_latest_yearly": 2.08,
            "eps_growth_yearly": 24.01
        },
        "20141": {
            "year_quarter": 20141,
            "year": 2014,
            "quarter": 1,
            "eps": 0.62,
            "eps_growth_year": 21.57,
            "eps_4q": 2.66,
            "eps_4q_growth_year": 49.94,
            "roe": 3.24,
            "roe_4q": 13.89,
            "gross_profit": 268947,
            "gross_margin": 14.41,
            "gross_margin_4q_avg": 13.2,
            "net_income": 90038,
            "revenue": 1866098,
            "common_shares": 1291534,
            "book_valuer_per_share": 18.29,
            "book_valuer_per_share_4q_avg": 17.93,
            "equity": 2855872,
            "current_ratio": 174.83,
            "debt_ratio": 52.25,
            "inventory_turnover_ratio": 1.49,
            "account_receivable_turnover_ratio": 0.85,
            "reinvestment_rate": -16.76,
            "research_to_sale_ratio": null,
            "price_fair": 86.19,
            "eps_avg_yearly": 2.46,
            "eps_latest_yearly": 2.48,
            "eps_growth_yearly": 28.52
        },
        "20142": {
            "year_quarter": 20142,
            "year": 2014,
            "quarter": 2,
            "eps": 0.44,
            "eps_growth_year": -22.81,
            "eps_4q": 2.32,
            "eps_4q_growth_year": 34.86,
            "roe": 2.62,
            "roe_4q": 13.51,
            "gross_profit": 308292,
            "gross_margin": 14.24,
            "gross_margin_4q_avg": 13.43,
            "net_income": 73773,
            "revenue": 2165511,
            "common_shares": 1291534,
            "book_valuer_per_share": 17.55,
            "book_valuer_per_share_4q_avg": 17.63,
            "equity": 2767849,
            "current_ratio": 163.01,
            "debt_ratio": 56.12,
            "inventory_turnover_ratio": 1.6,
            "account_receivable_turnover_ratio": 0.93,
            "reinvestment_rate": -19.8,
            "research_to_sale_ratio": null,
            "price_fair": 69.17,
            "eps_avg_yearly": 2.35,
            "eps_latest_yearly": 1.76,
            "eps_growth_yearly": 19.5
        },
        "20143": {
            "year_quarter": 20143,
            "year": 2014,
            "quarter": 3,
            "eps": 0.39,
            "eps_growth_year": -60.2,
            "eps_4q": 1.85,
            "eps_4q_growth_year": -14.4,
            "roe": 1.83,
            "roe_4q": 10.26,
            "gross_profit": 325863,
            "gross_margin": 13.69,
            "gross_margin_4q_avg": 13.86,
            "net_income": 50579,
            "revenue": 2379534,
            "common_shares": 1446518,
            "book_valuer_per_share": 15.71,
            "book_valuer_per_share_4q_avg": 17.27,
            "equity": 2768709,
            "current_ratio": 155.5,
            "debt_ratio": 58.85,
            "inventory_turnover_ratio": 1.61,
            "account_receivable_turnover_ratio": 0.92,
            "reinvestment_rate": -23.55,
            "research_to_sale_ratio": null,
            "price_fair": 60.39,
            "eps_avg_yearly": 2.22,
            "eps_latest_yearly": 1.56,
            "eps_growth_yearly": 17.2
        },
        "20144": {
            "year_quarter": 20144,
            "year": 2014,
            "quarter": 4,
            "eps": 1.01,
            "eps_growth_year": 94.27,
            "eps_4q": 2.27,
            "eps_4q_growth_year": -8.5,
            "roe": 5.9,
            "roe_4q": 13.590000000000002,
            "gross_profit": 326702,
            "gross_margin": 15.32,
            "gross_margin_4q_avg": 14.42,
            "net_income": 168307,
            "revenue": 2132305,
            "common_shares": 1590184,
            "book_valuer_per_share": 17.67,
            "book_valuer_per_share_4q_avg": 17.31,
            "equity": 2934947,
            "current_ratio": 158.35,
            "debt_ratio": 57.89,
            "inventory_turnover_ratio": 1.28,
            "account_receivable_turnover_ratio": 0.77,
            "reinvestment_rate": -14.83,
            "research_to_sale_ratio": null,
            "price_fair": 82.16,
            "eps_avg_yearly": 2.35,
            "eps_latest_yearly": 4.04,
            "eps_growth_yearly": 67.9
        },
        "20151": {
            "year_quarter": 20151,
            "year": 2015,
            "quarter": 1,
            "eps": 0.65,
            "eps_growth_year": 4.84,
            "eps_4q": 2.42,
            "eps_4q_growth_year": -8.92,
            "roe": 3.58,
            "roe_4q": 13.93,
            "gross_profit": 318931,
            "gross_margin": 15.22,
            "gross_margin_4q_avg": 14.62,
            "net_income": 107008,
            "revenue": 2095805,
            "common_shares": 1590184,
            "book_valuer_per_share": 18.32,
            "book_valuer_per_share_4q_avg": 17.31,
            "equity": 3042570,
            "current_ratio": 163.23,
            "debt_ratio": 55.94,
            "inventory_turnover_ratio": 1.17,
            "account_receivable_turnover_ratio": 0.79,
            "reinvestment_rate": -13.94,
            "research_to_sale_ratio": null,
            "price_fair": 81.81,
            "eps_avg_yearly": 2.34,
            "eps_latest_yearly": 2.6,
            "eps_growth_yearly": 49.49
        },
        "20152": {
            "year_quarter": 20152,
            "year": 2015,
            "quarter": 2,
            "eps": 0.28,
            "eps_growth_year": -36.36,
            "eps_4q": 2.2,
            "eps_4q_growth_year": -4.92,
            "roe": 1.68,
            "roe_4q": 12.99,
            "gross_profit": 257264,
            "gross_margin": 12.91,
            "gross_margin_4q_avg": 14.29,
            "net_income": 48481,
            "revenue": 1992005,
            "common_shares": 1590184,
            "book_valuer_per_share": 16.64,
            "book_valuer_per_share_4q_avg": 17.09,
            "equity": 2719300,
            "current_ratio": 164.12,
            "debt_ratio": 59.99,
            "inventory_turnover_ratio": 1.15,
            "account_receivable_turnover_ratio": 0.8,
            "reinvestment_rate": -13.31,
            "research_to_sale_ratio": null,
            "price_fair": 76.74,
            "eps_avg_yearly": 2.19,
            "eps_latest_yearly": 1.12,
            "eps_growth_yearly": 29.1
        },
        "20153": {
            "year_quarter": 20153,
            "year": 2015,
            "quarter": 3,
            "eps": 0.76,
            "eps_growth_year": 94.87,
            "eps_4q": 2.63,
            "eps_4q_growth_year": 42.58,
            "roe": 4.62,
            "roe_4q": 15.78,
            "gross_profit": 288737,
            "gross_margin": 13.83,
            "gross_margin_4q_avg": 14.32,
            "net_income": 129207,
            "revenue": 2087375,
            "common_shares": 1669693,
            "book_valuer_per_share": 16.79,
            "book_valuer_per_share_4q_avg": 17.36,
            "equity": 2875916,
            "current_ratio": 175.94,
            "debt_ratio": 54.96,
            "inventory_turnover_ratio": 1.25,
            "account_receivable_turnover_ratio": 0.83,
            "reinvestment_rate": -13.2,
            "research_to_sale_ratio": null,
            "price_fair": 77.79,
            "eps_avg_yearly": 2.22,
            "eps_latest_yearly": 3.04,
            "eps_growth_yearly": 78.35
        },
        "20154": {
            "year_quarter": 20154,
            "year": 2015,
            "quarter": 4,
            "eps": 0.57,
            "eps_growth_year": -44.02,
            "eps_4q": 2.26,
            "eps_4q_growth_year": -0.45,
            "roe": 3.28,
            "roe_4q": 13.16,
            "gross_profit": 290478,
            "gross_margin": 13.93,
            "gross_margin_4q_avg": 13.97,
            "net_income": 94381,
            "revenue": 2085683,
            "common_shares": 1669693,
            "book_valuer_per_share": 17.03,
            "book_valuer_per_share_4q_avg": 17.2,
            "equity": 2874665,
            "current_ratio": 184.19,
            "debt_ratio": 54.11,
            "inventory_turnover_ratio": 1.28,
            "account_receivable_turnover_ratio": 0.84,
            "reinvestment_rate": -10.11,
            "research_to_sale_ratio": null,
            "price_fair": 78.31,
            "eps_avg_yearly": 2.24,
            "eps_latest_yearly": 2.28,
            "eps_growth_yearly": 77.18
        },
        "20161": {
            "year_quarter": 20161,
            "year": 2016,
            "quarter": 1,
            "eps": 0.46,
            "eps_growth_year": -29.23,
            "eps_4q": 2.09,
            "eps_4q_growth_year": -13.42,
            "roe": 2.59,
            "roe_4q": 12.169999999999998,
            "gross_profit": 271627,
            "gross_margin": 14.4,
            "gross_margin_4q_avg": 13.77,
            "net_income": 75871,
            "revenue": 1886591,
            "common_shares": 1669693,
            "book_valuer_per_share": 17.75,
            "book_valuer_per_share_4q_avg": 17.05,
            "equity": 2993798,
            "current_ratio": 191.46,
            "debt_ratio": 50.5,
            "inventory_turnover_ratio": 1.15,
            "account_receivable_turnover_ratio": 0.84,
            "reinvestment_rate": -9.99,
            "research_to_sale_ratio": null,
            "price_fair": 79.01,
            "eps_avg_yearly": 2.26,
            "eps_latest_yearly": 1.84,
            "eps_growth_yearly": 78.73
        },
        "20162": {
            "year_quarter": 20162,
            "year": 2016,
            "quarter": 2,
            "eps": 0.62,
            "eps_growth_year": 121.43,
            "eps_4q": 2.42,
            "eps_4q_growth_year": 9.79,
            "roe": 3.51,
            "roe_4q": 14,
            "gross_profit": 299595,
            "gross_margin": 14.76,
            "gross_margin_4q_avg": 14.23,
            "net_income": 101232,
            "revenue": 2029352,
            "common_shares": 1669693,
            "book_valuer_per_share": 16.45,
            "book_valuer_per_share_4q_avg": 17.01,
            "equity": 2777544,
            "current_ratio": 188.92,
            "debt_ratio": 54.65,
            "inventory_turnover_ratio": 1.22,
            "account_receivable_turnover_ratio": 0.94,
            "reinvestment_rate": -9.54,
            "research_to_sale_ratio": null,
            "price_fair": 80.24,
            "eps_avg_yearly": 2.29,
            "eps_latest_yearly": 2.48,
            "eps_growth_yearly": 80.85
        },
        "20163": {
            "year_quarter": 20163,
            "year": 2016,
            "quarter": 3,
            "eps": 0.6,
            "eps_growth_year": -21.05,
            "eps_4q": 2.25,
            "eps_4q_growth_year": -14.6,
            "roe": 3.51,
            "roe_4q": 12.889999999999999,
            "gross_profit": 324172,
            "gross_margin": 13.58,
            "gross_margin_4q_avg": 14.17,
            "net_income": 98907,
            "revenue": 2386441,
            "common_shares": 1669693,
            "book_valuer_per_share": 16.92,
            "book_valuer_per_share_4q_avg": 17.04,
            "equity": 2850703,
            "current_ratio": 157.17,
            "debt_ratio": 58.96,
            "inventory_turnover_ratio": 1.44,
            "account_receivable_turnover_ratio": 0.99,
            "reinvestment_rate": 0.86,
            "research_to_sale_ratio": null,
            "price_fair": 80.59,
            "eps_avg_yearly": 2.3,
            "eps_latest_yearly": 2.4,
            "eps_growth_yearly": 75.87
        },
        "20164": {
            "year_quarter": 20164,
            "year": 2016,
            "quarter": 4,
            "eps": 0.67,
            "eps_growth_year": 18.45,
            "eps_4q": 2.35,
            "eps_4q_growth_year": 4.13,
            "roe": 3.87,
            "roe_4q": 13.48,
            "gross_profit": 339108,
            "gross_margin": 15.81,
            "gross_margin_4q_avg": 14.64,
            "net_income": 112714,
            "revenue": 2144420,
            "common_shares": 1669693,
            "book_valuer_per_share": 17.63,
            "book_valuer_per_share_4q_avg": 17.19,
            "equity": 2970656,
            "current_ratio": 158.33,
            "debt_ratio": 57.99,
            "inventory_turnover_ratio": 1.17,
            "account_receivable_turnover_ratio": 0.81,
            "reinvestment_rate": 0.02,
            "research_to_sale_ratio": null,
            "price_fair": 84.44,
            "eps_avg_yearly": 2.41,
            "eps_latest_yearly": 2.68,
            "eps_growth_yearly": 93.52
        },
        "20171": {
            "year_quarter": 20171,
            "year": 2017,
            "quarter": 1,
            "eps": 0.8,
            "eps_growth_year": 73.91,
            "eps_4q": 2.66,
            "eps_4q_growth_year": 26.83,
            "roe": 4.25,
            "roe_4q": 15.14,
            "gross_profit": 291305,
            "gross_margin": 14.53,
            "gross_margin_4q_avg": 14.67,
            "net_income": 132068,
            "revenue": 2004374,
            "common_shares": 1669693,
            "book_valuer_per_share": 19.03,
            "book_valuer_per_share_4q_avg": 17.51,
            "equity": 3248792,
            "current_ratio": 169.52,
            "debt_ratio": 52.35,
            "inventory_turnover_ratio": 1.03,
            "account_receivable_turnover_ratio": 0.79,
            "reinvestment_rate": 14.08,
            "research_to_sale_ratio": null,
            "price_fair": 86.98,
            "eps_avg_yearly": 2.49,
            "eps_latest_yearly": 3.2,
            "eps_growth_yearly": 67.94
        },
        "20172": {
            "year_quarter": 20172,
            "year": 2017,
            "quarter": 2,
            "eps": 0.6,
            "eps_growth_year": -3.23,
            "eps_4q": 2.65,
            "eps_4q_growth_year": 9.28,
            "roe": 3.24,
            "roe_4q": 14.87,
            "gross_profit": 295173,
            "gross_margin": 14.52,
            "gross_margin_4q_avg": 14.61,
            "net_income": 100621,
            "revenue": 2032946,
            "common_shares": 1669693,
            "book_valuer_per_share": 17.59,
            "book_valuer_per_share_4q_avg": 17.79,
            "equity": 2964014,
            "current_ratio": 156.48,
            "debt_ratio": 56.18,
            "inventory_turnover_ratio": 1.07,
            "account_receivable_turnover_ratio": 0.83,
            "reinvestment_rate": 12.5,
            "research_to_sale_ratio": null,
            "price_fair": 87.24,
            "eps_avg_yearly": 2.49,
            "eps_latest_yearly": 2.4,
            "eps_growth_yearly": 58.75
        },
        "20173": {
            "year_quarter": 20173,
            "year": 2017,
            "quarter": 3,
            "eps": 1.03,
            "eps_growth_year": 71.67,
            "eps_4q": 3.08,
            "eps_4q_growth_year": 36.85,
            "roe": 5.69,
            "roe_4q": 17.05,
            "gross_profit": 377663,
            "gross_margin": 17.1,
            "gross_margin_4q_avg": 15.49,
            "net_income": 172535,
            "revenue": 2208991,
            "common_shares": 1669693,
            "book_valuer_per_share": 18.38,
            "book_valuer_per_share_4q_avg": 18.16,
            "equity": 3097399,
            "current_ratio": 158.6,
            "debt_ratio": 54.92,
            "inventory_turnover_ratio": 1.19,
            "account_receivable_turnover_ratio": 0.85,
            "reinvestment_rate": 10.27,
            "research_to_sale_ratio": null,
            "price_fair": 87.68,
            "eps_avg_yearly": 2.51,
            "eps_latest_yearly": 4.12,
            "eps_growth_yearly": 58.68
        },
        "20174": {
            "year_quarter": 20174,
            "year": 2017,
            "quarter": 4,
            "eps": 1.07,
            "eps_growth_year": 59.46,
            "eps_4q": 3.49,
            "eps_4q_growth_year": 48.18,
            "roe": 5.76,
            "roe_4q": 18.939999999999998,
            "gross_profit": 455833,
            "gross_margin": 22.74,
            "gross_margin_4q_avg": 17.22,
            "net_income": 188304,
            "revenue": 2004141,
            "common_shares": 1669693,
            "book_valuer_per_share": 19.5,
            "book_valuer_per_share_4q_avg": 18.63,
            "equity": 3437333,
            "current_ratio": 196.32,
            "debt_ratio": 52.72,
            "inventory_turnover_ratio": 0.97,
            "account_receivable_turnover_ratio": 0.78,
            "reinvestment_rate": 9.04,
            "research_to_sale_ratio": null,
            "price_fair": 92.49,
            "eps_avg_yearly": 2.64,
            "eps_latest_yearly": 4.28,
            "eps_growth_yearly": 71.39
        },
        "20181": {
            "year_quarter": 20181,
            "year": 2018,
            "quarter": 1,
            "eps": 2.08,
            "eps_growth_year": 160,
            "eps_4q": 4.78,
            "eps_4q_growth_year": 79.95,
            "roe": 9.73,
            "roe_4q": 24.42,
            "gross_profit": 690966,
            "gross_margin": 26.74,
            "gross_margin_4q_avg": 20.28,
            "net_income": 354757,
            "revenue": 2584424,
            "common_shares": 1669693,
            "book_valuer_per_share": 21.93,
            "book_valuer_per_share_4q_avg": 19.35,
            "equity": 3851560,
            "current_ratio": 183.31,
            "debt_ratio": 47.65,
            "inventory_turnover_ratio": 1.15,
            "account_receivable_turnover_ratio": 0.97,
            "reinvestment_rate": 11.01,
            "research_to_sale_ratio": 0.3,
            "price_fair": 105.26,
            "eps_avg_yearly": 3.01,
            "eps_latest_yearly": 8.32,
            "eps_growth_yearly": 90.18
        },
        "20182": {
            "year_quarter": 20182,
            "year": 2018,
            "quarter": 2,
            "eps": 2.78,
            "eps_growth_year": 363.33,
            "eps_4q": 6.69,
            "eps_4q_growth_year": 152.97,
            "roe": 12.2,
            "roe_4q": 33.379999999999995,
            "gross_profit": 859392,
            "gross_margin": 29.99,
            "gross_margin_4q_avg": 24.14,
            "net_income": 509987,
            "revenue": 2866012,
            "common_shares": 1669693,
            "book_valuer_per_share": 25.65,
            "book_valuer_per_share_4q_avg": 21.37,
            "equity": 4511187,
            "current_ratio": 209.64,
            "debt_ratio": 47.85,
            "inventory_turnover_ratio": 1.24,
            "account_receivable_turnover_ratio": 0.91,
            "reinvestment_rate": 9.6,
            "research_to_sale_ratio": 0.31,
            "price_fair": 125.74,
            "eps_avg_yearly": 3.59,
            "eps_latest_yearly": 11.12,
            "eps_growth_yearly": 105.85
        },
        "20183": {
            "year_quarter": 20183,
            "year": 2018,
            "quarter": 3,
            "eps": 2.71,
            "eps_growth_year": 163.11,
            "eps_4q": 8.44,
            "eps_4q_growth_year": 174.33,
            "roe": 10.66,
            "roe_4q": 38.35,
            "gross_profit": 978899,
            "gross_margin": 31.52,
            "gross_margin_4q_avg": 27.75,
            "net_income": 494094,
            "revenue": 3106136,
            "common_shares": 1786572,
            "book_valuer_per_share": 25.36,
            "book_valuer_per_share_4q_avg": 23.11,
            "equity": 4760908,
            "current_ratio": 215.17,
            "debt_ratio": 46.63,
            "inventory_turnover_ratio": 1.18,
            "account_receivable_turnover_ratio": 0.87,
            "reinvestment_rate": 1.95,
            "research_to_sale_ratio": 0.29,
            "price_fair": 146.04,
            "eps_avg_yearly": 4.17,
            "eps_latest_yearly": 10.84,
            "eps_growth_yearly": 108.06
        },
        "20184": {
            "year_quarter": 20184,
            "year": 2018,
            "quarter": 4,
            "eps": 1.12,
            "eps_growth_year": 4.35,
            "eps_4q": 8.56,
            "eps_4q_growth_year": 145.43,
            "roe": 4.49,
            "roe_4q": 37.08,
            "gross_profit": 444234,
            "gross_margin": 20.93,
            "gross_margin_4q_avg": 27.3,
            "net_income": 216077,
            "revenue": 2122617,
            "common_shares": 1786572,
            "book_valuer_per_share": 25.93,
            "book_valuer_per_share_4q_avg": 24.72,
            "equity": 4858188,
            "current_ratio": 220.7,
            "debt_ratio": 44.67,
            "inventory_turnover_ratio": 0.72,
            "account_receivable_turnover_ratio": 0.63,
            "reinvestment_rate": 1.99,
            "research_to_sale_ratio": 0.48,
            "price_fair": 147,
            "eps_avg_yearly": 4.2,
            "eps_latest_yearly": 4.48,
            "eps_growth_yearly": 53.65
        },
        "20191": {
            "year_quarter": 20191,
            "year": 2019,
            "quarter": 1,
            "eps": 0.98,
            "eps_growth_year": -52.88,
            "eps_4q": 7.59,
            "eps_4q_growth_year": 58.77,
            "roe": 3.61,
            "roe_4q": 30.959999999999997,
            "gross_profit": 399178,
            "gross_margin": 18.95,
            "gross_margin_4q_avg": 25.35,
            "net_income": 180297,
            "revenue": 2106240,
            "common_shares": 1786572,
            "book_valuer_per_share": 27.43,
            "book_valuer_per_share_4q_avg": 26.09,
            "equity": 5134722,
            "current_ratio": 232.35,
            "debt_ratio": 39.35,
            "inventory_turnover_ratio": 0.66,
            "account_receivable_turnover_ratio": 0.77,
            "reinvestment_rate": 1.36,
            "research_to_sale_ratio": 0.65,
            "price_fair": 149.89,
            "eps_avg_yearly": 4.28,
            "eps_latest_yearly": 3.92,
            "eps_growth_yearly": 59.44
        },
        "20192": {
            "year_quarter": 20192,
            "year": 2019,
            "quarter": 2,
            "eps": 0.7,
            "eps_growth_year": -74.82,
            "eps_4q": 5.51,
            "eps_4q_growth_year": -17.71,
            "roe": 2.84,
            "roe_4q": 21.6,
            "gross_profit": 353958,
            "gross_margin": 15.72,
            "gross_margin_4q_avg": 21.78,
            "net_income": 130702,
            "revenue": 2251536,
            "common_shares": 1786572,
            "book_valuer_per_share": 21.62,
            "book_valuer_per_share_4q_avg": 25.09,
            "equity": 4085332,
            "current_ratio": 184.03,
            "debt_ratio": 47.8,
            "inventory_turnover_ratio": 0.84,
            "account_receivable_turnover_ratio": 0.88,
            "reinvestment_rate": -1.59,
            "research_to_sale_ratio": 0.59,
            "price_fair": 153.56,
            "eps_avg_yearly": 4.39,
            "eps_latest_yearly": 2.8,
            "eps_growth_yearly": 66.52
        },
        "20193": {
            "year_quarter": 20193,
            "year": 2019,
            "quarter": 3,
            "eps": 1.24,
            "eps_growth_year": -54.24,
            "eps_4q": 4.04,
            "eps_4q_growth_year": -52.19,
            "roe": 5.39,
            "roe_4q": 16.33,
            "gross_profit": 377093,
            "gross_margin": 16.39,
            "gross_margin_4q_avg": 18,
            "net_income": 225808,
            "revenue": 2300928,
            "common_shares": 1786572,
            "book_valuer_per_share": 22.77,
            "book_valuer_per_share_4q_avg": 24.44,
            "equity": 4296384,
            "current_ratio": 210.8,
            "debt_ratio": 43.15,
            "inventory_turnover_ratio": 1.03,
            "account_receivable_turnover_ratio": 0.82,
            "reinvestment_rate": -1.33,
            "research_to_sale_ratio": 0.55,
            "price_fair": 157.76,
            "eps_avg_yearly": 4.51,
            "eps_latest_yearly": 4.96,
            "eps_growth_yearly": 42.95
        },
        "20194": {
            "year_quarter": 20194,
            "year": 2019,
            "quarter": 4,
            "eps": 0.4,
            "eps_growth_year": -63.95,
            "eps_4q": 3.32,
            "eps_4q_growth_year": -61.2,
            "roe": 1.81,
            "roe_4q": 13.649999999999999,
            "gross_profit": 325625,
            "gross_margin": 15.07,
            "gross_margin_4q_avg": 16.53,
            "net_income": 78947,
            "revenue": 2161325,
            "common_shares": 1786572,
            "book_valuer_per_share": 23.45,
            "book_valuer_per_share_4q_avg": 23.82,
            "equity": 4423830,
            "current_ratio": 216.1,
            "debt_ratio": 39.5,
            "inventory_turnover_ratio": 1.12,
            "account_receivable_turnover_ratio": 0.76,
            "reinvestment_rate": -2.51,
            "research_to_sale_ratio": 0.6,
            "price_fair": 156.28,
            "eps_avg_yearly": 4.47,
            "eps_latest_yearly": 1.6,
            "eps_growth_yearly": 32.27
        },
        "20201": {
            "year_quarter": 20201,
            "year": 2020,
            "quarter": 1,
            "eps": 0.82,
            "eps_growth_year": -16.33,
            "eps_4q": 3.16,
            "eps_4q_growth_year": -58.3,
            "roe": 3.55,
            "roe_4q": 13.59,
            "gross_profit": 357358,
            "gross_margin": 17.31,
            "gross_margin_4q_avg": 16.12,
            "net_income": 155206,
            "revenue": 2064068,
            "common_shares": 1786572,
            "book_valuer_per_share": 22.99,
            "book_valuer_per_share_4q_avg": 22.71,
            "equity": 4332090,
            "current_ratio": 218.65,
            "debt_ratio": 38.64,
            "inventory_turnover_ratio": 1.11,
            "account_receivable_turnover_ratio": 0.77,
            "reinvestment_rate": -2.34,
            "research_to_sale_ratio": 0.64,
            "price_fair": 159.43,
            "eps_avg_yearly": 4.56,
            "eps_latest_yearly": 3.28,
            "eps_growth_yearly": 63.34
        },
        "20202": {
            "year_quarter": 20202,
            "year": 2020,
            "quarter": 2,
            "eps": 0.88,
            "eps_growth_year": 25.71,
            "eps_4q": 3.34,
            "eps_4q_growth_year": -39.36,
            "roe": 3.95,
            "roe_4q": 14.7,
            "gross_profit": 440186,
            "gross_margin": 17.9,
            "gross_margin_4q_avg": 16.67,
            "net_income": 164775,
            "revenue": 2458509,
            "common_shares": 1786572,
            "book_valuer_per_share": 21.17,
            "book_valuer_per_share_4q_avg": 22.6,
            "equity": 4007923,
            "current_ratio": 187.78,
            "debt_ratio": 45.29,
            "inventory_turnover_ratio": 1.39,
            "account_receivable_turnover_ratio": 0.87,
            "reinvestment_rate": -2.26,
            "research_to_sale_ratio": 0.54,
            "price_fair": 161.7,
            "eps_avg_yearly": 4.62,
            "eps_latest_yearly": 3.52,
            "eps_growth_yearly": 56.47
        },
        "20203": {
            "year_quarter": 20203,
            "year": 2020,
            "quarter": 3,
            "eps": 0.99,
            "eps_growth_year": -20.16,
            "eps_4q": 3.09,
            "eps_4q_growth_year": -23.46,
            "roe": 4.45,
            "roe_4q": 13.76,
            "gross_profit": 402715,
            "gross_margin": 16.68,
            "gross_margin_4q_avg": 16.74,
            "net_income": 180651,
            "revenue": 2414359,
            "common_shares": 1786572,
            "book_valuer_per_share": 21.65,
            "book_valuer_per_share_4q_avg": 22.32,
            "equity": 4108193,
            "current_ratio": 197.09,
            "debt_ratio": 43.05,
            "inventory_turnover_ratio": 1.43,
            "account_receivable_turnover_ratio": 0.8,
            "reinvestment_rate": -7.63,
            "research_to_sale_ratio": 0.58,
            "price_fair": 165.11,
            "eps_avg_yearly": 4.72,
            "eps_latest_yearly": 3.96,
            "eps_growth_yearly": 60.41
        },
        "20204": {
            "year_quarter": 20204,
            "year": 2020,
            "quarter": 4,
            "eps": 0.67,
            "eps_growth_year": 66.3,
            "eps_4q": 3.36,
            "eps_4q_growth_year": 1.1,
            "roe": 2.94,
            "roe_4q": 14.89,
            "gross_profit": 400303,
            "gross_margin": 17.37,
            "gross_margin_4q_avg": 17.32,
            "net_income": 126911,
            "revenue": 2304552,
            "common_shares": 1786572,
            "book_valuer_per_share": 23.3,
            "book_valuer_per_share_4q_avg": 22.28,
            "equity": 4515870,
            "current_ratio": 206.47,
            "debt_ratio": 42.11,
            "inventory_turnover_ratio": 1.23,
            "account_receivable_turnover_ratio": 0.78,
            "reinvestment_rate": -7.47,
            "research_to_sale_ratio": 0.71,
            "price_fair": 165.11,
            "eps_avg_yearly": 4.72,
            "eps_latest_yearly": 2.68,
            "eps_growth_yearly": 49.41
        },
        "20211": {
            "year_quarter": 20211,
            "year": 2021,
            "quarter": 1,
            "eps": 1.25,
            "eps_growth_year": 52.44,
            "eps_4q": 3.79,
            "eps_4q_growth_year": 19.91,
            "roe": 5.18,
            "roe_4q": 16.52,
            "gross_profit": 523115,
            "gross_margin": 18.85,
            "gross_margin_4q_avg": 17.7,
            "net_income": 239946,
            "revenue": 2775092,
            "common_shares": 1786572,
            "book_valuer_per_share": 24.6,
            "book_valuer_per_share_4q_avg": 22.68,
            "equity": 4742634,
            "current_ratio": 210.12,
            "debt_ratio": 41.68,
            "inventory_turnover_ratio": 1.52,
            "account_receivable_turnover_ratio": 0.88,
            "reinvestment_rate": -6.09,
            "research_to_sale_ratio": 0.6,
            "price_fair": 169.05,
            "eps_avg_yearly": 4.83,
            "eps_latest_yearly": 5,
            "eps_growth_yearly": 66.2
        },
        "20212": {
            "year_quarter": 20212,
            "year": 2021,
            "quarter": 2,
            "eps": 1.27,
            "eps_growth_year": 44.32,
            "eps_4q": 4.19,
            "eps_4q_growth_year": 25.48,
            "roe": 4.85,
            "roe_4q": 17.419999999999998,
            "gross_profit": 545451,
            "gross_margin": 19.4,
            "gross_margin_4q_avg": 18.08,
            "net_income": 238768,
            "revenue": 2812078,
            "common_shares": 1786572,
            "book_valuer_per_share": 26.56,
            "book_valuer_per_share_4q_avg": 24.03,
            "equity": 5109268,
            "current_ratio": 214.5,
            "debt_ratio": 41.27,
            "inventory_turnover_ratio": 1.51,
            "account_receivable_turnover_ratio": 0.81,
            "reinvestment_rate": -6.18,
            "research_to_sale_ratio": 0.62,
            "price_fair": 174.91,
            "eps_avg_yearly": 5,
            "eps_latest_yearly": 5.08,
            "eps_growth_yearly": 72.85
        },
        "20213": {
            "year_quarter": 20213,
            "year": 2021,
            "quarter": 3,
            "eps": 1.22,
            "eps_growth_year": 23.23,
            "eps_4q": 4.42,
            "eps_4q_growth_year": 42.94,
            "roe": 4.73,
            "roe_4q": 17.7,
            "gross_profit": 521645,
            "gross_margin": 18.83,
            "gross_margin_4q_avg": 18.61,
            "net_income": 233023,
            "revenue": 2770115,
            "common_shares": 1786572,
            "book_valuer_per_share": 24.37,
            "book_valuer_per_share_4q_avg": 24.71,
            "equity": 4738530,
            "current_ratio": 199.66,
            "debt_ratio": 46.49,
            "inventory_turnover_ratio": 1.16,
            "account_receivable_turnover_ratio": 0.77,
            "reinvestment_rate": -6.34,
            "research_to_sale_ratio": 0.65,
            "price_fair": 176.58,
            "eps_avg_yearly": 5.05,
            "eps_latest_yearly": 4.88,
            "eps_growth_yearly": 53.95
        },
        "20214": {
            "year_quarter": 20214,
            "year": 2021,
            "quarter": 4,
            "eps": 0.84,
            "eps_growth_year": 25.38,
            "eps_4q": 4.59,
            "eps_4q_growth_year": 36.62,
            "roe": 3.47,
            "roe_4q": 18.23,
            "gross_profit": 423310,
            "gross_margin": 16.56,
            "gross_margin_4q_avg": 18.41,
            "net_income": 166630,
            "revenue": 2555869,
            "common_shares": 1786572,
            "book_valuer_per_share": 25.05,
            "book_valuer_per_share_4q_avg": 25.15,
            "equity": 4877970,
            "current_ratio": 195.88,
            "debt_ratio": 44.99,
            "inventory_turnover_ratio": 0.92,
            "account_receivable_turnover_ratio": 0.72,
            "reinvestment_rate": -6.4,
            "research_to_sale_ratio": 0.88,
            "price_fair": 174.56,
            "eps_avg_yearly": 4.99,
            "eps_latest_yearly": 3.36,
            "eps_growth_yearly": 45.19
        },
        "20221": {
            "year_quarter": 20221,
            "year": 2022,
            "quarter": 1,
            "eps": 1.61,
            "eps_growth_year": 28.8,
            "eps_4q": 4.94,
            "eps_4q_growth_year": 30.22,
            "roe": 6.28,
            "roe_4q": 19.33,
            "gross_profit": 593483,
            "gross_margin": 19.41,
            "gross_margin_4q_avg": 18.55,
            "net_income": 315975,
            "revenue": 3058193,
            "common_shares": 1786572,
            "book_valuer_per_share": 26.81,
            "book_valuer_per_share_4q_avg": 25.7,
            "equity": 5177394,
            "current_ratio": 199.06,
            "debt_ratio": 44.4,
            "inventory_turnover_ratio": 1.04,
            "account_receivable_turnover_ratio": 0.82,
            "reinvestment_rate": -5.94,
            "research_to_sale_ratio": 0.64,
            "price_fair": 170.45,
            "eps_avg_yearly": 4.87,
            "eps_latest_yearly": 6.44,
            "eps_growth_yearly": 44.51
        },
        "20222": {
            "year_quarter": 20222,
            "year": 2022,
            "quarter": 2,
            "eps": 1.4,
            "eps_growth_year": 10.24,
            "eps_4q": 5.06,
            "eps_4q_growth_year": 20.85,
            "roe": 5.57,
            "roe_4q": 20.050000000000004,
            "gross_profit": 557060,
            "gross_margin": 19.25,
            "gross_margin_4q_avg": 18.51,
            "net_income": 275793,
            "revenue": 2894535,
            "common_shares": 1786572,
            "book_valuer_per_share": 24.07,
            "book_valuer_per_share_4q_avg": 25.08,
            "equity": 4719031,
            "current_ratio": 176.99,
            "debt_ratio": 49.96,
            "inventory_turnover_ratio": 0.97,
            "account_receivable_turnover_ratio": 0.73,
            "reinvestment_rate": -6.39,
            "research_to_sale_ratio": 0.73,
            "price_fair": 158.38,
            "eps_avg_yearly": 4.53,
            "eps_latest_yearly": 5.6,
            "eps_growth_yearly": 32.83
        },
        "20223": {
            "year_quarter": 20223,
            "year": 2022,
            "quarter": 3,
            "eps": 4.57,
            "eps_growth_year": 274.59,
            "eps_4q": 8.23,
            "eps_4q_growth_year": 86.36,
            "roe": 16.59,
            "roe_4q": 31.91,
            "gross_profit": 401602,
            "gross_margin": 16.42,
            "gross_margin_4q_avg": 17.91,
            "net_income": 822895,
            "revenue": 2445216,
            "common_shares": 1826572,
            "book_valuer_per_share": 28.29,
            "book_valuer_per_share_4q_avg": 26.06,
            "equity": 5202577,
            "current_ratio": 221.43,
            "debt_ratio": 40.46,
            "inventory_turnover_ratio": 0.84,
            "account_receivable_turnover_ratio": 0.65,
            "reinvestment_rate": -1.09,
            "research_to_sale_ratio": null,
            "price_fair": 174.65,
            "eps_avg_yearly": 4.99,
            "eps_latest_yearly": 18.28,
            "eps_growth_yearly": 90.07
        },
        "20224": {
            "year_quarter": 20224,
            "year": 2022,
            "quarter": 4,
            "eps": 0.64,
            "eps_growth_year": -24.49,
            "eps_4q": 7,
            "eps_4q_growth_year": 52.56,
            "roe": 2.29,
            "roe_4q": 30.73,
            "gross_profit": 394641,
            "gross_margin": 16.46,
            "gross_margin_4q_avg": 17.89,
            "net_income": 135837,
            "revenue": 2396852,
            "common_shares": 2126572,
            "book_valuer_per_share": 31.05,
            "book_valuer_per_share_4q_avg": 27.56,
            "equity": 6639022,
            "current_ratio": 311.45,
            "debt_ratio": 29.11,
            "inventory_turnover_ratio": 0.86,
            "account_receivable_turnover_ratio": 0.72,
            "reinvestment_rate": -1.22,
            "research_to_sale_ratio": null,
            "price_fair": 170.45,
            "eps_avg_yearly": 4.87,
            "eps_latest_yearly": 2.56,
            "eps_growth_yearly": 83.24
        },
        "20231": {
            "year_quarter": 20231,
            "year": 2023,
            "quarter": 1,
            "eps": 0.72,
            "eps_growth_year": -55.28,
            "eps_4q": 6.35,
            "eps_4q_growth_year": 28.59,
            "roe": 2.27,
            "roe_4q": 26.72,
            "gross_profit": 394978,
            "gross_margin": 15.42,
            "gross_margin_4q_avg": 16.89,
            "net_income": 153395,
            "revenue": 2560915,
            "common_shares": 2126572,
            "book_valuer_per_share": 32.04,
            "book_valuer_per_share_4q_avg": 28.86,
            "equity": 6851906,
            "current_ratio": 327.8,
            "debt_ratio": 27.76,
            "inventory_turnover_ratio": 1.01,
            "account_receivable_turnover_ratio": 0.81,
            "reinvestment_rate": -1.28,
            "research_to_sale_ratio": null,
            "price_fair": 168.18,
            "eps_avg_yearly": 4.81,
            "eps_latest_yearly": 2.88,
            "eps_growth_yearly": 89.49
        }
    },
    "months": {
        "2003-09": {
            "month": "2003-09",
            "price": "25.00",
            "revenue": 94706
        },
        "2003-10": {
            "month": "2003-10",
            "price": "28.68",
            "revenue": 95151
        },
        "2003-11": {
            "month": "2003-11",
            "price": "28.47",
            "revenue": 104109
        },
        "2003-12": {
            "month": "2003-12",
            "price": "27.91",
            "revenue": 100282
        },
        "2004-01": {
            "month": "2004-01",
            "price": "27.21",
            "revenue": 86727
        },
        "2004-02": {
            "month": "2004-02",
            "price": "26.38",
            "revenue": 97632
        },
        "2004-03": {
            "month": "2004-03",
            "price": "26.36",
            "revenue": 114009
        },
        "2004-04": {
            "month": "2004-04",
            "price": "27.22",
            "revenue": 133838
        },
        "2004-05": {
            "month": "2004-05",
            "price": "26.46",
            "revenue": 110800
        },
        "2004-06": {
            "month": "2004-06",
            "price": "25.00",
            "revenue": 89277
        },
        "2004-07": {
            "month": "2004-07",
            "price": "24.00",
            "revenue": 114030
        },
        "2004-08": {
            "month": "2004-08",
            "price": "20.11",
            "revenue": 111128
        },
        "2004-09": {
            "month": "2004-09",
            "price": "21.03",
            "revenue": 141051
        },
        "2004-10": {
            "month": "2004-10",
            "price": "21.08",
            "revenue": 133650
        },
        "2004-11": {
            "month": "2004-11",
            "price": "21.01",
            "revenue": 128166
        },
        "2004-12": {
            "month": "2004-12",
            "price": "19.90",
            "revenue": 132693
        },
        "2005-01": {
            "month": "2005-01",
            "price": "18.68",
            "revenue": 156816
        },
        "2005-02": {
            "month": "2005-02",
            "price": "22.80",
            "revenue": 112278
        },
        "2005-03": {
            "month": "2005-03",
            "price": "24.29",
            "revenue": 160052
        },
        "2005-04": {
            "month": "2005-04",
            "price": "36.44",
            "revenue": 163945
        },
        "2005-05": {
            "month": "2005-05",
            "price": "39.62",
            "revenue": 141579
        },
        "2005-06": {
            "month": "2005-06",
            "price": "39.30",
            "revenue": 132945
        },
        "2005-07": {
            "month": "2005-07",
            "price": "41.94",
            "revenue": 143650
        },
        "2005-08": {
            "month": "2005-08",
            "price": "44.70",
            "revenue": 166187
        },
        "2005-09": {
            "month": "2005-09",
            "price": "50.15",
            "revenue": 181871
        },
        "2005-10": {
            "month": "2005-10",
            "price": "43.71",
            "revenue": 191269
        },
        "2005-11": {
            "month": "2005-11",
            "price": "43.20",
            "revenue": 214945
        },
        "2005-12": {
            "month": "2005-12",
            "price": "48.45",
            "revenue": 161137
        },
        "2006-01": {
            "month": "2006-01",
            "price": "51.46",
            "revenue": 157781
        },
        "2006-02": {
            "month": "2006-02",
            "price": "45.84",
            "revenue": 165026
        },
        "2006-03": {
            "month": "2006-03",
            "price": "47.53",
            "revenue": 193369
        },
        "2006-04": {
            "month": "2006-04",
            "price": "53.55",
            "revenue": 191579
        },
        "2006-05": {
            "month": "2006-05",
            "price": "52.06",
            "revenue": 174266
        },
        "2006-06": {
            "month": "2006-06",
            "price": "43.87",
            "revenue": 181485
        },
        "2006-07": {
            "month": "2006-07",
            "price": "48.16",
            "revenue": 205304
        },
        "2006-08": {
            "month": "2006-08",
            "price": "52.16",
            "revenue": 222036
        },
        "2006-09": {
            "month": "2006-09",
            "price": "47.96",
            "revenue": 234045
        },
        "2006-10": {
            "month": "2006-10",
            "price": "47.70",
            "revenue": 236765
        },
        "2006-11": {
            "month": "2006-11",
            "price": "49.50",
            "revenue": 227045
        },
        "2006-12": {
            "month": "2006-12",
            "price": "51.73",
            "revenue": 174989
        },
        "2007-01": {
            "month": "2007-01",
            "price": "57.32",
            "revenue": 232359
        },
        "2007-02": {
            "month": "2007-02",
            "price": "55.88",
            "revenue": 166131
        },
        "2007-03": {
            "month": "2007-03",
            "price": "60.33",
            "revenue": 244673
        },
        "2007-04": {
            "month": "2007-04",
            "price": "63.72",
            "revenue": 250337
        },
        "2007-05": {
            "month": "2007-05",
            "price": "59.68",
            "revenue": 283705
        },
        "2007-06": {
            "month": "2007-06",
            "price": "62.43",
            "revenue": 293002
        },
        "2007-07": {
            "month": "2007-07",
            "price": "66.31",
            "revenue": 327170
        },
        "2007-08": {
            "month": "2007-08",
            "price": "58.47",
            "revenue": 338939
        },
        "2007-09": {
            "month": "2007-09",
            "price": "53.52",
            "revenue": 351760
        },
        "2007-10": {
            "month": "2007-10",
            "price": "53.80",
            "revenue": 330097
        },
        "2007-11": {
            "month": "2007-11",
            "price": "43.35",
            "revenue": 294561
        },
        "2007-12": {
            "month": "2007-12",
            "price": "40.00",
            "revenue": 234055
        },
        "2008-01": {
            "month": "2008-01",
            "price": "36.51",
            "revenue": 291270
        },
        "2008-02": {
            "month": "2008-02",
            "price": "35.70",
            "revenue": 214305
        },
        "2008-03": {
            "month": "2008-03",
            "price": "37.59",
            "revenue": 241885
        },
        "2008-04": {
            "month": "2008-04",
            "price": "37.33",
            "revenue": 271307
        },
        "2008-05": {
            "month": "2008-05",
            "price": "36.58",
            "revenue": 247426
        },
        "2008-06": {
            "month": "2008-06",
            "price": "32.17",
            "revenue": 266060
        },
        "2008-07": {
            "month": "2008-07",
            "price": "26.79",
            "revenue": 266317
        },
        "2008-08": {
            "month": "2008-08",
            "price": "24.92",
            "revenue": 265688
        },
        "2008-09": {
            "month": "2008-09",
            "price": "20.79",
            "revenue": 290251
        },
        "2008-10": {
            "month": "2008-10",
            "price": "16.25",
            "revenue": 232772
        },
        "2008-11": {
            "month": "2008-11",
            "price": "14.47",
            "revenue": 211773
        },
        "2008-12": {
            "month": "2008-12",
            "price": "14.09",
            "revenue": 161056
        },
        "2009-01": {
            "month": "2009-01",
            "price": "13.98",
            "revenue": 139810
        },
        "2009-02": {
            "month": "2009-02",
            "price": "14.77",
            "revenue": 166496
        },
        "2009-03": {
            "month": "2009-03",
            "price": "16.76",
            "revenue": 186903
        },
        "2009-04": {
            "month": "2009-04",
            "price": "19.88",
            "revenue": 213267
        },
        "2009-05": {
            "month": "2009-05",
            "price": "23.47",
            "revenue": 190009
        },
        "2009-06": {
            "month": "2009-06",
            "price": "23.57",
            "revenue": 215733
        },
        "2009-07": {
            "month": "2009-07",
            "price": "23.11",
            "revenue": 232965
        },
        "2009-08": {
            "month": "2009-08",
            "price": "24.32",
            "revenue": 235105
        },
        "2009-09": {
            "month": "2009-09",
            "price": "28.45",
            "revenue": 276497
        },
        "2009-10": {
            "month": "2009-10",
            "price": "31.25",
            "revenue": 229473
        },
        "2009-11": {
            "month": "2009-11",
            "price": "30.92",
            "revenue": 245752
        },
        "2009-12": {
            "month": "2009-12",
            "price": "34.52",
            "revenue": 223671
        },
        "2010-01": {
            "month": "2010-01",
            "price": "35.02",
            "revenue": 281937
        },
        "2010-02": {
            "month": "2010-02",
            "price": "32.68",
            "revenue": 220834
        },
        "2010-03": {
            "month": "2010-03",
            "price": "36.75",
            "revenue": 313076
        },
        "2010-04": {
            "month": "2010-04",
            "price": "41.32",
            "revenue": 335968
        },
        "2010-05": {
            "month": "2010-05",
            "price": "40.31",
            "revenue": 301784
        },
        "2010-06": {
            "month": "2010-06",
            "price": "39.38",
            "revenue": 307641
        },
        "2010-07": {
            "month": "2010-07",
            "price": "40.94",
            "revenue": 318269
        },
        "2010-08": {
            "month": "2010-08",
            "price": "34.51",
            "revenue": 280103
        },
        "2010-09": {
            "month": "2010-09",
            "price": "32.09",
            "revenue": 258077
        },
        "2010-10": {
            "month": "2010-10",
            "price": "32.02",
            "revenue": 235438
        },
        "2010-11": {
            "month": "2010-11",
            "price": "30.77",
            "revenue": 219627
        },
        "2010-12": {
            "month": "2010-12",
            "price": "31.64",
            "revenue": 221369
        },
        "2011-01": {
            "month": "2011-01",
            "price": "32.37",
            "revenue": 245908
        },
        "2011-02": {
            "month": "2011-02",
            "price": "31.80",
            "revenue": 178537
        },
        "2011-03": {
            "month": "2011-03",
            "price": "31.42",
            "revenue": 273246
        },
        "2011-04": {
            "month": "2011-04",
            "price": "34.18",
            "revenue": 373553
        },
        "2011-05": {
            "month": "2011-05",
            "price": "35.98",
            "revenue": 294564
        },
        "2011-06": {
            "month": "2011-06",
            "price": "36.27",
            "revenue": 245977
        },
        "2011-07": {
            "month": "2011-07",
            "price": "33.85",
            "revenue": 236319
        },
        "2011-08": {
            "month": "2011-08",
            "price": "26.31",
            "revenue": 211878
        },
        "2011-09": {
            "month": "2011-09",
            "price": "25.50",
            "revenue": 195919
        },
        "2011-10": {
            "month": "2011-10",
            "price": "25.64",
            "revenue": 190592
        },
        "2011-11": {
            "month": "2011-11",
            "price": "25.14",
            "revenue": 206249
        },
        "2011-12": {
            "month": "2011-12",
            "price": "25.11",
            "revenue": 190843
        },
        "2012-01": {
            "month": "2012-01",
            "price": "25.86",
            "revenue": 160683
        },
        "2012-02": {
            "month": "2012-02",
            "price": "27.56",
            "revenue": 196464
        },
        "2012-03": {
            "month": "2012-03",
            "price": "28.55",
            "revenue": 220058
        },
        "2012-04": {
            "month": "2012-04",
            "price": "28.92",
            "revenue": 215753
        },
        "2012-05": {
            "month": "2012-05",
            "price": "27.89",
            "revenue": 217458
        },
        "2012-06": {
            "month": "2012-06",
            "price": "27.20",
            "revenue": 186132
        },
        "2012-07": {
            "month": "2012-07",
            "price": "26.20",
            "revenue": 213734
        },
        "2012-08": {
            "month": "2012-08",
            "price": "22.68",
            "revenue": 207708
        },
        "2012-09": {
            "month": "2012-09",
            "price": "22.94",
            "revenue": 191614
        },
        "2012-10": {
            "month": "2012-10",
            "price": "21.61",
            "revenue": 184938
        },
        "2012-11": {
            "month": "2012-11",
            "price": "20.27",
            "revenue": 166359
        },
        "2012-12": {
            "month": "2012-12",
            "price": "20.51",
            "revenue": 152515
        },
        "2013-01": {
            "month": "2013-01",
            "price": "20.86",
            "revenue": 228437
        },
        "2013-02": {
            "month": "2013-02",
            "price": "21.79",
            "revenue": 159254
        },
        "2013-03": {
            "month": "2013-03",
            "price": "22.58",
            "revenue": 577426
        },
        "2013-04": {
            "month": "2013-04",
            "price": "24.93",
            "revenue": 554442
        },
        "2013-05": {
            "month": "2013-05",
            "price": "25.68",
            "revenue": 554633
        },
        "2013-06": {
            "month": "2013-06",
            "price": "25.51",
            "revenue": 516409
        },
        "2013-07": {
            "month": "2013-07",
            "price": "25.47",
            "revenue": 581376
        },
        "2013-08": {
            "month": "2013-08",
            "price": "24.51",
            "revenue": 667071
        },
        "2013-09": {
            "month": "2013-09",
            "price": "24.60",
            "revenue": 659847
        },
        "2013-10": {
            "month": "2013-10",
            "price": "25.55",
            "revenue": 624234
        },
        "2013-11": {
            "month": "2013-11",
            "price": "25.16",
            "revenue": 656846
        },
        "2013-12": {
            "month": "2013-12",
            "price": "26.47",
            "revenue": 597881
        },
        "2014-01": {
            "month": "2014-01",
            "price": "28.53",
            "revenue": 671442
        },
        "2014-02": {
            "month": "2014-02",
            "price": "28.96",
            "revenue": 552996
        },
        "2014-03": {
            "month": "2014-03",
            "price": "30.67",
            "revenue": 641660
        },
        "2014-04": {
            "month": "2014-04",
            "price": "30.78",
            "revenue": 727981
        },
        "2014-05": {
            "month": "2014-05",
            "price": "30.80",
            "revenue": 752796
        },
        "2014-06": {
            "month": "2014-06",
            "price": "32.35",
            "revenue": 684734
        },
        "2014-07": {
            "month": "2014-07",
            "price": "32.14",
            "revenue": 841100
        },
        "2014-08": {
            "month": "2014-08",
            "price": "28.15",
            "revenue": 768765
        },
        "2014-09": {
            "month": "2014-09",
            "price": "27.50",
            "revenue": 769669
        },
        "2014-10": {
            "month": "2014-10",
            "price": "24.64",
            "revenue": 692598
        },
        "2014-11": {
            "month": "2014-11",
            "price": "23.68",
            "revenue": 752663
        },
        "2014-12": {
            "month": "2014-12",
            "price": "24.42",
            "revenue": 687044
        },
        "2015-01": {
            "month": "2015-01",
            "price": "25.42",
            "revenue": 807829
        },
        "2015-02": {
            "month": "2015-02",
            "price": "25.83",
            "revenue": 582172
        },
        "2015-03": {
            "month": "2015-03",
            "price": "27.51",
            "revenue": 705804
        },
        "2015-04": {
            "month": "2015-04",
            "price": "28.45",
            "revenue": 713274
        },
        "2015-05": {
            "month": "2015-05",
            "price": "27.50",
            "revenue": 643979
        },
        "2015-06": {
            "month": "2015-06",
            "price": "26.57",
            "revenue": 634752
        },
        "2015-07": {
            "month": "2015-07",
            "price": "25.57",
            "revenue": 709222
        },
        "2015-08": {
            "month": "2015-08",
            "price": "20.58",
            "revenue": 660263
        },
        "2015-09": {
            "month": "2015-09",
            "price": "20.87",
            "revenue": 717890
        },
        "2015-10": {
            "month": "2015-10",
            "price": "23.35",
            "revenue": 740840
        },
        "2015-11": {
            "month": "2015-11",
            "price": "23.62",
            "revenue": 706870
        },
        "2015-12": {
            "month": "2015-12",
            "price": "22.60",
            "revenue": 637973
        },
        "2016-01": {
            "month": "2016-01",
            "price": "21.78",
            "revenue": 704077
        },
        "2016-02": {
            "month": "2016-02",
            "price": "22.40",
            "revenue": 494567
        },
        "2016-03": {
            "month": "2016-03",
            "price": "24.03",
            "revenue": 687947
        },
        "2016-04": {
            "month": "2016-04",
            "price": "24.46",
            "revenue": 669488
        },
        "2016-05": {
            "month": "2016-05",
            "price": "23.27",
            "revenue": 675631
        },
        "2016-06": {
            "month": "2016-06",
            "price": "23.95",
            "revenue": 684014
        },
        "2016-07": {
            "month": "2016-07",
            "price": "22.88",
            "revenue": 777060
        },
        "2016-08": {
            "month": "2016-08",
            "price": "23.47",
            "revenue": 784529
        },
        "2016-09": {
            "month": "2016-09",
            "price": "24.06",
            "revenue": 825071
        },
        "2016-10": {
            "month": "2016-10",
            "price": "24.20",
            "revenue": 708935
        },
        "2016-11": {
            "month": "2016-11",
            "price": "23.86",
            "revenue": 758920
        },
        "2016-12": {
            "month": "2016-12",
            "price": "24.10",
            "revenue": 676565
        },
        "2017-01": {
            "month": "2017-01",
            "price": "24.39",
            "revenue": 751213
        },
        "2017-02": {
            "month": "2017-02",
            "price": "25.54",
            "revenue": 589546
        },
        "2017-03": {
            "month": "2017-03",
            "price": "26.53",
            "revenue": 663615
        },
        "2017-04": {
            "month": "2017-04",
            "price": "27.06",
            "revenue": 677891
        },
        "2017-05": {
            "month": "2017-05",
            "price": "27.98",
            "revenue": 671854
        },
        "2017-06": {
            "month": "2017-06",
            "price": "29.21",
            "revenue": 683201
        },
        "2017-07": {
            "month": "2017-07",
            "price": "27.96",
            "revenue": 690342
        },
        "2017-08": {
            "month": "2017-08",
            "price": "27.51",
            "revenue": 732717
        },
        "2017-09": {
            "month": "2017-09",
            "price": "27.96",
            "revenue": 785932
        },
        "2017-10": {
            "month": "2017-10",
            "price": "28.11",
            "revenue": 659917
        },
        "2017-11": {
            "month": "2017-11",
            "price": "31.24",
            "revenue": 704239
        },
        "2017-12": {
            "month": "2017-12",
            "price": "34.29",
            "revenue": 639985
        },
        "2018-01": {
            "month": "2018-01",
            "price": "37.52",
            "revenue": 978633
        },
        "2018-02": {
            "month": "2018-02",
            "price": "38.39",
            "revenue": 632223
        },
        "2018-03": {
            "month": "2018-03",
            "price": "48.18",
            "revenue": 973568
        },
        "2018-04": {
            "month": "2018-04",
            "price": "66.95",
            "revenue": 951101
        },
        "2018-05": {
            "month": "2018-05",
            "price": "85.28",
            "revenue": 926574
        },
        "2018-06": {
            "month": "2018-06",
            "price": "91.53",
            "revenue": 988337
        },
        "2018-07": {
            "month": "2018-07",
            "price": "89.93",
            "revenue": 1012883
        },
        "2018-08": {
            "month": "2018-08",
            "price": "71.03",
            "revenue": 1145164
        },
        "2018-09": {
            "month": "2018-09",
            "price": "66.13",
            "revenue": 948089
        },
        "2018-10": {
            "month": "2018-10",
            "price": "52.76",
            "revenue": 841154
        },
        "2018-11": {
            "month": "2018-11",
            "price": "52.14",
            "revenue": 770877
        },
        "2018-12": {
            "month": "2018-12",
            "price": "55.43",
            "revenue": 510586
        },
        "2019-01": {
            "month": "2019-01",
            "price": "52.31",
            "revenue": 802835
        },
        "2019-02": {
            "month": "2019-02",
            "price": "56.02",
            "revenue": 648522
        },
        "2019-03": {
            "month": "2019-03",
            "price": "56.20",
            "revenue": 654883
        },
        "2019-04": {
            "month": "2019-04",
            "price": "59.02",
            "revenue": 770002
        },
        "2019-05": {
            "month": "2019-05",
            "price": "53.97",
            "revenue": 781137
        },
        "2019-06": {
            "month": "2019-06",
            "price": "54.80",
            "revenue": 700397
        },
        "2019-07": {
            "month": "2019-07",
            "price": "52.60",
            "revenue": 748325
        },
        "2019-08": {
            "month": "2019-08",
            "price": "45.10",
            "revenue": 787541
        },
        "2019-09": {
            "month": "2019-09",
            "price": "49.02",
            "revenue": 765062
        },
        "2019-10": {
            "month": "2019-10",
            "price": "50.51",
            "revenue": 783367
        },
        "2019-11": {
            "month": "2019-11",
            "price": "49.44",
            "revenue": 769978
        },
        "2019-12": {
            "month": "2019-12",
            "price": "51.53",
            "revenue": 607980
        },
        "2020-01": {
            "month": "2020-01",
            "price": "50.85",
            "revenue": 723542
        },
        "2020-02": {
            "month": "2020-02",
            "price": "52.26",
            "revenue": 595100
        },
        "2020-03": {
            "month": "2020-03",
            "price": "43.12",
            "revenue": 745426
        },
        "2020-04": {
            "month": "2020-04",
            "price": "46.82",
            "revenue": 934162
        },
        "2020-05": {
            "month": "2020-05",
            "price": "51.88",
            "revenue": 781491
        },
        "2020-06": {
            "month": "2020-06",
            "price": "52.85",
            "revenue": 742856
        },
        "2020-07": {
            "month": "2020-07",
            "price": "49.48",
            "revenue": 815975
        },
        "2020-08": {
            "month": "2020-08",
            "price": "46.65",
            "revenue": 769141
        },
        "2020-09": {
            "month": "2020-09",
            "price": "44.69",
            "revenue": 829243
        },
        "2020-10": {
            "month": "2020-10",
            "price": "44.83",
            "revenue": 756783
        },
        "2020-11": {
            "month": "2020-11",
            "price": "46.74",
            "revenue": 849490
        },
        "2020-12": {
            "month": "2020-12",
            "price": "49.37",
            "revenue": 698279
        },
        "2021-01": {
            "month": "2021-01",
            "price": "50.18",
            "revenue": 1090282
        },
        "2021-02": {
            "month": "2021-02",
            "price": "50.43",
            "revenue": 723321
        },
        "2021-03": {
            "month": "2021-03",
            "price": "53.72",
            "revenue": 961489
        },
        "2021-04": {
            "month": "2021-04",
            "price": "56.54",
            "revenue": 994536
        },
        "2021-05": {
            "month": "2021-05",
            "price": "53.49",
            "revenue": 899449
        },
        "2021-06": {
            "month": "2021-06",
            "price": "54.28",
            "revenue": 918093
        },
        "2021-07": {
            "month": "2021-07",
            "price": "58.20",
            "revenue": 959837
        },
        "2021-08": {
            "month": "2021-08",
            "price": "52.25",
            "revenue": 923971
        },
        "2021-09": {
            "month": "2021-09",
            "price": "51.28",
            "revenue": 886307
        },
        "2021-10": {
            "month": "2021-10",
            "price": "49.92",
            "revenue": 946388
        },
        "2021-11": {
            "month": "2021-11",
            "price": "51.80",
            "revenue": 817317
        },
        "2021-12": {
            "month": "2021-12",
            "price": "53.87",
            "revenue": 792164
        },
        "2022-01": {
            "month": "2022-01",
            "price": "52.97",
            "revenue": 1129024
        },
        "2022-02": {
            "month": "2022-02",
            "price": "53.87",
            "revenue": 845991
        },
        "2022-03": {
            "month": "2022-03",
            "price": "53.64",
            "revenue": 1083178
        },
        "2022-04": {
            "month": "2022-04",
            "price": "53.39",
            "revenue": 1039983
        },
        "2022-05": {
            "month": "2022-05",
            "price": "53.53",
            "revenue": 1007169
        },
        "2022-06": {
            "month": "2022-06",
            "price": "53.42",
            "revenue": 847383
        },
        "2022-07": {
            "month": "2022-07",
            "price": "45.07",
            "revenue": 922482
        },
        "2022-08": {
            "month": "2022-08",
            "price": "49.32",
            "revenue": 764649
        },
        "2022-09": {
            "month": "2022-09",
            "price": "49.75",
            "revenue": 794554
        },
        "2022-10": {
            "month": "2022-10",
            "price": "48.44",
            "revenue": 843770
        },
        "2022-11": {
            "month": "2022-11",
            "price": "51.21",
            "revenue": 891003
        },
        "2022-12": {
            "month": "2022-12",
            "price": "52.43",
            "revenue": 662079
        },
        "2023-01": {
            "month": "2023-01",
            "price": "53.37",
            "revenue": 860973
        },
        "2023-02": {
            "month": "2023-02",
            "price": "55.39",
            "revenue": 821903
        },
        "2023-03": {
            "month": "2023-03",
            "price": "58.59",
            "revenue": 878039
        },
        "2023-04": {
            "month": "2023-04",
            "price": "58.27",
            "revenue": 785012
        },
        "2023-05": {
            "month": "2023-05",
            "price": "57.03",
            "revenue": 911216
        }
    }
}
