{
    "summary": {
        "stock_name": "鴻碩",
        "stock_id": "3092",
        "category": "電子零組件",
        "main_business": "製造、銷售各種電腦訊號線,連接器,連接線",
        "website_url": "http://www.hotron-ind.com/",
        "ceo": "魯憶萱",
        "pe_ratio": -45,
        "report_year_from": 2002,
        "report_year_to": 2023,
        "age": 21,
        "eps_negative_percentage": 18,
        "eps_growth_avg": {
            "last_all": -5.98,
            "last_2y": -14.13,
            "last_4y": -11.78,
            "last_8y": 8.67,
            "last_12y": -6.84,
            "last_16y": null,
            "last_20y": null,
            "at_2006_last_3y": null,
            "at_2007_last_3y": null,
            "at_2008_last_3y": null,
            "at_2009_last_3y": null,
            "at_2010_last_3y": null,
            "at_2011_last_3y": -11.77,
            "at_2012_last_3y": -22.67,
            "at_2013_last_3y": -48.2,
            "at_2014_last_3y": -74.85,
            "at_2015_last_3y": -41.51,
            "at_2016_last_3y": 58.49,
            "at_2017_last_3y": 42.75,
            "at_2018_last_3y": 34.65,
            "at_2019_last_3y": 23.69,
            "at_2020_last_3y": -15.9,
            "at_2021_last_3y": -39.73,
            "at_2022_last_3y": -17.31,
            "at_2023_last_3y": -17.31,
            "at_2006_last_all": null,
            "at_2007_last_all": null,
            "at_2008_last_all": null,
            "at_2009_last_all": -1.24,
            "at_2010_last_all": 0.87,
            "at_2011_last_all": -11.77,
            "at_2012_last_all": -29.42,
            "at_2013_last_all": -29.42,
            "at_2014_last_all": -29.42,
            "at_2015_last_all": -21.68,
            "at_2016_last_all": -4.3,
            "at_2017_last_all": -2.35,
            "at_2018_last_all": -0.94,
            "at_2019_last_all": -3.53,
            "at_2020_last_all": -8.52,
            "at_2021_last_all": -14.81,
            "at_2022_last_all": -5.98,
            "at_2023_last_all": -5.98
        },
        "latest_eps": -0.79,
        "latest_price": 35.85,
        "latest_roe": -3.95,
        "latest_gross_margin": 16.78,
        "latest_equity": 2165350,
        "latest_revenue": 553046,
        "latest_gross_profit": 92824,
        "latest_net_income": -4489,
        "latest_debt_ratio": 59.87,
        "latest_current_ratio": 142.63,
        "latest_account_receivable_turnover_ratio": 0.65,
        "latest_inventory_turnover_ratio": 0.54,
        "latest_reinvestment_rate": 575.8,
        "latest_research_to_sale_ratio": 4.93
    },
    "eps_dividends": {
        "2001": {
            "cash": 0,
            "stock": 0,
            "eps": 0
        },
        "2002": {
            "cash": 0,
            "stock": 0,
            "eps": 0
        },
        "2003": {
            "cash": 0,
            "stock": 0,
            "eps": 0
        },
        "2004": {
            "cash": 0,
            "stock": 0,
            "eps": 0
        },
        "2005": {
            "cash": 0,
            "stock": 0,
            "eps": 0
        },
        "2006": {
            "cash": 0,
            "stock": 0,
            "eps": 0
        },
        "2007": {
            "cash": 0.5,
            "stock": 1.5,
            "eps": 2.34
        },
        "2008": {
            "cash": 1,
            "stock": 1,
            "eps": 1.02
        },
        "2009": {
            "cash": 0.5,
            "stock": 0.5,
            "eps": 1.57
        },
        "2010": {
            "cash": 0.7,
            "stock": 0.5,
            "eps": 1.65
        },
        "2011": {
            "cash": 0.7,
            "stock": 0.5,
            "eps": 0.83
        },
        "2012": {
            "cash": 0.5,
            "stock": 0,
            "eps": -0.32
        },
        "2013": {
            "cash": 0.3,
            "stock": 0,
            "eps": -0.44
        },
        "2014": {
            "cash": 0,
            "stock": 0,
            "eps": 1.06
        },
        "2015": {
            "cash": 0.5,
            "stock": 0,
            "eps": 1.24
        },
        "2016": {
            "cash": 0.6,
            "stock": 0,
            "eps": 4.52
        },
        "2017": {
            "cash": 2,
            "stock": 1,
            "eps": 5.03
        },
        "2018": {
            "cash": 4,
            "stock": 0.2,
            "eps": 5.55
        },
        "2019": {
            "cash": 4.5,
            "stock": 0.5,
            "eps": 4.06
        },
        "2020": {
            "cash": 2.5,
            "stock": 0.8,
            "eps": 1.69
        },
        "2021": {
            "cash": 1.5,
            "stock": 0,
            "eps": 0.27
        },
        "2022": {
            "cash": 0,
            "stock": 0,
            "eps": 0.71
        },
        "2023": {
            "cash": 0.5,
            "stock": 0.3,
            "eps": -0.85
        }
    },
    "dividends": {
        "2007-04-12": {
            "cash": 0.5,
            "stock": 1.5
        },
        "2008-04-09": {
            "cash": 1,
            "stock": 1
        },
        "2009-04-08": {
            "cash": 0.5,
            "stock": 0.5
        },
        "2010-03-31": {
            "cash": 0.7,
            "stock": 0.5
        },
        "2011-04-27": {
            "cash": 0.7,
            "stock": 0.5
        },
        "2012-04-20": {
            "cash": 0.5,
            "stock": 0
        },
        "2013-06-03": {
            "cash": 0.3,
            "stock": 0
        },
        "2015-09-23": {
            "cash": 0.5,
            "stock": 0
        },
        "2016-09-23": {
            "cash": 0.6,
            "stock": 0
        },
        "2017-09-08": {
            "cash": 2,
            "stock": 1
        },
        "2018-08-24": {
            "cash": 4,
            "stock": 0.2
        },
        "2019-08-26": {
            "cash": 4.5,
            "stock": 0.5
        },
        "2020-09-30": {
            "cash": 2.5,
            "stock": 0.8
        },
        "2021-07-30": {
            "cash": 1.5,
            "stock": 0
        },
        "2023-09-08": {
            "cash": 0.5,
            "stock": 0.3
        }
    },
    "prices": {
        "200101": "無",
        "200102": "無",
        "200103": "無",
        "200104": "無",
        "200105": "無",
        "200106": "無",
        "200107": "無",
        "200108": "無",
        "200109": "無",
        "200110": "無",
        "200111": "無",
        "200112": "無",
        "200201": "無",
        "200202": "無",
        "200203": "無",
        "200204": "無",
        "200205": "無",
        "200206": "無",
        "200207": "無",
        "200208": "無",
        "200209": "無",
        "200210": "無",
        "200211": "無",
        "200212": "無",
        "200301": "無",
        "200302": "無",
        "200303": "無",
        "200304": "無",
        "200305": "無",
        "200306": "無",
        "200307": "無",
        "200308": "無",
        "200309": "無",
        "200310": "無",
        "200311": "無",
        "200312": "無",
        "200401": "無",
        "200402": "無",
        "200403": "無",
        "200404": "11.00",
        "200405": "無",
        "200406": "無",
        "200407": "無",
        "200408": "無",
        "200409": "無",
        "200410": "無",
        "200411": "10.50",
        "200412": "9.90",
        "200501": "9.40",
        "200502": "9.30",
        "200503": "8.75",
        "200504": "8.80",
        "200505": "無",
        "200506": "無",
        "200507": "無",
        "200508": "無",
        "200509": "無",
        "200510": "7.17",
        "200511": "8.64",
        "200512": "10.79",
        "200601": "無",
        "200602": "11.97",
        "200603": "11.00",
        "200604": "12.00",
        "200605": "14.23",
        "200606": "14.55",
        "200607": "19.12",
        "200608": "24.09",
        "200609": "21.04",
        "200610": "21.20",
        "200611": "20.39",
        "200612": "20.79",
        "200701": "24.43",
        "200702": "25.12",
        "200703": "25.74",
        "200704": "27.13",
        "200705": "30.96",
        "200706": "44.54",
        "200707": "49.31",
        "200708": "49.85",
        "200709": "48.61",
        "200710": "50.99",
        "200711": "41.70",
        "200712": "37.05",
        "200801": "36.09",
        "200802": "34.53",
        "200803": "35.50",
        "200804": "35.14",
        "200805": "35.85",
        "200806": "35.76",
        "200807": "36.42",
        "200808": "34.91",
        "200809": "23.31",
        "200810": "15.44",
        "200811": "14.30",
        "200812": "13.19",
        "200901": "10.89",
        "200902": "10.94",
        "200903": "14.24",
        "200904": "21.69",
        "200905": "23.41",
        "200906": "21.81",
        "200907": "22.27",
        "200908": "22.68",
        "200909": "24.78",
        "200910": "25.48",
        "200911": "23.68",
        "200912": "28.12",
        "201001": "30.72",
        "201002": "29.38",
        "201003": "31.80",
        "201004": "35.54",
        "201005": "57.72",
        "201006": "42.48",
        "201007": "35.48",
        "201008": "37.60",
        "201009": "32.69",
        "201010": "31.19",
        "201011": "25.93",
        "201012": "28.29",
        "201101": "26.78",
        "201102": "25.82",
        "201103": "27.43",
        "201104": "26.34",
        "201105": "25.28",
        "201106": "23.82",
        "201107": "21.85",
        "201108": "16.95",
        "201109": "15.68",
        "201110": "14.70",
        "201111": "13.11",
        "201112": "10.88",
        "201201": "10.90",
        "201202": "14.00",
        "201203": "13.92",
        "201204": "11.96",
        "201205": "10.81",
        "201206": "10.06",
        "201207": "9.81",
        "201208": "10.17",
        "201209": "12.06",
        "201210": "10.70",
        "201211": "9.09",
        "201212": "9.33",
        "201301": "9.70",
        "201302": "9.67",
        "201303": "10.39",
        "201304": "10.03",
        "201305": "10.76",
        "201306": "10.70",
        "201307": "10.50",
        "201308": "10.22",
        "201309": "10.20",
        "201310": "10.39",
        "201311": "9.99",
        "201312": "9.95",
        "201401": "10.71",
        "201402": "14.44",
        "201403": "19.00",
        "201404": "21.37",
        "201405": "20.98",
        "201406": "26.06",
        "201407": "23.61",
        "201408": "22.58",
        "201409": "19.63",
        "201410": "17.35",
        "201411": "16.30",
        "201412": "18.34",
        "201501": "21.58",
        "201502": "24.02",
        "201503": "23.24",
        "201504": "20.53",
        "201505": "17.77",
        "201506": "15.50",
        "201507": "13.21",
        "201508": "10.50",
        "201509": "12.10",
        "201510": "14.68",
        "201511": "16.26",
        "201512": "16.35",
        "201601": "13.45",
        "201602": "14.70",
        "201603": "16.36",
        "201604": "16.17",
        "201605": "19.00",
        "201606": "26.65",
        "201607": "35.71",
        "201608": "33.85",
        "201609": "36.45",
        "201610": "34.56",
        "201611": "33.29",
        "201612": "33.09",
        "201701": "34.26",
        "201702": "46.83",
        "201703": "49.78",
        "201704": "46.67",
        "201705": "47.46",
        "201706": "46.73",
        "201707": "50.47",
        "201708": "51.78",
        "201709": "49.45",
        "201710": "50.15",
        "201711": "48.50",
        "201712": "45.78",
        "201801": "46.47",
        "201802": "43.95",
        "201803": "46.51",
        "201804": "49.20",
        "201805": "46.63",
        "201806": "47.15",
        "201807": "46.40",
        "201808": "43.90",
        "201809": "42.28",
        "201810": "37.27",
        "201811": "38.12",
        "201812": "39.41",
        "201901": "40.83",
        "201902": "46.62",
        "201903": "52.82",
        "201904": "52.82",
        "201905": "53.83",
        "201906": "53.09",
        "201907": "53.31",
        "201908": "46.00",
        "201909": "45.25",
        "201910": "43.62",
        "201911": "43.99",
        "201912": "42.96",
        "202001": "42.03",
        "202002": "39.13",
        "202003": "32.71",
        "202004": "37.08",
        "202005": "41.78",
        "202006": "42.35",
        "202007": "42.45",
        "202008": "42.25",
        "202009": "37.86",
        "202010": "38.45",
        "202011": "53.30",
        "202012": "54.28",
        "202101": "64.32",
        "202102": "68.04",
        "202103": "73.84",
        "202104": "72.95",
        "202105": "65.11",
        "202106": "69.66",
        "202107": "66.04",
        "202108": "69.17",
        "202109": "67.42",
        "202110": "57.26",
        "202111": "56.92",
        "202112": "53.18",
        "202201": "53.22",
        "202202": "57.53",
        "202203": "62.73",
        "202204": "64.66",
        "202205": "53.89",
        "202206": "49.62",
        "202207": "42.62",
        "202208": "44.17",
        "202209": "41.20",
        "202210": "34.48",
        "202211": "36.33",
        "202212": "36.10",
        "202301": "34.61",
        "202302": "37.64",
        "202303": "36.89",
        "202304": "36.59",
        "202305": "35.95",
        "202306": "37.70",
        "202307": "38.26",
        "202308": "37.97",
        "202309": "35.90"
    },
    "quarters": {
        "20011": {
            "year_quarter": 20011,
            "year": 2001,
            "quarter": 1,
            "eps": null,
            "eps_growth_year": null,
            "eps_4q": null,
            "eps_4q_growth_year": null,
            "roe": null,
            "roe_4q": 0,
            "gross_profit": null,
            "gross_margin": null,
            "gross_margin_4q_avg": 0,
            "net_income": null,
            "revenue": null,
            "common_shares": null,
            "book_valuer_per_share": null,
            "book_valuer_per_share_4q_avg": 0,
            "equity": null,
            "current_ratio": null,
            "debt_ratio": null,
            "inventory_turnover_ratio": null,
            "account_receivable_turnover_ratio": null,
            "reinvestment_rate": null,
            "research_to_sale_ratio": null,
            "price_fair": 0,
            "eps_avg_yearly": 0,
            "eps_latest_yearly": 0,
            "eps_growth_yearly": 0
        },
        "20012": {
            "year_quarter": 20012,
            "year": 2001,
            "quarter": 2,
            "eps": null,
            "eps_growth_year": null,
            "eps_4q": null,
            "eps_4q_growth_year": null,
            "roe": null,
            "roe_4q": 0,
            "gross_profit": null,
            "gross_margin": null,
            "gross_margin_4q_avg": 0,
            "net_income": null,
            "revenue": null,
            "common_shares": null,
            "book_valuer_per_share": null,
            "book_valuer_per_share_4q_avg": 0,
            "equity": null,
            "current_ratio": null,
            "debt_ratio": null,
            "inventory_turnover_ratio": null,
            "account_receivable_turnover_ratio": null,
            "reinvestment_rate": null,
            "research_to_sale_ratio": null,
            "price_fair": 0,
            "eps_avg_yearly": 0,
            "eps_latest_yearly": 0,
            "eps_growth_yearly": 0
        },
        "20013": {
            "year_quarter": 20013,
            "year": 2001,
            "quarter": 3,
            "eps": null,
            "eps_growth_year": null,
            "eps_4q": null,
            "eps_4q_growth_year": null,
            "roe": null,
            "roe_4q": 0,
            "gross_profit": null,
            "gross_margin": null,
            "gross_margin_4q_avg": 0,
            "net_income": null,
            "revenue": null,
            "common_shares": null,
            "book_valuer_per_share": null,
            "book_valuer_per_share_4q_avg": 0,
            "equity": null,
            "current_ratio": null,
            "debt_ratio": null,
            "inventory_turnover_ratio": null,
            "account_receivable_turnover_ratio": null,
            "reinvestment_rate": null,
            "research_to_sale_ratio": null,
            "price_fair": 0,
            "eps_avg_yearly": 0,
            "eps_latest_yearly": 0,
            "eps_growth_yearly": 0
        },
        "20014": {
            "year_quarter": 20014,
            "year": 2001,
            "quarter": 4,
            "eps": null,
            "eps_growth_year": null,
            "eps_4q": null,
            "eps_4q_growth_year": null,
            "roe": null,
            "roe_4q": 0,
            "gross_profit": null,
            "gross_margin": null,
            "gross_margin_4q_avg": 0,
            "net_income": null,
            "revenue": null,
            "common_shares": 315000,
            "book_valuer_per_share": 12.23,
            "book_valuer_per_share_4q_avg": 3.06,
            "equity": 385190,
            "current_ratio": 337.81,
            "debt_ratio": 23.79,
            "inventory_turnover_ratio": null,
            "account_receivable_turnover_ratio": null,
            "reinvestment_rate": null,
            "research_to_sale_ratio": null,
            "price_fair": 0,
            "eps_avg_yearly": 0,
            "eps_latest_yearly": 0,
            "eps_growth_yearly": 0
        },
        "20021": {
            "year_quarter": 20021,
            "year": 2002,
            "quarter": 1,
            "eps": null,
            "eps_growth_year": null,
            "eps_4q": null,
            "eps_4q_growth_year": null,
            "roe": null,
            "roe_4q": 0,
            "gross_profit": null,
            "gross_margin": null,
            "gross_margin_4q_avg": 0,
            "net_income": null,
            "revenue": null,
            "common_shares": null,
            "book_valuer_per_share": null,
            "book_valuer_per_share_4q_avg": 3.06,
            "equity": null,
            "current_ratio": null,
            "debt_ratio": null,
            "inventory_turnover_ratio": null,
            "account_receivable_turnover_ratio": null,
            "reinvestment_rate": null,
            "research_to_sale_ratio": null,
            "price_fair": 0,
            "eps_avg_yearly": 0,
            "eps_latest_yearly": 0,
            "eps_growth_yearly": 0
        },
        "20022": {
            "year_quarter": 20022,
            "year": 2002,
            "quarter": 2,
            "eps": null,
            "eps_growth_year": null,
            "eps_4q": null,
            "eps_4q_growth_year": null,
            "roe": null,
            "roe_4q": 0,
            "gross_profit": null,
            "gross_margin": null,
            "gross_margin_4q_avg": 0,
            "net_income": null,
            "revenue": null,
            "common_shares": null,
            "book_valuer_per_share": null,
            "book_valuer_per_share_4q_avg": 3.06,
            "equity": null,
            "current_ratio": null,
            "debt_ratio": null,
            "inventory_turnover_ratio": null,
            "account_receivable_turnover_ratio": null,
            "reinvestment_rate": null,
            "research_to_sale_ratio": null,
            "price_fair": 0,
            "eps_avg_yearly": 0,
            "eps_latest_yearly": 0,
            "eps_growth_yearly": 0
        },
        "20023": {
            "year_quarter": 20023,
            "year": 2002,
            "quarter": 3,
            "eps": null,
            "eps_growth_year": null,
            "eps_4q": null,
            "eps_4q_growth_year": null,
            "roe": null,
            "roe_4q": 0,
            "gross_profit": null,
            "gross_margin": null,
            "gross_margin_4q_avg": 0,
            "net_income": null,
            "revenue": null,
            "common_shares": null,
            "book_valuer_per_share": null,
            "book_valuer_per_share_4q_avg": 3.06,
            "equity": null,
            "current_ratio": null,
            "debt_ratio": null,
            "inventory_turnover_ratio": null,
            "account_receivable_turnover_ratio": null,
            "reinvestment_rate": null,
            "research_to_sale_ratio": null,
            "price_fair": 0,
            "eps_avg_yearly": 0,
            "eps_latest_yearly": 0,
            "eps_growth_yearly": 0
        },
        "20024": {
            "year_quarter": 20024,
            "year": 2002,
            "quarter": 4,
            "eps": null,
            "eps_growth_year": null,
            "eps_4q": null,
            "eps_4q_growth_year": null,
            "roe": null,
            "roe_4q": 0,
            "gross_profit": null,
            "gross_margin": null,
            "gross_margin_4q_avg": 0,
            "net_income": null,
            "revenue": null,
            "common_shares": 315000,
            "book_valuer_per_share": 11.49,
            "book_valuer_per_share_4q_avg": 2.87,
            "equity": 361859,
            "current_ratio": 456.61,
            "debt_ratio": 16.49,
            "inventory_turnover_ratio": null,
            "account_receivable_turnover_ratio": null,
            "reinvestment_rate": null,
            "research_to_sale_ratio": null,
            "price_fair": 0,
            "eps_avg_yearly": 0,
            "eps_latest_yearly": 0,
            "eps_growth_yearly": 0
        },
        "20031": {
            "year_quarter": 20031,
            "year": 2003,
            "quarter": 1,
            "eps": null,
            "eps_growth_year": null,
            "eps_4q": null,
            "eps_4q_growth_year": null,
            "roe": null,
            "roe_4q": 0,
            "gross_profit": null,
            "gross_margin": null,
            "gross_margin_4q_avg": 0,
            "net_income": null,
            "revenue": null,
            "common_shares": null,
            "book_valuer_per_share": null,
            "book_valuer_per_share_4q_avg": 2.87,
            "equity": null,
            "current_ratio": null,
            "debt_ratio": null,
            "inventory_turnover_ratio": null,
            "account_receivable_turnover_ratio": null,
            "reinvestment_rate": null,
            "research_to_sale_ratio": null,
            "price_fair": 0,
            "eps_avg_yearly": 0,
            "eps_latest_yearly": 0,
            "eps_growth_yearly": 0
        },
        "20032": {
            "year_quarter": 20032,
            "year": 2003,
            "quarter": 2,
            "eps": null,
            "eps_growth_year": null,
            "eps_4q": null,
            "eps_4q_growth_year": null,
            "roe": null,
            "roe_4q": 0,
            "gross_profit": null,
            "gross_margin": null,
            "gross_margin_4q_avg": 0,
            "net_income": null,
            "revenue": null,
            "common_shares": null,
            "book_valuer_per_share": null,
            "book_valuer_per_share_4q_avg": 2.87,
            "equity": null,
            "current_ratio": null,
            "debt_ratio": null,
            "inventory_turnover_ratio": null,
            "account_receivable_turnover_ratio": null,
            "reinvestment_rate": null,
            "research_to_sale_ratio": null,
            "price_fair": 0,
            "eps_avg_yearly": 0,
            "eps_latest_yearly": 0,
            "eps_growth_yearly": 0
        },
        "20033": {
            "year_quarter": 20033,
            "year": 2003,
            "quarter": 3,
            "eps": null,
            "eps_growth_year": null,
            "eps_4q": null,
            "eps_4q_growth_year": null,
            "roe": null,
            "roe_4q": 0,
            "gross_profit": null,
            "gross_margin": null,
            "gross_margin_4q_avg": 0,
            "net_income": null,
            "revenue": null,
            "common_shares": null,
            "book_valuer_per_share": null,
            "book_valuer_per_share_4q_avg": 2.87,
            "equity": null,
            "current_ratio": null,
            "debt_ratio": null,
            "inventory_turnover_ratio": null,
            "account_receivable_turnover_ratio": null,
            "reinvestment_rate": null,
            "research_to_sale_ratio": null,
            "price_fair": 0,
            "eps_avg_yearly": 0,
            "eps_latest_yearly": 0,
            "eps_growth_yearly": 0
        },
        "20034": {
            "year_quarter": 20034,
            "year": 2003,
            "quarter": 4,
            "eps": null,
            "eps_growth_year": null,
            "eps_4q": null,
            "eps_4q_growth_year": null,
            "roe": null,
            "roe_4q": 0,
            "gross_profit": null,
            "gross_margin": null,
            "gross_margin_4q_avg": 0,
            "net_income": null,
            "revenue": null,
            "common_shares": 315000,
            "book_valuer_per_share": 11,
            "book_valuer_per_share_4q_avg": 2.75,
            "equity": 346494,
            "current_ratio": 281.6,
            "debt_ratio": 26.33,
            "inventory_turnover_ratio": null,
            "account_receivable_turnover_ratio": null,
            "reinvestment_rate": null,
            "research_to_sale_ratio": null,
            "price_fair": 0,
            "eps_avg_yearly": 0,
            "eps_latest_yearly": 0,
            "eps_growth_yearly": 0
        },
        "20041": {
            "year_quarter": 20041,
            "year": 2004,
            "quarter": 1,
            "eps": null,
            "eps_growth_year": null,
            "eps_4q": null,
            "eps_4q_growth_year": null,
            "roe": null,
            "roe_4q": 0,
            "gross_profit": null,
            "gross_margin": null,
            "gross_margin_4q_avg": 0,
            "net_income": null,
            "revenue": null,
            "common_shares": null,
            "book_valuer_per_share": null,
            "book_valuer_per_share_4q_avg": 2.75,
            "equity": null,
            "current_ratio": null,
            "debt_ratio": null,
            "inventory_turnover_ratio": null,
            "account_receivable_turnover_ratio": null,
            "reinvestment_rate": null,
            "research_to_sale_ratio": null,
            "price_fair": 0,
            "eps_avg_yearly": 0,
            "eps_latest_yearly": 0,
            "eps_growth_yearly": 0
        },
        "20042": {
            "year_quarter": 20042,
            "year": 2004,
            "quarter": 2,
            "eps": null,
            "eps_growth_year": null,
            "eps_4q": null,
            "eps_4q_growth_year": null,
            "roe": null,
            "roe_4q": 0,
            "gross_profit": null,
            "gross_margin": null,
            "gross_margin_4q_avg": 0,
            "net_income": null,
            "revenue": null,
            "common_shares": null,
            "book_valuer_per_share": null,
            "book_valuer_per_share_4q_avg": 2.75,
            "equity": null,
            "current_ratio": null,
            "debt_ratio": null,
            "inventory_turnover_ratio": null,
            "account_receivable_turnover_ratio": null,
            "reinvestment_rate": null,
            "research_to_sale_ratio": null,
            "price_fair": 0,
            "eps_avg_yearly": 0,
            "eps_latest_yearly": 0,
            "eps_growth_yearly": 0
        },
        "20043": {
            "year_quarter": 20043,
            "year": 2004,
            "quarter": 3,
            "eps": null,
            "eps_growth_year": null,
            "eps_4q": null,
            "eps_4q_growth_year": null,
            "roe": null,
            "roe_4q": 0,
            "gross_profit": null,
            "gross_margin": null,
            "gross_margin_4q_avg": 0,
            "net_income": null,
            "revenue": null,
            "common_shares": null,
            "book_valuer_per_share": null,
            "book_valuer_per_share_4q_avg": 2.75,
            "equity": null,
            "current_ratio": null,
            "debt_ratio": null,
            "inventory_turnover_ratio": null,
            "account_receivable_turnover_ratio": null,
            "reinvestment_rate": null,
            "research_to_sale_ratio": null,
            "price_fair": 0,
            "eps_avg_yearly": 0,
            "eps_latest_yearly": 0,
            "eps_growth_yearly": 0
        },
        "20044": {
            "year_quarter": 20044,
            "year": 2004,
            "quarter": 4,
            "eps": null,
            "eps_growth_year": null,
            "eps_4q": null,
            "eps_4q_growth_year": null,
            "roe": null,
            "roe_4q": 0,
            "gross_profit": null,
            "gross_margin": null,
            "gross_margin_4q_avg": 0,
            "net_income": null,
            "revenue": null,
            "common_shares": 315000,
            "book_valuer_per_share": 9.17,
            "book_valuer_per_share_4q_avg": 2.29,
            "equity": 288987,
            "current_ratio": 105.41,
            "debt_ratio": 52.48,
            "inventory_turnover_ratio": null,
            "account_receivable_turnover_ratio": null,
            "reinvestment_rate": null,
            "research_to_sale_ratio": null,
            "price_fair": 0,
            "eps_avg_yearly": 0,
            "eps_latest_yearly": 0,
            "eps_growth_yearly": 0
        },
        "20051": {
            "year_quarter": 20051,
            "year": 2005,
            "quarter": 1,
            "eps": null,
            "eps_growth_year": null,
            "eps_4q": null,
            "eps_4q_growth_year": null,
            "roe": null,
            "roe_4q": 0,
            "gross_profit": null,
            "gross_margin": null,
            "gross_margin_4q_avg": 0,
            "net_income": null,
            "revenue": null,
            "common_shares": null,
            "book_valuer_per_share": null,
            "book_valuer_per_share_4q_avg": 2.29,
            "equity": null,
            "current_ratio": null,
            "debt_ratio": null,
            "inventory_turnover_ratio": null,
            "account_receivable_turnover_ratio": null,
            "reinvestment_rate": null,
            "research_to_sale_ratio": null,
            "price_fair": 0,
            "eps_avg_yearly": 0,
            "eps_latest_yearly": 0,
            "eps_growth_yearly": 0
        },
        "20052": {
            "year_quarter": 20052,
            "year": 2005,
            "quarter": 2,
            "eps": null,
            "eps_growth_year": null,
            "eps_4q": null,
            "eps_4q_growth_year": null,
            "roe": null,
            "roe_4q": 0,
            "gross_profit": null,
            "gross_margin": null,
            "gross_margin_4q_avg": 0,
            "net_income": null,
            "revenue": null,
            "common_shares": null,
            "book_valuer_per_share": null,
            "book_valuer_per_share_4q_avg": 2.29,
            "equity": null,
            "current_ratio": null,
            "debt_ratio": null,
            "inventory_turnover_ratio": null,
            "account_receivable_turnover_ratio": null,
            "reinvestment_rate": null,
            "research_to_sale_ratio": null,
            "price_fair": 0,
            "eps_avg_yearly": 0,
            "eps_latest_yearly": 0,
            "eps_growth_yearly": 0
        },
        "20053": {
            "year_quarter": 20053,
            "year": 2005,
            "quarter": 3,
            "eps": null,
            "eps_growth_year": null,
            "eps_4q": null,
            "eps_4q_growth_year": null,
            "roe": null,
            "roe_4q": 0,
            "gross_profit": null,
            "gross_margin": null,
            "gross_margin_4q_avg": 0,
            "net_income": null,
            "revenue": null,
            "common_shares": null,
            "book_valuer_per_share": null,
            "book_valuer_per_share_4q_avg": 2.29,
            "equity": null,
            "current_ratio": null,
            "debt_ratio": null,
            "inventory_turnover_ratio": null,
            "account_receivable_turnover_ratio": null,
            "reinvestment_rate": null,
            "research_to_sale_ratio": null,
            "price_fair": 0,
            "eps_avg_yearly": 0,
            "eps_latest_yearly": 0,
            "eps_growth_yearly": 0
        },
        "20054": {
            "year_quarter": 20054,
            "year": 2005,
            "quarter": 4,
            "eps": null,
            "eps_growth_year": null,
            "eps_4q": null,
            "eps_4q_growth_year": null,
            "roe": null,
            "roe_4q": 0,
            "gross_profit": null,
            "gross_margin": null,
            "gross_margin_4q_avg": 0,
            "net_income": null,
            "revenue": null,
            "common_shares": 315000,
            "book_valuer_per_share": 10.17,
            "book_valuer_per_share_4q_avg": 2.54,
            "equity": 320215,
            "current_ratio": 105.29,
            "debt_ratio": 58.67,
            "inventory_turnover_ratio": null,
            "account_receivable_turnover_ratio": null,
            "reinvestment_rate": null,
            "research_to_sale_ratio": null,
            "price_fair": 0,
            "eps_avg_yearly": 0,
            "eps_latest_yearly": 0,
            "eps_growth_yearly": 0
        },
        "20061": {
            "year_quarter": 20061,
            "year": 2006,
            "quarter": 1,
            "eps": null,
            "eps_growth_year": null,
            "eps_4q": null,
            "eps_4q_growth_year": null,
            "roe": null,
            "roe_4q": 0,
            "gross_profit": null,
            "gross_margin": null,
            "gross_margin_4q_avg": 0,
            "net_income": null,
            "revenue": null,
            "common_shares": null,
            "book_valuer_per_share": null,
            "book_valuer_per_share_4q_avg": 2.54,
            "equity": null,
            "current_ratio": null,
            "debt_ratio": null,
            "inventory_turnover_ratio": null,
            "account_receivable_turnover_ratio": null,
            "reinvestment_rate": null,
            "research_to_sale_ratio": null,
            "price_fair": 0,
            "eps_avg_yearly": 0,
            "eps_latest_yearly": 0,
            "eps_growth_yearly": 0
        },
        "20062": {
            "year_quarter": 20062,
            "year": 2006,
            "quarter": 2,
            "eps": null,
            "eps_growth_year": null,
            "eps_4q": null,
            "eps_4q_growth_year": null,
            "roe": null,
            "roe_4q": 0,
            "gross_profit": null,
            "gross_margin": null,
            "gross_margin_4q_avg": 0,
            "net_income": null,
            "revenue": null,
            "common_shares": null,
            "book_valuer_per_share": null,
            "book_valuer_per_share_4q_avg": 2.54,
            "equity": null,
            "current_ratio": null,
            "debt_ratio": null,
            "inventory_turnover_ratio": null,
            "account_receivable_turnover_ratio": null,
            "reinvestment_rate": null,
            "research_to_sale_ratio": null,
            "price_fair": 0,
            "eps_avg_yearly": 0,
            "eps_latest_yearly": 0,
            "eps_growth_yearly": 0
        },
        "20063": {
            "year_quarter": 20063,
            "year": 2006,
            "quarter": 3,
            "eps": null,
            "eps_growth_year": null,
            "eps_4q": null,
            "eps_4q_growth_year": null,
            "roe": null,
            "roe_4q": 0,
            "gross_profit": null,
            "gross_margin": null,
            "gross_margin_4q_avg": 0,
            "net_income": null,
            "revenue": null,
            "common_shares": null,
            "book_valuer_per_share": null,
            "book_valuer_per_share_4q_avg": 2.54,
            "equity": null,
            "current_ratio": null,
            "debt_ratio": null,
            "inventory_turnover_ratio": null,
            "account_receivable_turnover_ratio": null,
            "reinvestment_rate": null,
            "research_to_sale_ratio": null,
            "price_fair": 0,
            "eps_avg_yearly": 0,
            "eps_latest_yearly": 0,
            "eps_growth_yearly": 0
        },
        "20064": {
            "year_quarter": 20064,
            "year": 2006,
            "quarter": 4,
            "eps": null,
            "eps_growth_year": null,
            "eps_4q": null,
            "eps_4q_growth_year": null,
            "roe": null,
            "roe_4q": 0,
            "gross_profit": null,
            "gross_margin": null,
            "gross_margin_4q_avg": 0,
            "net_income": null,
            "revenue": null,
            "common_shares": 315000,
            "book_valuer_per_share": 13.76,
            "book_valuer_per_share_4q_avg": 3.44,
            "equity": 433595,
            "current_ratio": 110.5,
            "debt_ratio": 62.23,
            "inventory_turnover_ratio": null,
            "account_receivable_turnover_ratio": null,
            "reinvestment_rate": null,
            "research_to_sale_ratio": null,
            "price_fair": 0,
            "eps_avg_yearly": 0,
            "eps_latest_yearly": 0,
            "eps_growth_yearly": 0
        },
        "20071": {
            "year_quarter": 20071,
            "year": 2007,
            "quarter": 1,
            "eps": 0.76,
            "eps_growth_year": null,
            "eps_4q": null,
            "eps_4q_growth_year": null,
            "roe": 6.18,
            "roe_4q": 6.18,
            "gross_profit": 19714,
            "gross_margin": 9.94,
            "gross_margin_4q_avg": 2.49,
            "net_income": 27656,
            "revenue": 198418,
            "common_shares": 315000,
            "book_valuer_per_share": 14.64,
            "book_valuer_per_share_4q_avg": 7.1,
            "equity": 461251,
            "current_ratio": 199.03,
            "debt_ratio": 39.24,
            "inventory_turnover_ratio": 1.32,
            "account_receivable_turnover_ratio": null,
            "reinvestment_rate": null,
            "research_to_sale_ratio": null,
            "price_fair": 0,
            "eps_avg_yearly": 0,
            "eps_latest_yearly": 0,
            "eps_growth_yearly": 0
        },
        "20072": {
            "year_quarter": 20072,
            "year": 2007,
            "quarter": 2,
            "eps": 1.58,
            "eps_growth_year": null,
            "eps_4q": null,
            "eps_4q_growth_year": null,
            "roe": 10.39,
            "roe_4q": 16.57,
            "gross_profit": 25679,
            "gross_margin": 10.7,
            "gross_margin_4q_avg": 5.16,
            "net_income": 49888,
            "revenue": 239910,
            "common_shares": 315000,
            "book_valuer_per_share": 15.84,
            "book_valuer_per_share_4q_avg": 11.06,
            "equity": 498961,
            "current_ratio": 179.93,
            "debt_ratio": 41.16,
            "inventory_turnover_ratio": 2.91,
            "account_receivable_turnover_ratio": null,
            "reinvestment_rate": null,
            "research_to_sale_ratio": null,
            "price_fair": 221.2,
            "eps_avg_yearly": 6.32,
            "eps_latest_yearly": 6.32,
            "eps_growth_yearly": 431.58
        },
        "20073": {
            "year_quarter": 20073,
            "year": 2007,
            "quarter": 3,
            "eps": null,
            "eps_growth_year": null,
            "eps_4q": null,
            "eps_4q_growth_year": null,
            "roe": null,
            "roe_4q": 16.57,
            "gross_profit": null,
            "gross_margin": null,
            "gross_margin_4q_avg": 5.16,
            "net_income": null,
            "revenue": null,
            "common_shares": null,
            "book_valuer_per_share": null,
            "book_valuer_per_share_4q_avg": 11.06,
            "equity": null,
            "current_ratio": null,
            "debt_ratio": null,
            "inventory_turnover_ratio": null,
            "account_receivable_turnover_ratio": null,
            "reinvestment_rate": null,
            "research_to_sale_ratio": null,
            "price_fair": 221.2,
            "eps_avg_yearly": 6.32,
            "eps_latest_yearly": 6.32,
            "eps_growth_yearly": 431.58
        },
        "20074": {
            "year_quarter": 20074,
            "year": 2007,
            "quarter": 4,
            "eps": null,
            "eps_growth_year": null,
            "eps_4q": null,
            "eps_4q_growth_year": null,
            "roe": null,
            "roe_4q": 16.57,
            "gross_profit": null,
            "gross_margin": null,
            "gross_margin_4q_avg": 5.16,
            "net_income": null,
            "revenue": null,
            "common_shares": 442250,
            "book_valuer_per_share": 19.79,
            "book_valuer_per_share_4q_avg": 12.57,
            "equity": 875362,
            "current_ratio": 174.68,
            "debt_ratio": 44.93,
            "inventory_turnover_ratio": null,
            "account_receivable_turnover_ratio": null,
            "reinvestment_rate": null,
            "research_to_sale_ratio": null,
            "price_fair": 221.2,
            "eps_avg_yearly": 6.32,
            "eps_latest_yearly": 6.32,
            "eps_growth_yearly": 431.58
        },
        "20081": {
            "year_quarter": 20081,
            "year": 2008,
            "quarter": 1,
            "eps": 0.18,
            "eps_growth_year": -76.32,
            "eps_4q": null,
            "eps_4q_growth_year": null,
            "roe": 0.9,
            "roe_4q": 11.290000000000001,
            "gross_profit": 65888,
            "gross_margin": 11.83,
            "gross_margin_4q_avg": 5.63,
            "net_income": 7831,
            "revenue": 557155,
            "common_shares": 442250,
            "book_valuer_per_share": 19.61,
            "book_valuer_per_share_4q_avg": 13.81,
            "equity": 867391,
            "current_ratio": 162.57,
            "debt_ratio": 47.17,
            "inventory_turnover_ratio": 1.86,
            "account_receivable_turnover_ratio": null,
            "reinvestment_rate": null,
            "research_to_sale_ratio": null,
            "price_fair": 221.2,
            "eps_avg_yearly": 6.32,
            "eps_latest_yearly": 6.32,
            "eps_growth_yearly": 431.58
        },
        "20082": {
            "year_quarter": 20082,
            "year": 2008,
            "quarter": 2,
            "eps": 0.65,
            "eps_growth_year": -58.86,
            "eps_4q": null,
            "eps_4q_growth_year": null,
            "roe": 3.65,
            "roe_4q": 4.55,
            "gross_profit": 83127,
            "gross_margin": 15.51,
            "gross_margin_4q_avg": 6.84,
            "net_income": 31504,
            "revenue": 536014,
            "common_shares": 442250,
            "book_valuer_per_share": 19.39,
            "book_valuer_per_share_4q_avg": 14.7,
            "equity": 857396,
            "current_ratio": 149.83,
            "debt_ratio": 51.85,
            "inventory_turnover_ratio": 1.41,
            "account_receivable_turnover_ratio": null,
            "reinvestment_rate": null,
            "research_to_sale_ratio": null,
            "price_fair": 156.1,
            "eps_avg_yearly": 4.46,
            "eps_latest_yearly": 2.6,
            "eps_growth_yearly": 738.01
        },
        "20083": {
            "year_quarter": 20083,
            "year": 2008,
            "quarter": 3,
            "eps": 0.61,
            "eps_growth_year": null,
            "eps_4q": null,
            "eps_4q_growth_year": null,
            "roe": 3.51,
            "roe_4q": 8.06,
            "gross_profit": 58213,
            "gross_margin": 9.48,
            "gross_margin_4q_avg": 9.21,
            "net_income": 31280,
            "revenue": 613919,
            "common_shares": 486475,
            "book_valuer_per_share": 19.05,
            "book_valuer_per_share_4q_avg": 19.46,
            "equity": 926786,
            "current_ratio": 147.82,
            "debt_ratio": 54.66,
            "inventory_turnover_ratio": 1.22,
            "account_receivable_turnover_ratio": null,
            "reinvestment_rate": null,
            "research_to_sale_ratio": null,
            "price_fair": 132.53,
            "eps_avg_yearly": 3.79,
            "eps_latest_yearly": 2.44,
            "eps_growth_yearly": 483.8
        },
        "20084": {
            "year_quarter": 20084,
            "year": 2008,
            "quarter": 4,
            "eps": -0.42,
            "eps_growth_year": null,
            "eps_4q": 1.04,
            "eps_4q_growth_year": null,
            "roe": -2.19,
            "roe_4q": 5.87,
            "gross_profit": 22141,
            "gross_margin": 4.87,
            "gross_margin_4q_avg": 10.42,
            "net_income": -20262,
            "revenue": 454583,
            "common_shares": 486475,
            "book_valuer_per_share": 18.91,
            "book_valuer_per_share_4q_avg": 19.24,
            "equity": 919978,
            "current_ratio": 163.82,
            "debt_ratio": 45.5,
            "inventory_turnover_ratio": 0.99,
            "account_receivable_turnover_ratio": 1.62,
            "reinvestment_rate": null,
            "research_to_sale_ratio": null,
            "price_fair": 132.53,
            "eps_avg_yearly": 3.79,
            "eps_latest_yearly": 2.44,
            "eps_growth_yearly": 483.8
        },
        "20091": {
            "year_quarter": 20091,
            "year": 2009,
            "quarter": 1,
            "eps": 0.52,
            "eps_growth_year": 188.89,
            "eps_4q": 1.34,
            "eps_4q_growth_year": null,
            "roe": 2.85,
            "roe_4q": 7.82,
            "gross_profit": 73675,
            "gross_margin": 13.91,
            "gross_margin_4q_avg": 10.94,
            "net_income": 26809,
            "revenue": 529591,
            "common_shares": 486475,
            "book_valuer_per_share": 19.74,
            "book_valuer_per_share_4q_avg": 19.27,
            "equity": 960446,
            "current_ratio": 168.23,
            "debt_ratio": 44.31,
            "inventory_turnover_ratio": 1.42,
            "account_receivable_turnover_ratio": 0.9,
            "reinvestment_rate": null,
            "research_to_sale_ratio": null,
            "price_fair": 132.53,
            "eps_avg_yearly": 3.79,
            "eps_latest_yearly": 2.44,
            "eps_growth_yearly": 483.8
        },
        "20092": {
            "year_quarter": 20092,
            "year": 2009,
            "quarter": 2,
            "eps": 0.56,
            "eps_growth_year": -13.85,
            "eps_4q": 1.3,
            "eps_4q_growth_year": null,
            "roe": 3,
            "roe_4q": 7.17,
            "gross_profit": 91045,
            "gross_margin": 16.11,
            "gross_margin_4q_avg": 11.09,
            "net_income": 28588,
            "revenue": 565118,
            "common_shares": 486475,
            "book_valuer_per_share": 19.5,
            "book_valuer_per_share_4q_avg": 19.3,
            "equity": 948553,
            "current_ratio": 162.94,
            "debt_ratio": 44.55,
            "inventory_turnover_ratio": 1.71,
            "account_receivable_turnover_ratio": 0.91,
            "reinvestment_rate": null,
            "research_to_sale_ratio": null,
            "price_fair": 119,
            "eps_avg_yearly": 3.4,
            "eps_latest_yearly": 2.24,
            "eps_growth_yearly": 370.54
        },
        "20093": {
            "year_quarter": 20093,
            "year": 2009,
            "quarter": 3,
            "eps": 0.45,
            "eps_growth_year": -26.23,
            "eps_4q": 1.14,
            "eps_4q_growth_year": null,
            "roe": 2.41,
            "roe_4q": 6.07,
            "gross_profit": 87634,
            "gross_margin": 13.41,
            "gross_margin_4q_avg": 12.08,
            "net_income": 23016,
            "revenue": 653337,
            "common_shares": 510799,
            "book_valuer_per_share": 18.78,
            "book_valuer_per_share_4q_avg": 19.23,
            "equity": 959493,
            "current_ratio": 155.07,
            "debt_ratio": 43.74,
            "inventory_turnover_ratio": 1.95,
            "account_receivable_turnover_ratio": 1.12,
            "reinvestment_rate": null,
            "research_to_sale_ratio": null,
            "price_fair": 107.8,
            "eps_avg_yearly": 3.08,
            "eps_latest_yearly": 1.8,
            "eps_growth_yearly": 280.72
        },
        "20094": {
            "year_quarter": 20094,
            "year": 2009,
            "quarter": 4,
            "eps": 0.04,
            "eps_growth_year": null,
            "eps_4q": 1.57,
            "eps_4q_growth_year": 51.19,
            "roe": 0.2,
            "roe_4q": 8.46,
            "gross_profit": 60315,
            "gross_margin": 9.82,
            "gross_margin_4q_avg": 13.31,
            "net_income": 1903,
            "revenue": 614315,
            "common_shares": 510799,
            "book_valuer_per_share": 18.77,
            "book_valuer_per_share_4q_avg": 19.2,
            "equity": 958550,
            "current_ratio": 156.3,
            "debt_ratio": 43.42,
            "inventory_turnover_ratio": 1.85,
            "account_receivable_turnover_ratio": 2.22,
            "reinvestment_rate": null,
            "research_to_sale_ratio": null,
            "price_fair": 90.77,
            "eps_avg_yearly": 2.59,
            "eps_latest_yearly": 0.16,
            "eps_growth_yearly": 173.19
        },
        "20101": {
            "year_quarter": 20101,
            "year": 2010,
            "quarter": 1,
            "eps": 0.55,
            "eps_growth_year": 5.77,
            "eps_4q": 1.59,
            "eps_4q_growth_year": 18.58,
            "roe": 2.88,
            "roe_4q": 8.49,
            "gross_profit": 92430,
            "gross_margin": 11.82,
            "gross_margin_4q_avg": 12.79,
            "net_income": 27949,
            "revenue": 781780,
            "common_shares": 510799,
            "book_valuer_per_share": 19.28,
            "book_valuer_per_share_4q_avg": 19.08,
            "equity": 984666,
            "current_ratio": 145.12,
            "debt_ratio": 49.4,
            "inventory_turnover_ratio": 2.21,
            "account_receivable_turnover_ratio": 1.28,
            "reinvestment_rate": null,
            "research_to_sale_ratio": 0.62,
            "price_fair": 88.8,
            "eps_avg_yearly": 2.54,
            "eps_latest_yearly": 2.2,
            "eps_growth_yearly": 877.02
        },
        "20102": {
            "year_quarter": 20102,
            "year": 2010,
            "quarter": 2,
            "eps": 0.59,
            "eps_growth_year": 5.91,
            "eps_4q": 1.46,
            "eps_4q_growth_year": 12.44,
            "roe": 3.38,
            "roe_4q": 8.870000000000001,
            "gross_profit": 97007,
            "gross_margin": 11.1,
            "gross_margin_4q_avg": 11.54,
            "net_income": 36053,
            "revenue": 874223,
            "common_shares": 578909,
            "book_valuer_per_share": 19.79,
            "book_valuer_per_share_4q_avg": 19.16,
            "equity": 1145814,
            "current_ratio": 142.51,
            "debt_ratio": 49.42,
            "inventory_turnover_ratio": 2.29,
            "account_receivable_turnover_ratio": 1.31,
            "reinvestment_rate": null,
            "research_to_sale_ratio": 0.67,
            "price_fair": 88.03,
            "eps_avg_yearly": 2.52,
            "eps_latest_yearly": 2.36,
            "eps_growth_yearly": 771.03
        },
        "20103": {
            "year_quarter": 20103,
            "year": 2010,
            "quarter": 3,
            "eps": 0.35,
            "eps_growth_year": -22.99,
            "eps_4q": 1.43,
            "eps_4q_growth_year": 25.84,
            "roe": 1.83,
            "roe_4q": 8.29,
            "gross_profit": 92391,
            "gross_margin": 11.25,
            "gross_margin_4q_avg": 11,
            "net_income": 21065,
            "revenue": 821515,
            "common_shares": 607854,
            "book_valuer_per_share": 19.02,
            "book_valuer_per_share_4q_avg": 19.22,
            "equity": 1156089,
            "current_ratio": 139.2,
            "debt_ratio": 54.97,
            "inventory_turnover_ratio": 1.94,
            "account_receivable_turnover_ratio": 1.15,
            "reinvestment_rate": null,
            "research_to_sale_ratio": 0.72,
            "price_fair": 83.69,
            "eps_avg_yearly": 2.39,
            "eps_latest_yearly": 1.4,
            "eps_growth_yearly": 667.28
        },
        "20104": {
            "year_quarter": 20104,
            "year": 2010,
            "quarter": 4,
            "eps": 0.16,
            "eps_growth_year": 309.1,
            "eps_4q": 1.56,
            "eps_4q_growth_year": -0.59,
            "roe": 0.87,
            "roe_4q": 8.96,
            "gross_profit": 84890,
            "gross_margin": 11.61,
            "gross_margin_4q_avg": 11.45,
            "net_income": 9947,
            "revenue": 730889,
            "common_shares": 607854,
            "book_valuer_per_share": 18.5,
            "book_valuer_per_share_4q_avg": 19.15,
            "equity": 1124817,
            "current_ratio": 153.53,
            "debt_ratio": 51.92,
            "inventory_turnover_ratio": 1.61,
            "account_receivable_turnover_ratio": 1.01,
            "reinvestment_rate": null,
            "research_to_sale_ratio": 0.79,
            "price_fair": 77.56,
            "eps_avg_yearly": 2.22,
            "eps_latest_yearly": 0.64,
            "eps_growth_yearly": 578.84
        },
        "20111": {
            "year_quarter": 20111,
            "year": 2011,
            "quarter": 1,
            "eps": 0.64,
            "eps_growth_year": 16.36,
            "eps_4q": 1.75,
            "eps_4q_growth_year": 9.63,
            "roe": 3.41,
            "roe_4q": 9.49,
            "gross_profit": 73825,
            "gross_margin": 9.09,
            "gross_margin_4q_avg": 10.76,
            "net_income": 39204,
            "revenue": 812248,
            "common_shares": 607854,
            "book_valuer_per_share": 19.34,
            "book_valuer_per_share_4q_avg": 19.16,
            "equity": 1175727,
            "current_ratio": 153.85,
            "debt_ratio": 52.76,
            "inventory_turnover_ratio": 1.79,
            "account_receivable_turnover_ratio": 1.02,
            "reinvestment_rate": null,
            "research_to_sale_ratio": 0.71,
            "price_fair": 78.65,
            "eps_avg_yearly": 2.25,
            "eps_latest_yearly": 2.56,
            "eps_growth_yearly": 635.31
        },
        "20112": {
            "year_quarter": 20112,
            "year": 2011,
            "quarter": 2,
            "eps": 0.02,
            "eps_growth_year": -97.24,
            "eps_4q": 1.12,
            "eps_4q_growth_year": -23.68,
            "roe": 0.09,
            "roe_4q": 6.2,
            "gross_profit": 56760,
            "gross_margin": 6.76,
            "gross_margin_4q_avg": 9.68,
            "net_income": 1044,
            "revenue": 839832,
            "common_shares": 607854,
            "book_valuer_per_share": 18.55,
            "book_valuer_per_share_4q_avg": 18.85,
            "equity": 1127368,
            "current_ratio": 140.41,
            "debt_ratio": 57.32,
            "inventory_turnover_ratio": 1.71,
            "account_receivable_turnover_ratio": 0.92,
            "reinvestment_rate": null,
            "research_to_sale_ratio": 0.57,
            "price_fair": 58.8,
            "eps_avg_yearly": 1.68,
            "eps_latest_yearly": 0.08,
            "eps_growth_yearly": 560.85
        },
        "20113": {
            "year_quarter": 20113,
            "year": 2011,
            "quarter": 3,
            "eps": 0.04,
            "eps_growth_year": -88.34,
            "eps_4q": 0.83,
            "eps_4q_growth_year": -42.21,
            "roe": 0.22,
            "roe_4q": 4.59,
            "gross_profit": 48719,
            "gross_margin": 6.54,
            "gross_margin_4q_avg": 8.5,
            "net_income": 2579,
            "revenue": 744659,
            "common_shares": 638247,
            "book_valuer_per_share": 18.57,
            "book_valuer_per_share_4q_avg": 18.74,
            "equity": 1185246,
            "current_ratio": 148.53,
            "debt_ratio": 53.56,
            "inventory_turnover_ratio": 1.39,
            "account_receivable_turnover_ratio": 0.93,
            "reinvestment_rate": null,
            "research_to_sale_ratio": 0.73,
            "price_fair": 54.37,
            "eps_avg_yearly": 1.55,
            "eps_latest_yearly": 0.16,
            "eps_growth_yearly": 547.44
        },
        "20114": {
            "year_quarter": 20114,
            "year": 2011,
            "quarter": 4,
            "eps": 0.13,
            "eps_growth_year": -18.8,
            "eps_4q": 0.8,
            "eps_4q_growth_year": -48.57,
            "roe": 0.72,
            "roe_4q": 4.44,
            "gross_profit": 61300,
            "gross_margin": 8.76,
            "gross_margin_4q_avg": 7.79,
            "net_income": 8481,
            "revenue": 699736,
            "common_shares": 638247,
            "book_valuer_per_share": 18.57,
            "book_valuer_per_share_4q_avg": 18.76,
            "equity": 1184949,
            "current_ratio": 144.88,
            "debt_ratio": 49.98,
            "inventory_turnover_ratio": 1.38,
            "account_receivable_turnover_ratio": 1,
            "reinvestment_rate": 476.6,
            "research_to_sale_ratio": 0.65,
            "price_fair": 51.58,
            "eps_avg_yearly": 1.47,
            "eps_latest_yearly": 0.52,
            "eps_growth_yearly": 574.56
        },
        "20121": {
            "year_quarter": 20121,
            "year": 2012,
            "quarter": 1,
            "eps": 0.05,
            "eps_growth_year": -92.19,
            "eps_4q": 0.24,
            "eps_4q_growth_year": -86.24,
            "roe": 0.28,
            "roe_4q": 1.31,
            "gross_profit": 55516,
            "gross_margin": 11.34,
            "gross_margin_4q_avg": 8.35,
            "net_income": 3248,
            "revenue": 489536,
            "common_shares": 638247,
            "book_valuer_per_share": 18.35,
            "book_valuer_per_share_4q_avg": 18.51,
            "equity": 1171163,
            "current_ratio": 146.57,
            "debt_ratio": 50.3,
            "inventory_turnover_ratio": 0.96,
            "account_receivable_turnover_ratio": 0.72,
            "reinvestment_rate": 425.89,
            "research_to_sale_ratio": 0.71,
            "price_fair": 48.4,
            "eps_avg_yearly": 1.38,
            "eps_latest_yearly": 0.2,
            "eps_growth_yearly": 515.94
        },
        "20122": {
            "year_quarter": 20122,
            "year": 2012,
            "quarter": 2,
            "eps": 0.12,
            "eps_growth_year": 647.62,
            "eps_4q": 0.35,
            "eps_4q_growth_year": -68.97,
            "roe": 0.67,
            "roe_4q": 1.89,
            "gross_profit": 52544,
            "gross_margin": 11.59,
            "gross_margin_4q_avg": 9.56,
            "net_income": 7805,
            "revenue": 453468,
            "common_shares": 638247,
            "book_valuer_per_share": 18.06,
            "book_valuer_per_share_4q_avg": 18.39,
            "equity": 1152461,
            "current_ratio": 160.36,
            "debt_ratio": 45.66,
            "inventory_turnover_ratio": 0.96,
            "account_receivable_turnover_ratio": 0.72,
            "reinvestment_rate": 447.37,
            "research_to_sale_ratio": 0.94,
            "price_fair": 43.1,
            "eps_avg_yearly": 1.23,
            "eps_latest_yearly": 0.48,
            "eps_growth_yearly": 481.34
        },
        "20123": {
            "year_quarter": 20123,
            "year": 2012,
            "quarter": 3,
            "eps": -0.29,
            "eps_growth_year": -808.25,
            "eps_4q": 0.02,
            "eps_4q_growth_year": -97.39,
            "roe": -1.6,
            "roe_4q": 0.06999999999999995,
            "gross_profit": 19316,
            "gross_margin": 4.7,
            "gross_margin_4q_avg": 9.1,
            "net_income": -18165,
            "revenue": 411333,
            "common_shares": 638247,
            "book_valuer_per_share": 17.62,
            "book_valuer_per_share_4q_avg": 18.15,
            "equity": 1118147,
            "current_ratio": 155.11,
            "debt_ratio": 47.31,
            "inventory_turnover_ratio": 1.09,
            "account_receivable_turnover_ratio": 0.66,
            "reinvestment_rate": 497.45,
            "research_to_sale_ratio": 1.49,
            "price_fair": 39.85,
            "eps_avg_yearly": 1.14,
            "eps_latest_yearly": 0.48,
            "eps_growth_yearly": 520.26
        },
        "20124": {
            "year_quarter": 20124,
            "year": 2012,
            "quarter": 4,
            "eps": -0.2,
            "eps_growth_year": -251.05,
            "eps_4q": -0.31,
            "eps_4q_growth_year": -138.91,
            "roe": -1.14,
            "roe_4q": -1.7900000000000003,
            "gross_profit": 41073,
            "gross_margin": 9.69,
            "gross_margin_4q_avg": 9.33,
            "net_income": -12740,
            "revenue": 423677,
            "common_shares": 638247,
            "book_valuer_per_share": 17.48,
            "book_valuer_per_share_4q_avg": 17.88,
            "equity": 1109173,
            "current_ratio": 150.35,
            "debt_ratio": 47.92,
            "inventory_turnover_ratio": 1.08,
            "account_receivable_turnover_ratio": 0.65,
            "reinvestment_rate": 421.06,
            "research_to_sale_ratio": 2.75,
            "price_fair": 39.85,
            "eps_avg_yearly": 1.14,
            "eps_latest_yearly": 0.48,
            "eps_growth_yearly": 520.26
        },
        "20131": {
            "year_quarter": 20131,
            "year": 2013,
            "quarter": 1,
            "eps": -0.08,
            "eps_growth_year": -260,
            "eps_4q": -0.44,
            "eps_4q_growth_year": -282.5,
            "roe": -0.43,
            "roe_4q": -2.5,
            "gross_profit": 50237,
            "gross_margin": 12.35,
            "gross_margin_4q_avg": 9.58,
            "net_income": -4763,
            "revenue": 406644,
            "common_shares": 638247,
            "book_valuer_per_share": 17.73,
            "book_valuer_per_share_4q_avg": 17.72,
            "equity": 1125532,
            "current_ratio": 149.78,
            "debt_ratio": 47.58,
            "inventory_turnover_ratio": 1.02,
            "account_receivable_turnover_ratio": 0.63,
            "reinvestment_rate": 73.04,
            "research_to_sale_ratio": 3.5,
            "price_fair": 39.85,
            "eps_avg_yearly": 1.14,
            "eps_latest_yearly": 0.48,
            "eps_growth_yearly": 520.26
        },
        "20132": {
            "year_quarter": 20132,
            "year": 2013,
            "quarter": 2,
            "eps": -0.13,
            "eps_growth_year": -206.31,
            "eps_4q": -0.69,
            "eps_4q_growth_year": -300.49,
            "roe": -0.75,
            "roe_4q": -3.92,
            "gross_profit": 39892,
            "gross_margin": 9.22,
            "gross_margin_4q_avg": 8.99,
            "net_income": -8422,
            "revenue": 432882,
            "common_shares": 638247,
            "book_valuer_per_share": 17.52,
            "book_valuer_per_share_4q_avg": 17.59,
            "equity": 1111896,
            "current_ratio": 147.12,
            "debt_ratio": 48.23,
            "inventory_turnover_ratio": 1.15,
            "account_receivable_turnover_ratio": 0.71,
            "reinvestment_rate": 83.78,
            "research_to_sale_ratio": 2.22,
            "price_fair": 36.63,
            "eps_avg_yearly": 1.05,
            "eps_latest_yearly": 0.48,
            "eps_growth_yearly": 561.05
        },
        "20133": {
            "year_quarter": 20133,
            "year": 2013,
            "quarter": 3,
            "eps": -0.18,
            "eps_growth_year": null,
            "eps_4q": -0.59,
            "eps_4q_growth_year": -2828.23,
            "roe": -1.04,
            "roe_4q": -3.3600000000000003,
            "gross_profit": 44861,
            "gross_margin": 10.61,
            "gross_margin_4q_avg": 10.47,
            "net_income": -11425,
            "revenue": 422802,
            "common_shares": 638247,
            "book_valuer_per_share": 17.16,
            "book_valuer_per_share_4q_avg": 17.47,
            "equity": 1089476,
            "current_ratio": 138.8,
            "debt_ratio": 52.06,
            "inventory_turnover_ratio": 1.08,
            "account_receivable_turnover_ratio": 0.7,
            "reinvestment_rate": 31.91,
            "research_to_sale_ratio": 1.94,
            "price_fair": 34.24,
            "eps_avg_yearly": 0.98,
            "eps_latest_yearly": 0.48,
            "eps_growth_yearly": 619.19
        },
        "20134": {
            "year_quarter": 20134,
            "year": 2013,
            "quarter": 4,
            "eps": -0.05,
            "eps_growth_year": null,
            "eps_4q": -0.44,
            "eps_4q_growth_year": null,
            "roe": -0.29,
            "roe_4q": -2.5100000000000002,
            "gross_profit": 43499,
            "gross_margin": 10.11,
            "gross_margin_4q_avg": 10.57,
            "net_income": -3202,
            "revenue": 430267,
            "common_shares": 638247,
            "book_valuer_per_share": 17.29,
            "book_valuer_per_share_4q_avg": 17.43,
            "equity": 1097628,
            "current_ratio": 137.62,
            "debt_ratio": 53.12,
            "inventory_turnover_ratio": 0.94,
            "account_receivable_turnover_ratio": 0.68,
            "reinvestment_rate": -613.08,
            "research_to_sale_ratio": 2.06,
            "price_fair": 37.1,
            "eps_avg_yearly": 1.06,
            "eps_latest_yearly": 0.48,
            "eps_growth_yearly": 717.56
        },
        "20141": {
            "year_quarter": 20141,
            "year": 2014,
            "quarter": 1,
            "eps": 0.05,
            "eps_growth_year": null,
            "eps_4q": -0.32,
            "eps_4q_growth_year": null,
            "roe": 0.27,
            "roe_4q": -1.81,
            "gross_profit": 57745,
            "gross_margin": 12.95,
            "gross_margin_4q_avg": 10.72,
            "net_income": 2943,
            "revenue": 445786,
            "common_shares": 638247,
            "book_valuer_per_share": 17.32,
            "book_valuer_per_share_4q_avg": 17.32,
            "equity": 1099314,
            "current_ratio": 135.72,
            "debt_ratio": 55.06,
            "inventory_turnover_ratio": 0.78,
            "account_receivable_turnover_ratio": 0.67,
            "reinvestment_rate": -859.22,
            "research_to_sale_ratio": 1.96,
            "price_fair": 32.67,
            "eps_avg_yearly": 0.93,
            "eps_latest_yearly": 0.48,
            "eps_growth_yearly": 230.62
        },
        "20142": {
            "year_quarter": 20142,
            "year": 2014,
            "quarter": 2,
            "eps": 0.5,
            "eps_growth_year": null,
            "eps_4q": 0.32,
            "eps_4q_growth_year": null,
            "roe": 2.86,
            "roe_4q": 1.7999999999999998,
            "gross_profit": 99231,
            "gross_margin": 17.27,
            "gross_margin_4q_avg": 12.74,
            "net_income": 31777,
            "revenue": 574449,
            "common_shares": 638247,
            "book_valuer_per_share": 17.64,
            "book_valuer_per_share_4q_avg": 17.35,
            "equity": 1119561,
            "current_ratio": 134.76,
            "debt_ratio": 56.94,
            "inventory_turnover_ratio": 0.87,
            "account_receivable_turnover_ratio": 0.78,
            "reinvestment_rate": -1116.97,
            "research_to_sale_ratio": 1.56,
            "price_fair": 31.27,
            "eps_avg_yearly": 0.89,
            "eps_latest_yearly": 2,
            "eps_growth_yearly": 627.39
        },
        "20143": {
            "year_quarter": 20143,
            "year": 2014,
            "quarter": 3,
            "eps": 0.29,
            "eps_growth_year": null,
            "eps_4q": 0.79,
            "eps_4q_growth_year": null,
            "roe": 1.63,
            "roe_4q": 4.47,
            "gross_profit": 82941,
            "gross_margin": 15.49,
            "gross_margin_4q_avg": 13.96,
            "net_income": 18467,
            "revenue": 535542,
            "common_shares": 638247,
            "book_valuer_per_share": 18.15,
            "book_valuer_per_share_4q_avg": 17.6,
            "equity": 1152306,
            "current_ratio": 145.3,
            "debt_ratio": 54.72,
            "inventory_turnover_ratio": 0.77,
            "account_receivable_turnover_ratio": 0.67,
            "reinvestment_rate": -1662.09,
            "research_to_sale_ratio": 1.97,
            "price_fair": 30.33,
            "eps_avg_yearly": 0.87,
            "eps_latest_yearly": 1.16,
            "eps_growth_yearly": 626.8
        },
        "20144": {
            "year_quarter": 20144,
            "year": 2014,
            "quarter": 4,
            "eps": 0.22,
            "eps_growth_year": null,
            "eps_4q": 1.05,
            "eps_4q_growth_year": null,
            "roe": 1.18,
            "roe_4q": 5.9399999999999995,
            "gross_profit": 49856,
            "gross_margin": 8.94,
            "gross_margin_4q_avg": 13.66,
            "net_income": 13752,
            "revenue": 557642,
            "common_shares": 638247,
            "book_valuer_per_share": 18.67,
            "book_valuer_per_share_4q_avg": 17.95,
            "equity": 1184817,
            "current_ratio": 144.17,
            "debt_ratio": 55.49,
            "inventory_turnover_ratio": 0.89,
            "account_receivable_turnover_ratio": 0.67,
            "reinvestment_rate": -1460.54,
            "research_to_sale_ratio": 2.06,
            "price_fair": 31.27,
            "eps_avg_yearly": 0.89,
            "eps_latest_yearly": 0.88,
            "eps_growth_yearly": 640.2
        },
        "20151": {
            "year_quarter": 20151,
            "year": 2015,
            "quarter": 1,
            "eps": 0.04,
            "eps_growth_year": -20,
            "eps_4q": 1.04,
            "eps_4q_growth_year": null,
            "roe": 0.19,
            "roe_4q": 5.859999999999999,
            "gross_profit": 63691,
            "gross_margin": 11.69,
            "gross_margin_4q_avg": 13.35,
            "net_income": 2289,
            "revenue": 545012,
            "common_shares": 638247,
            "book_valuer_per_share": 18.6,
            "book_valuer_per_share_4q_avg": 18.27,
            "equity": 1180809,
            "current_ratio": 139.67,
            "debt_ratio": 57.54,
            "inventory_turnover_ratio": 0.95,
            "account_receivable_turnover_ratio": 0.61,
            "reinvestment_rate": -3069.9,
            "research_to_sale_ratio": 1.99,
            "price_fair": 21.93,
            "eps_avg_yearly": 0.63,
            "eps_latest_yearly": 0.16,
            "eps_growth_yearly": 470.5
        },
        "20152": {
            "year_quarter": 20152,
            "year": 2015,
            "quarter": 2,
            "eps": -0.03,
            "eps_growth_year": -106,
            "eps_4q": 0.52,
            "eps_4q_growth_year": 63.17,
            "roe": -0.15,
            "roe_4q": 2.8499999999999996,
            "gross_profit": 61828,
            "gross_margin": 11.64,
            "gross_margin_4q_avg": 11.94,
            "net_income": -1722,
            "revenue": 531054,
            "common_shares": 638247,
            "book_valuer_per_share": 17.93,
            "book_valuer_per_share_4q_avg": 18.34,
            "equity": 1137919,
            "current_ratio": 146.64,
            "debt_ratio": 56.54,
            "inventory_turnover_ratio": 0.94,
            "account_receivable_turnover_ratio": 0.59,
            "reinvestment_rate": -3276,
            "research_to_sale_ratio": 2.35,
            "price_fair": 24.33,
            "eps_avg_yearly": 0.7,
            "eps_latest_yearly": 0.16,
            "eps_growth_yearly": 577.75
        },
        "20153": {
            "year_quarter": 20153,
            "year": 2015,
            "quarter": 3,
            "eps": 0.69,
            "eps_growth_year": 137.93,
            "eps_4q": 0.92,
            "eps_4q_growth_year": 16.66,
            "roe": 3.75,
            "roe_4q": 4.97,
            "gross_profit": 117355,
            "gross_margin": 20.03,
            "gross_margin_4q_avg": 13.08,
            "net_income": 43993,
            "revenue": 585844,
            "common_shares": 634717,
            "book_valuer_per_share": 19.06,
            "book_valuer_per_share_4q_avg": 18.57,
            "equity": 1209991,
            "current_ratio": 150.02,
            "debt_ratio": 54.13,
            "inventory_turnover_ratio": 0.89,
            "account_receivable_turnover_ratio": 0.62,
            "reinvestment_rate": -1525.97,
            "research_to_sale_ratio": 1.85,
            "price_fair": 27,
            "eps_avg_yearly": 0.77,
            "eps_latest_yearly": 0.16,
            "eps_growth_yearly": 603.15
        },
        "20154": {
            "year_quarter": 20154,
            "year": 2015,
            "quarter": 4,
            "eps": 0.54,
            "eps_growth_year": 147.69,
            "eps_4q": 1.24,
            "eps_4q_growth_year": 17.64,
            "roe": 2.8,
            "roe_4q": 6.59,
            "gross_profit": 116891,
            "gross_margin": 19.85,
            "gross_margin_4q_avg": 15.8,
            "net_income": 33965,
            "revenue": 588953,
            "common_shares": 634717,
            "book_valuer_per_share": 19.22,
            "book_valuer_per_share_4q_avg": 18.7,
            "equity": 1216756,
            "current_ratio": 156.52,
            "debt_ratio": 52.37,
            "inventory_turnover_ratio": 0.93,
            "account_receivable_turnover_ratio": 0.59,
            "reinvestment_rate": -1169.02,
            "research_to_sale_ratio": 1.98,
            "price_fair": 35.2,
            "eps_avg_yearly": 1.01,
            "eps_latest_yearly": 2.16,
            "eps_growth_yearly": 462.15
        },
        "20161": {
            "year_quarter": 20161,
            "year": 2016,
            "quarter": 1,
            "eps": 0.48,
            "eps_growth_year": 1100,
            "eps_4q": 1.68,
            "eps_4q_growth_year": 60.97,
            "roe": 2.45,
            "roe_4q": 8.85,
            "gross_profit": 138569,
            "gross_margin": 23.52,
            "gross_margin_4q_avg": 18.76,
            "net_income": 30160,
            "revenue": 589040,
            "common_shares": 634717,
            "book_valuer_per_share": 19.64,
            "book_valuer_per_share_4q_avg": 18.96,
            "equity": 1242741,
            "current_ratio": 167.17,
            "debt_ratio": 49.72,
            "inventory_turnover_ratio": 0.94,
            "account_receivable_turnover_ratio": 0.63,
            "reinvestment_rate": -795.98,
            "research_to_sale_ratio": 1.89,
            "price_fair": 43.8,
            "eps_avg_yearly": 1.25,
            "eps_latest_yearly": 1.92,
            "eps_growth_yearly": 490.97
        },
        "20162": {
            "year_quarter": 20162,
            "year": 2016,
            "quarter": 2,
            "eps": 1.12,
            "eps_growth_year": null,
            "eps_4q": 2.84,
            "eps_4q_growth_year": 449.06,
            "roe": 5.71,
            "roe_4q": 14.71,
            "gross_profit": 207868,
            "gross_margin": 28.24,
            "gross_margin_4q_avg": 22.91,
            "net_income": 71383,
            "revenue": 735995,
            "common_shares": 634717,
            "book_valuer_per_share": 19.87,
            "book_valuer_per_share_4q_avg": 19.45,
            "equity": 1257502,
            "current_ratio": 161.58,
            "debt_ratio": 51.32,
            "inventory_turnover_ratio": 1.08,
            "account_receivable_turnover_ratio": 0.75,
            "reinvestment_rate": -522.39,
            "research_to_sale_ratio": 1.7,
            "price_fair": 63.8,
            "eps_avg_yearly": 1.82,
            "eps_latest_yearly": 4.48,
            "eps_growth_yearly": 487.16
        },
        "20163": {
            "year_quarter": 20163,
            "year": 2016,
            "quarter": 3,
            "eps": 1.23,
            "eps_growth_year": 78.26,
            "eps_4q": 3.38,
            "eps_4q_growth_year": 267.44,
            "roe": 6.08,
            "roe_4q": 17.04,
            "gross_profit": 237117,
            "gross_margin": 31.23,
            "gross_margin_4q_avg": 25.71,
            "net_income": 78143,
            "revenue": 759312,
            "common_shares": 634717,
            "book_valuer_per_share": 20.73,
            "book_valuer_per_share_4q_avg": 19.87,
            "equity": 1311943,
            "current_ratio": 158.23,
            "debt_ratio": 52.95,
            "inventory_turnover_ratio": 1.04,
            "account_receivable_turnover_ratio": 0.7,
            "reinvestment_rate": -328.45,
            "research_to_sale_ratio": 1.71,
            "price_fair": 77.35,
            "eps_avg_yearly": 2.21,
            "eps_latest_yearly": 4.92,
            "eps_growth_yearly": 431.17
        },
        "20164": {
            "year_quarter": 20164,
            "year": 2016,
            "quarter": 4,
            "eps": 1.69,
            "eps_growth_year": 215.81,
            "eps_4q": 4.53,
            "eps_4q_growth_year": 265.43,
            "roe": 7.89,
            "roe_4q": 22.13,
            "gross_profit": 205767,
            "gross_margin": 30.06,
            "gross_margin_4q_avg": 28.26,
            "net_income": 107266,
            "revenue": 684424,
            "common_shares": 634717,
            "book_valuer_per_share": 22.22,
            "book_valuer_per_share_4q_avg": 20.62,
            "equity": 1406562,
            "current_ratio": 168.85,
            "debt_ratio": 49.42,
            "inventory_turnover_ratio": 0.93,
            "account_receivable_turnover_ratio": 0.63,
            "reinvestment_rate": -203.67,
            "research_to_sale_ratio": 1.72,
            "price_fair": 95.04,
            "eps_avg_yearly": 2.72,
            "eps_latest_yearly": 6.76,
            "eps_growth_yearly": 399.89
        },
        "20171": {
            "year_quarter": 20171,
            "year": 2017,
            "quarter": 1,
            "eps": 1.11,
            "eps_growth_year": 131.25,
            "eps_4q": 5.17,
            "eps_4q_growth_year": 207.68,
            "roe": 4.96,
            "roe_4q": 24.64,
            "gross_profit": 197236,
            "gross_margin": 30.88,
            "gross_margin_4q_avg": 30.1,
            "net_income": 70562,
            "revenue": 638614,
            "common_shares": 634717,
            "book_valuer_per_share": 22.76,
            "book_valuer_per_share_4q_avg": 21.4,
            "equity": 1440547,
            "current_ratio": 172.17,
            "debt_ratio": 46.32,
            "inventory_turnover_ratio": 0.87,
            "account_receivable_turnover_ratio": 0.64,
            "reinvestment_rate": -27.11,
            "research_to_sale_ratio": 1.62,
            "price_fair": 101.08,
            "eps_avg_yearly": 2.89,
            "eps_latest_yearly": 4.44,
            "eps_growth_yearly": 346.17
        },
        "20172": {
            "year_quarter": 20172,
            "year": 2017,
            "quarter": 2,
            "eps": 1.52,
            "eps_growth_year": 35.71,
            "eps_4q": 5.06,
            "eps_4q_growth_year": 78.28,
            "roe": 6.7,
            "roe_4q": 25.630000000000003,
            "gross_profit": 205167,
            "gross_margin": 31.68,
            "gross_margin_4q_avg": 30.96,
            "net_income": 96040,
            "revenue": 647541,
            "common_shares": 634717,
            "book_valuer_per_share": 22.53,
            "book_valuer_per_share_4q_avg": 22.06,
            "equity": 1425693,
            "current_ratio": 165.44,
            "debt_ratio": 48.26,
            "inventory_turnover_ratio": 0.91,
            "account_receivable_turnover_ratio": 0.65,
            "reinvestment_rate": -20.03,
            "research_to_sale_ratio": 1.5,
            "price_fair": 111.24,
            "eps_avg_yearly": 3.18,
            "eps_latest_yearly": 6.08,
            "eps_growth_yearly": 328.13
        },
        "20173": {
            "year_quarter": 20173,
            "year": 2017,
            "quarter": 3,
            "eps": 1.27,
            "eps_growth_year": 3.25,
            "eps_4q": 5.21,
            "eps_4q_growth_year": 54.29,
            "roe": 6.01,
            "roe_4q": 25.560000000000002,
            "gross_profit": 181114,
            "gross_margin": 26.78,
            "gross_margin_4q_avg": 29.85,
            "net_income": 88738,
            "revenue": 676190,
            "common_shares": 698008,
            "book_valuer_per_share": 21.9,
            "book_valuer_per_share_4q_avg": 22.35,
            "equity": 1524989,
            "current_ratio": 171.35,
            "debt_ratio": 46.88,
            "inventory_turnover_ratio": 1.11,
            "account_receivable_turnover_ratio": 0.65,
            "reinvestment_rate": -13.15,
            "research_to_sale_ratio": 1.42,
            "price_fair": 116.78,
            "eps_avg_yearly": 3.34,
            "eps_latest_yearly": 5.08,
            "eps_growth_yearly": 295.31
        },
        "20174": {
            "year_quarter": 20174,
            "year": 2017,
            "quarter": 4,
            "eps": 1.13,
            "eps_growth_year": -33.3,
            "eps_4q": 4.8,
            "eps_4q_growth_year": 5.83,
            "roe": 5.03,
            "roe_4q": 22.7,
            "gross_profit": 150585,
            "gross_margin": 23.32,
            "gross_margin_4q_avg": 28.17,
            "net_income": 78703,
            "revenue": 645872,
            "common_shares": 698008,
            "book_valuer_per_share": 23.06,
            "book_valuer_per_share_4q_avg": 22.56,
            "equity": 1605348,
            "current_ratio": 173.64,
            "debt_ratio": 46.93,
            "inventory_turnover_ratio": 1.14,
            "account_receivable_turnover_ratio": 0.61,
            "reinvestment_rate": -11.39,
            "research_to_sale_ratio": 1.62,
            "price_fair": 119.97,
            "eps_avg_yearly": 3.43,
            "eps_latest_yearly": 4.52,
            "eps_growth_yearly": 269.2
        },
        "20181": {
            "year_quarter": 20181,
            "year": 2018,
            "quarter": 1,
            "eps": 0.5,
            "eps_growth_year": -54.96,
            "eps_4q": 4.28,
            "eps_4q_growth_year": -17.17,
            "roe": 2.13,
            "roe_4q": 19.87,
            "gross_profit": 157044,
            "gross_margin": 23.05,
            "gross_margin_4q_avg": 26.21,
            "net_income": 34776,
            "revenue": 681417,
            "common_shares": 698008,
            "book_valuer_per_share": 23.78,
            "book_valuer_per_share_4q_avg": 22.82,
            "equity": 1655413,
            "current_ratio": 156.26,
            "debt_ratio": 49.06,
            "inventory_turnover_ratio": 1.13,
            "account_receivable_turnover_ratio": 0.65,
            "reinvestment_rate": -7.3,
            "research_to_sale_ratio": 3.29,
            "price_fair": 116.4,
            "eps_avg_yearly": 3.33,
            "eps_latest_yearly": 2,
            "eps_growth_yearly": 234.04
        },
        "20182": {
            "year_quarter": 20182,
            "year": 2018,
            "quarter": 2,
            "eps": 1.56,
            "eps_growth_year": 2.63,
            "eps_4q": 4.41,
            "eps_4q_growth_year": -12.86,
            "roe": 7.07,
            "roe_4q": 20.240000000000002,
            "gross_profit": 190895,
            "gross_margin": 23.9,
            "gross_margin_4q_avg": 24.26,
            "net_income": 110668,
            "revenue": 798818,
            "common_shares": 698008,
            "book_valuer_per_share": 21.2,
            "book_valuer_per_share_4q_avg": 22.49,
            "equity": 1476011,
            "current_ratio": 134.44,
            "debt_ratio": 58.85,
            "inventory_turnover_ratio": 1.24,
            "account_receivable_turnover_ratio": 0.7,
            "reinvestment_rate": -5.04,
            "research_to_sale_ratio": 3.19,
            "price_fair": 127,
            "eps_avg_yearly": 3.63,
            "eps_latest_yearly": 6.24,
            "eps_growth_yearly": 37.47
        },
        "20183": {
            "year_quarter": 20183,
            "year": 2018,
            "quarter": 3,
            "eps": 1.68,
            "eps_growth_year": 32.28,
            "eps_4q": 4.84,
            "eps_4q_growth_year": -7.06,
            "roe": 7.88,
            "roe_4q": 22.11,
            "gross_profit": 249335,
            "gross_margin": 28.62,
            "gross_margin_4q_avg": 24.72,
            "net_income": 119594,
            "revenue": 871157,
            "common_shares": 711932,
            "book_valuer_per_share": 21.94,
            "book_valuer_per_share_4q_avg": 22.5,
            "equity": 1558173,
            "current_ratio": 139.67,
            "debt_ratio": 57.91,
            "inventory_turnover_ratio": 1.15,
            "account_receivable_turnover_ratio": 0.68,
            "reinvestment_rate": -5.2,
            "research_to_sale_ratio": 2.6,
            "price_fair": 140.9,
            "eps_avg_yearly": 4.03,
            "eps_latest_yearly": 6.72,
            "eps_growth_yearly": 51.67
        },
        "20184": {
            "year_quarter": 20184,
            "year": 2018,
            "quarter": 4,
            "eps": 1.81,
            "eps_growth_year": 60.18,
            "eps_4q": 5.54,
            "eps_4q_growth_year": 15.53,
            "roe": 7.9,
            "roe_4q": 24.98,
            "gross_profit": 215371,
            "gross_margin": 28.17,
            "gross_margin_4q_avg": 25.94,
            "net_income": 128591,
            "revenue": 764475,
            "common_shares": 710122,
            "book_valuer_per_share": 23.9,
            "book_valuer_per_share_4q_avg": 22.71,
            "equity": 1696837,
            "current_ratio": 151.27,
            "debt_ratio": 52.38,
            "inventory_turnover_ratio": 0.89,
            "account_receivable_turnover_ratio": 0.59,
            "reinvestment_rate": -4.86,
            "research_to_sale_ratio": 3.06,
            "price_fair": 156.8,
            "eps_avg_yearly": 4.48,
            "eps_latest_yearly": 7.24,
            "eps_growth_yearly": 60.77
        },
        "20191": {
            "year_quarter": 20191,
            "year": 2019,
            "quarter": 1,
            "eps": 0.91,
            "eps_growth_year": 82,
            "eps_4q": 5.97,
            "eps_4q_growth_year": 39.25,
            "roe": 3.72,
            "roe_4q": 26.57,
            "gross_profit": 196111,
            "gross_margin": 27.06,
            "gross_margin_4q_avg": 26.94,
            "net_income": 64775,
            "revenue": 724628,
            "common_shares": 710122,
            "book_valuer_per_share": 25.21,
            "book_valuer_per_share_4q_avg": 23.06,
            "equity": 1790265,
            "current_ratio": 160.73,
            "debt_ratio": 49.85,
            "inventory_turnover_ratio": 0.79,
            "account_receivable_turnover_ratio": 0.58,
            "reinvestment_rate": -1.11,
            "research_to_sale_ratio": 3.17,
            "price_fair": 165.5,
            "eps_avg_yearly": 4.73,
            "eps_latest_yearly": 3.64,
            "eps_growth_yearly": 69.94
        },
        "20192": {
            "year_quarter": 20192,
            "year": 2019,
            "quarter": 2,
            "eps": 1.14,
            "eps_growth_year": -26.92,
            "eps_4q": 5.34,
            "eps_4q_growth_year": 21.23,
            "roe": 5.13,
            "roe_4q": 24.63,
            "gross_profit": 186375,
            "gross_margin": 23.54,
            "gross_margin_4q_avg": 26.85,
            "net_income": 85312,
            "revenue": 791824,
            "common_shares": 710122,
            "book_valuer_per_share": 21.67,
            "book_valuer_per_share_4q_avg": 23.18,
            "equity": 1538790,
            "current_ratio": 141.21,
            "debt_ratio": 54.22,
            "inventory_turnover_ratio": 0.93,
            "account_receivable_turnover_ratio": 0.65,
            "reinvestment_rate": -1.13,
            "research_to_sale_ratio": 3.07,
            "price_fair": 165.11,
            "eps_avg_yearly": 4.72,
            "eps_latest_yearly": 4.56,
            "eps_growth_yearly": 72.02
        },
        "20193": {
            "year_quarter": 20193,
            "year": 2019,
            "quarter": 3,
            "eps": 0.84,
            "eps_growth_year": -50,
            "eps_4q": 4.58,
            "eps_4q_growth_year": -5.47,
            "roe": 4.04,
            "roe_4q": 20.79,
            "gross_profit": 180254,
            "gross_margin": 22.69,
            "gross_margin_4q_avg": 25.37,
            "net_income": 62516,
            "revenue": 794359,
            "common_shares": 745628,
            "book_valuer_per_share": 20.85,
            "book_valuer_per_share_4q_avg": 22.91,
            "equity": 1554887,
            "current_ratio": 141.73,
            "debt_ratio": 53.73,
            "inventory_turnover_ratio": 1.06,
            "account_receivable_turnover_ratio": 0.65,
            "reinvestment_rate": -2.36,
            "research_to_sale_ratio": 2.9,
            "price_fair": 162.14,
            "eps_avg_yearly": 4.63,
            "eps_latest_yearly": 3.36,
            "eps_growth_yearly": 60.94
        },
        "20194": {
            "year_quarter": 20194,
            "year": 2019,
            "quarter": 4,
            "eps": 1.17,
            "eps_growth_year": -35.18,
            "eps_4q": 4.03,
            "eps_4q_growth_year": -27.39,
            "roe": 5.5,
            "roe_4q": 18.389999999999997,
            "gross_profit": 209909,
            "gross_margin": 26.5,
            "gross_margin_4q_avg": 24.95,
            "net_income": 87521,
            "revenue": 792150,
            "common_shares": 745628,
            "book_valuer_per_share": 21.83,
            "book_valuer_per_share_4q_avg": 22.39,
            "equity": 1627464,
            "current_ratio": 142.27,
            "debt_ratio": 54.04,
            "inventory_turnover_ratio": 1.08,
            "account_receivable_turnover_ratio": 0.63,
            "reinvestment_rate": 1.97,
            "research_to_sale_ratio": 2.71,
            "price_fair": 167.65,
            "eps_avg_yearly": 4.79,
            "eps_latest_yearly": 4.68,
            "eps_growth_yearly": 76.2
        },
        "20201": {
            "year_quarter": 20201,
            "year": 2020,
            "quarter": 1,
            "eps": 0.67,
            "eps_growth_year": -26.37,
            "eps_4q": 3.83,
            "eps_4q_growth_year": -35.85,
            "roe": 3.04,
            "roe_4q": 17.709999999999997,
            "gross_profit": 140696,
            "gross_margin": 24.45,
            "gross_margin_4q_avg": 24.3,
            "net_income": 49975,
            "revenue": 575499,
            "common_shares": 745628,
            "book_valuer_per_share": 22.23,
            "book_valuer_per_share_4q_avg": 21.65,
            "equity": 1657889,
            "current_ratio": 144.89,
            "debt_ratio": 52.65,
            "inventory_turnover_ratio": 0.84,
            "account_receivable_turnover_ratio": 0.51,
            "reinvestment_rate": 1.67,
            "research_to_sale_ratio": 2.91,
            "price_fair": 169.31,
            "eps_avg_yearly": 4.84,
            "eps_latest_yearly": 2.68,
            "eps_growth_yearly": 68.29
        },
        "20202": {
            "year_quarter": 20202,
            "year": 2020,
            "quarter": 2,
            "eps": 0.82,
            "eps_growth_year": -28.07,
            "eps_4q": 3.24,
            "eps_4q_growth_year": -39.27,
            "roe": 3.87,
            "roe_4q": 16.45,
            "gross_profit": 200688,
            "gross_margin": 25.62,
            "gross_margin_4q_avg": 24.82,
            "net_income": 61220,
            "revenue": 783230,
            "common_shares": 745628,
            "book_valuer_per_share": 20.25,
            "book_valuer_per_share_4q_avg": 21.29,
            "equity": 1509898,
            "current_ratio": 132.75,
            "debt_ratio": 59.66,
            "inventory_turnover_ratio": 1.25,
            "account_receivable_turnover_ratio": 0.72,
            "reinvestment_rate": 12.44,
            "research_to_sale_ratio": 2.67,
            "price_fair": 166.69,
            "eps_avg_yearly": 4.76,
            "eps_latest_yearly": 3.28,
            "eps_growth_yearly": 40.55
        },
        "20203": {
            "year_quarter": 20203,
            "year": 2020,
            "quarter": 3,
            "eps": 0.33,
            "eps_growth_year": -60.71,
            "eps_4q": 2.8,
            "eps_4q_growth_year": -38.76,
            "roe": 1.75,
            "roe_4q": 14.16,
            "gross_profit": 160800,
            "gross_margin": 24.91,
            "gross_margin_4q_avg": 25.37,
            "net_income": 26946,
            "revenue": 645431,
            "common_shares": 805278,
            "book_valuer_per_share": 19.56,
            "book_valuer_per_share_4q_avg": 20.97,
            "equity": 1575456,
            "current_ratio": 180.79,
            "debt_ratio": 59.56,
            "inventory_turnover_ratio": 1.04,
            "account_receivable_turnover_ratio": 0.58,
            "reinvestment_rate": 26.83,
            "research_to_sale_ratio": 3.4,
            "price_fair": 150.46,
            "eps_avg_yearly": 4.54,
            "eps_latest_yearly": 1.32,
            "eps_growth_yearly": 23.16
        },
        "20204": {
            "year_quarter": 20204,
            "year": 2020,
            "quarter": 4,
            "eps": -0.13,
            "eps_growth_year": -111.09,
            "eps_4q": 1.53,
            "eps_4q_growth_year": -62.02,
            "roe": -0.66,
            "roe_4q": 8,
            "gross_profit": 138241,
            "gross_margin": 21.36,
            "gross_margin_4q_avg": 24.09,
            "net_income": -10840,
            "revenue": 647227,
            "common_shares": 832810,
            "book_valuer_per_share": 20.34,
            "book_valuer_per_share_4q_avg": 20.6,
            "equity": 1694256,
            "current_ratio": 177.01,
            "debt_ratio": 60.05,
            "inventory_turnover_ratio": 1.02,
            "account_receivable_turnover_ratio": 0.61,
            "reinvestment_rate": 63.08,
            "research_to_sale_ratio": 3.76,
            "price_fair": 108.55,
            "eps_avg_yearly": 4.39,
            "eps_latest_yearly": 1.32,
            "eps_growth_yearly": 14.73
        },
        "20211": {
            "year_quarter": 20211,
            "year": 2021,
            "quarter": 1,
            "eps": 0.3,
            "eps_growth_year": -55.22,
            "eps_4q": 1.14,
            "eps_4q_growth_year": -70.17,
            "roe": 1.39,
            "roe_4q": 6.35,
            "gross_profit": 142761,
            "gross_margin": 21.38,
            "gross_margin_4q_avg": 23.32,
            "net_income": 25298,
            "revenue": 667703,
            "common_shares": 899081,
            "book_valuer_per_share": 21.76,
            "book_valuer_per_share_4q_avg": 20.48,
            "equity": 1956518,
            "current_ratio": 170.93,
            "debt_ratio": 55.57,
            "inventory_turnover_ratio": 1,
            "account_receivable_turnover_ratio": 0.62,
            "reinvestment_rate": 77.8,
            "research_to_sale_ratio": 4.25,
            "price_fair": 153.5,
            "eps_avg_yearly": 4.39,
            "eps_latest_yearly": 1.32,
            "eps_growth_yearly": 25.59
        },
        "20212": {
            "year_quarter": 20212,
            "year": 2021,
            "quarter": 2,
            "eps": 0.03,
            "eps_growth_year": -96.34,
            "eps_4q": 0.48,
            "eps_4q_growth_year": -85.16,
            "roe": 0.12,
            "roe_4q": 2.5999999999999996,
            "gross_profit": 137315,
            "gross_margin": 20.48,
            "gross_margin_4q_avg": 22.03,
            "net_income": 2300,
            "revenue": 670370,
            "common_shares": 907565,
            "book_valuer_per_share": 20.65,
            "book_valuer_per_share_4q_avg": 20.58,
            "equity": 1873765,
            "current_ratio": 153.91,
            "debt_ratio": 58.96,
            "inventory_turnover_ratio": 0.9,
            "account_receivable_turnover_ratio": 0.63,
            "reinvestment_rate": 97.24,
            "research_to_sale_ratio": 3.53,
            "price_fair": 11.88,
            "eps_avg_yearly": 3.96,
            "eps_latest_yearly": 0.12,
            "eps_growth_yearly": -10.68
        },
        "20213": {
            "year_quarter": 20213,
            "year": 2021,
            "quarter": 3,
            "eps": -0.25,
            "eps_growth_year": -175.76,
            "eps_4q": -0.07,
            "eps_4q_growth_year": -102.35,
            "roe": -1.21,
            "roe_4q": -0.36,
            "gross_profit": 90915,
            "gross_margin": 11.7,
            "gross_margin_4q_avg": 18.73,
            "net_income": -22842,
            "revenue": 777227,
            "common_shares": 923181,
            "book_valuer_per_share": 20.67,
            "book_valuer_per_share_4q_avg": 20.86,
            "equity": 1908170,
            "current_ratio": 138.88,
            "debt_ratio": 60.82,
            "inventory_turnover_ratio": 0.97,
            "account_receivable_turnover_ratio": 0.7,
            "reinvestment_rate": 128.16,
            "research_to_sale_ratio": 3.22,
            "price_fair": 11.62,
            "eps_avg_yearly": 3.87,
            "eps_latest_yearly": 0.12,
            "eps_growth_yearly": -6.44
        },
        "20214": {
            "year_quarter": 20214,
            "year": 2021,
            "quarter": 4,
            "eps": 0.19,
            "eps_growth_year": null,
            "eps_4q": 0.25,
            "eps_4q_growth_year": -83.93,
            "roe": 0.93,
            "roe_4q": 1.23,
            "gross_profit": 119492,
            "gross_margin": 13.4,
            "gross_margin_4q_avg": 16.74,
            "net_income": 17920,
            "revenue": 891685,
            "common_shares": 923181,
            "book_valuer_per_share": 20.91,
            "book_valuer_per_share_4q_avg": 21,
            "equity": 1930211,
            "current_ratio": 132.52,
            "debt_ratio": 61.44,
            "inventory_turnover_ratio": 0.98,
            "account_receivable_turnover_ratio": 0.69,
            "reinvestment_rate": 148.08,
            "research_to_sale_ratio": 2.5,
            "price_fair": 11.46,
            "eps_avg_yearly": 3.82,
            "eps_latest_yearly": 0.12,
            "eps_growth_yearly": -3.3
        },
        "20221": {
            "year_quarter": 20221,
            "year": 2022,
            "quarter": 1,
            "eps": 0.05,
            "eps_growth_year": -83.33,
            "eps_4q": 0.02,
            "eps_4q_growth_year": -97.9,
            "roe": 0.25,
            "roe_4q": 0.09000000000000019,
            "gross_profit": 141260,
            "gross_margin": 14.31,
            "gross_margin_4q_avg": 14.97,
            "net_income": 4838,
            "revenue": 986991,
            "common_shares": 926436,
            "book_valuer_per_share": 21.63,
            "book_valuer_per_share_4q_avg": 20.97,
            "equity": 2003932,
            "current_ratio": 130.55,
            "debt_ratio": 63,
            "inventory_turnover_ratio": 0.98,
            "account_receivable_turnover_ratio": 0.65,
            "reinvestment_rate": 162.38,
            "research_to_sale_ratio": 2.52,
            "price_fair": 11.01,
            "eps_avg_yearly": 3.67,
            "eps_latest_yearly": 0.2,
            "eps_growth_yearly": -9.28
        },
        "20222": {
            "year_quarter": 20222,
            "year": 2022,
            "quarter": 2,
            "eps": 0.68,
            "eps_growth_year": 2166.67,
            "eps_4q": 0.67,
            "eps_4q_growth_year": 40.09,
            "roe": 3.09,
            "roe_4q": 3.0599999999999996,
            "gross_profit": 182632,
            "gross_margin": 17.96,
            "gross_margin_4q_avg": 14.34,
            "net_income": 62716,
            "revenue": 1017074,
            "common_shares": 928430,
            "book_valuer_per_share": 22.19,
            "book_valuer_per_share_4q_avg": 21.35,
            "equity": 2059990,
            "current_ratio": 116.19,
            "debt_ratio": 65.82,
            "inventory_turnover_ratio": 0.8,
            "account_receivable_turnover_ratio": 0.62,
            "reinvestment_rate": 237.01,
            "research_to_sale_ratio": 2.95,
            "price_fair": 118.18,
            "eps_avg_yearly": 3.38,
            "eps_latest_yearly": 2.72,
            "eps_growth_yearly": 340.05
        },
        "20223": {
            "year_quarter": 20223,
            "year": 2022,
            "quarter": 3,
            "eps": 0.59,
            "eps_growth_year": null,
            "eps_4q": 1.51,
            "eps_4q_growth_year": null,
            "roe": 2.62,
            "roe_4q": 6.89,
            "gross_profit": 166990,
            "gross_margin": 20.78,
            "gross_margin_4q_avg": 16.61,
            "net_income": 55116,
            "revenue": 803699,
            "common_shares": 932210,
            "book_valuer_per_share": 22.98,
            "book_valuer_per_share_4q_avg": 21.93,
            "equity": 2142093,
            "current_ratio": 120.41,
            "debt_ratio": 64.01,
            "inventory_turnover_ratio": 0.53,
            "account_receivable_turnover_ratio": 0.52,
            "reinvestment_rate": 259.21,
            "research_to_sale_ratio": 3.65,
            "price_fair": 105.47,
            "eps_avg_yearly": 3.01,
            "eps_latest_yearly": 2.36,
            "eps_growth_yearly": 333.08
        },
        "20224": {
            "year_quarter": 20224,
            "year": 2022,
            "quarter": 4,
            "eps": -0.61,
            "eps_growth_year": -414.58,
            "eps_4q": 0.71,
            "eps_4q_growth_year": 187.13,
            "roe": -2.71,
            "roe_4q": 3.25,
            "gross_profit": 87930,
            "gross_margin": 15.86,
            "gross_margin_4q_avg": 17.23,
            "net_income": -56924,
            "revenue": 554425,
            "common_shares": 932210,
            "book_valuer_per_share": 22.13,
            "book_valuer_per_share_4q_avg": 22.23,
            "equity": 2062831,
            "current_ratio": 121.03,
            "debt_ratio": 61.96,
            "inventory_turnover_ratio": 0.41,
            "account_receivable_turnover_ratio": 0.47,
            "reinvestment_rate": 341.73,
            "research_to_sale_ratio": 6.64,
            "price_fair": 92.02,
            "eps_avg_yearly": 2.63,
            "eps_latest_yearly": 2.36,
            "eps_growth_yearly": 360.54
        },
        "20231": {
            "year_quarter": 20231,
            "year": 2023,
            "quarter": 1,
            "eps": -0.81,
            "eps_growth_year": -1720,
            "eps_4q": -0.16,
            "eps_4q_growth_year": -761.15,
            "roe": -3.57,
            "roe_4q": -0.5699999999999994,
            "gross_profit": 49648,
            "gross_margin": 9.84,
            "gross_margin_4q_avg": 16.11,
            "net_income": -77232,
            "revenue": 504615,
            "common_shares": 1032210,
            "book_valuer_per_share": 21.98,
            "book_valuer_per_share_4q_avg": 22.32,
            "equity": 2268628,
            "current_ratio": 135.7,
            "debt_ratio": 57.77,
            "inventory_turnover_ratio": 0.47,
            "account_receivable_turnover_ratio": 0.56,
            "reinvestment_rate": 452.75,
            "research_to_sale_ratio": 5,
            "price_fair": 88.48,
            "eps_avg_yearly": 2.53,
            "eps_latest_yearly": 2.36,
            "eps_growth_yearly": 416.49
        },
        "20232": {
            "year_quarter": 20232,
            "year": 2023,
            "quarter": 2,
            "eps": -0.04,
            "eps_growth_year": -105.88,
            "eps_4q": -0.79,
            "eps_4q_growth_year": -216.46,
            "roe": -0.2,
            "roe_4q": -3.8600000000000003,
            "gross_profit": 92824,
            "gross_margin": 16.78,
            "gross_margin_4q_avg": 15.82,
            "net_income": -4489,
            "revenue": 553046,
            "common_shares": 1032210,
            "book_valuer_per_share": 20.98,
            "book_valuer_per_share_4q_avg": 22.02,
            "equity": 2165350,
            "current_ratio": 142.63,
            "debt_ratio": 59.87,
            "inventory_turnover_ratio": 0.54,
            "account_receivable_turnover_ratio": 0.65,
            "reinvestment_rate": 575.8,
            "research_to_sale_ratio": 4.93,
            "price_fair": 80.58,
            "eps_avg_yearly": 2.3,
            "eps_latest_yearly": 2.36,
            "eps_growth_yearly": 451.53
        }
    },
    "months": {
        "2004-04": {
            "month": "2004-04",
            "price": "11.00",
            "revenue": 33903
        },
        "2004-11": {
            "month": "2004-11",
            "price": "10.50",
            "revenue": 40335
        },
        "2004-12": {
            "month": "2004-12",
            "price": "9.90",
            "revenue": 27587
        },
        "2005-01": {
            "month": "2005-01",
            "price": "9.40",
            "revenue": 46666
        },
        "2005-02": {
            "month": "2005-02",
            "price": "9.30",
            "revenue": 35349
        },
        "2005-03": {
            "month": "2005-03",
            "price": "8.75",
            "revenue": 56392
        },
        "2005-04": {
            "month": "2005-04",
            "price": "8.80",
            "revenue": 10246
        },
        "2005-10": {
            "month": "2005-10",
            "price": "7.17",
            "revenue": 31580
        },
        "2005-11": {
            "month": "2005-11",
            "price": "8.64",
            "revenue": 33971
        },
        "2005-12": {
            "month": "2005-12",
            "price": "10.79",
            "revenue": 33995
        },
        "2006-02": {
            "month": "2006-02",
            "price": "11.97",
            "revenue": 35766
        },
        "2006-03": {
            "month": "2006-03",
            "price": "11.00",
            "revenue": 39336
        },
        "2006-04": {
            "month": "2006-04",
            "price": "12.00",
            "revenue": 49302
        },
        "2006-05": {
            "month": "2006-05",
            "price": "14.23",
            "revenue": 30044
        },
        "2006-06": {
            "month": "2006-06",
            "price": "14.55",
            "revenue": 46108
        },
        "2006-07": {
            "month": "2006-07",
            "price": "19.12",
            "revenue": 50945
        },
        "2006-08": {
            "month": "2006-08",
            "price": "24.09",
            "revenue": 48767
        },
        "2006-09": {
            "month": "2006-09",
            "price": "21.04",
            "revenue": 50492
        },
        "2006-10": {
            "month": "2006-10",
            "price": "21.20",
            "revenue": 47284
        },
        "2006-11": {
            "month": "2006-11",
            "price": "20.39",
            "revenue": 67964
        },
        "2006-12": {
            "month": "2006-12",
            "price": "20.79",
            "revenue": 49410
        },
        "2007-01": {
            "month": "2007-01",
            "price": "24.43",
            "revenue": 39491
        },
        "2007-02": {
            "month": "2007-02",
            "price": "25.12",
            "revenue": 53059
        },
        "2007-03": {
            "month": "2007-03",
            "price": "25.74",
            "revenue": 103751
        },
        "2007-04": {
            "month": "2007-04",
            "price": "27.13",
            "revenue": 49084
        },
        "2007-05": {
            "month": "2007-05",
            "price": "30.96",
            "revenue": 68504
        },
        "2007-06": {
            "month": "2007-06",
            "price": "44.54",
            "revenue": 122209
        },
        "2007-07": {
            "month": "2007-07",
            "price": "49.31",
            "revenue": 45179
        },
        "2007-08": {
            "month": "2007-08",
            "price": "49.85",
            "revenue": 108619
        },
        "2007-09": {
            "month": "2007-09",
            "price": "48.61",
            "revenue": 64015
        },
        "2007-10": {
            "month": "2007-10",
            "price": "50.99",
            "revenue": 79645
        },
        "2007-11": {
            "month": "2007-11",
            "price": "41.70",
            "revenue": 73499
        },
        "2007-12": {
            "month": "2007-12",
            "price": "37.05",
            "revenue": 112946
        },
        "2008-01": {
            "month": "2008-01",
            "price": "36.09",
            "revenue": 28296
        },
        "2008-02": {
            "month": "2008-02",
            "price": "34.53",
            "revenue": 25326
        },
        "2008-03": {
            "month": "2008-03",
            "price": "35.50",
            "revenue": 58123
        },
        "2008-04": {
            "month": "2008-04",
            "price": "35.14",
            "revenue": 108567
        },
        "2008-05": {
            "month": "2008-05",
            "price": "35.85",
            "revenue": 89872
        },
        "2008-06": {
            "month": "2008-06",
            "price": "35.76",
            "revenue": 47570
        },
        "2008-07": {
            "month": "2008-07",
            "price": "36.42",
            "revenue": 99567
        },
        "2008-08": {
            "month": "2008-08",
            "price": "34.91",
            "revenue": 106995
        },
        "2008-09": {
            "month": "2008-09",
            "price": "23.31",
            "revenue": 138197
        },
        "2008-10": {
            "month": "2008-10",
            "price": "15.44",
            "revenue": 71539
        },
        "2008-11": {
            "month": "2008-11",
            "price": "14.30",
            "revenue": 65193
        },
        "2008-12": {
            "month": "2008-12",
            "price": "13.19",
            "revenue": 42740
        },
        "2009-01": {
            "month": "2009-01",
            "price": "10.89",
            "revenue": 137186
        },
        "2009-02": {
            "month": "2009-02",
            "price": "10.94",
            "revenue": 180250
        },
        "2009-03": {
            "month": "2009-03",
            "price": "14.24",
            "revenue": 207813
        },
        "2009-04": {
            "month": "2009-04",
            "price": "21.69",
            "revenue": 187368
        },
        "2009-05": {
            "month": "2009-05",
            "price": "23.41",
            "revenue": 183908
        },
        "2009-06": {
            "month": "2009-06",
            "price": "21.81",
            "revenue": 194504
        },
        "2009-07": {
            "month": "2009-07",
            "price": "22.27",
            "revenue": 211742
        },
        "2009-08": {
            "month": "2009-08",
            "price": "22.68",
            "revenue": 219117
        },
        "2009-09": {
            "month": "2009-09",
            "price": "24.78",
            "revenue": 218934
        },
        "2009-10": {
            "month": "2009-10",
            "price": "25.48",
            "revenue": 176017
        },
        "2009-11": {
            "month": "2009-11",
            "price": "23.68",
            "revenue": 201654
        },
        "2009-12": {
            "month": "2009-12",
            "price": "28.12",
            "revenue": 237450
        },
        "2010-01": {
            "month": "2010-01",
            "price": "30.72",
            "revenue": 273382
        },
        "2010-02": {
            "month": "2010-02",
            "price": "29.38",
            "revenue": 210288
        },
        "2010-03": {
            "month": "2010-03",
            "price": "31.80",
            "revenue": 295105
        },
        "2010-04": {
            "month": "2010-04",
            "price": "35.54",
            "revenue": 329397
        },
        "2010-05": {
            "month": "2010-05",
            "price": "57.72",
            "revenue": 276385
        },
        "2010-06": {
            "month": "2010-06",
            "price": "42.48",
            "revenue": 246162
        },
        "2010-07": {
            "month": "2010-07",
            "price": "35.48",
            "revenue": 298788
        },
        "2010-08": {
            "month": "2010-08",
            "price": "37.60",
            "revenue": 255525
        },
        "2010-09": {
            "month": "2010-09",
            "price": "32.69",
            "revenue": 273138
        },
        "2010-10": {
            "month": "2010-10",
            "price": "31.19",
            "revenue": 219803
        },
        "2010-11": {
            "month": "2010-11",
            "price": "25.93",
            "revenue": 251972
        },
        "2010-12": {
            "month": "2010-12",
            "price": "28.29",
            "revenue": 261588
        },
        "2011-01": {
            "month": "2011-01",
            "price": "26.78",
            "revenue": 294008
        },
        "2011-02": {
            "month": "2011-02",
            "price": "25.82",
            "revenue": 207784
        },
        "2011-03": {
            "month": "2011-03",
            "price": "27.43",
            "revenue": 311406
        },
        "2011-04": {
            "month": "2011-04",
            "price": "26.34",
            "revenue": 295264
        },
        "2011-05": {
            "month": "2011-05",
            "price": "25.28",
            "revenue": 295358
        },
        "2011-06": {
            "month": "2011-06",
            "price": "23.82",
            "revenue": 247108
        },
        "2011-07": {
            "month": "2011-07",
            "price": "21.85",
            "revenue": 261650
        },
        "2011-08": {
            "month": "2011-08",
            "price": "16.95",
            "revenue": 249383
        },
        "2011-09": {
            "month": "2011-09",
            "price": "15.68",
            "revenue": 232516
        },
        "2011-10": {
            "month": "2011-10",
            "price": "14.70",
            "revenue": 222274
        },
        "2011-11": {
            "month": "2011-11",
            "price": "13.11",
            "revenue": 227467
        },
        "2011-12": {
            "month": "2011-12",
            "price": "10.88",
            "revenue": 244492
        },
        "2012-01": {
            "month": "2012-01",
            "price": "10.90",
            "revenue": 156415
        },
        "2012-02": {
            "month": "2012-02",
            "price": "14.00",
            "revenue": 167935
        },
        "2012-03": {
            "month": "2012-03",
            "price": "13.92",
            "revenue": 164637
        },
        "2012-04": {
            "month": "2012-04",
            "price": "11.96",
            "revenue": 161503
        },
        "2012-05": {
            "month": "2012-05",
            "price": "10.81",
            "revenue": 135808
        },
        "2012-06": {
            "month": "2012-06",
            "price": "10.06",
            "revenue": 133366
        },
        "2012-07": {
            "month": "2012-07",
            "price": "9.81",
            "revenue": 132520
        },
        "2012-08": {
            "month": "2012-08",
            "price": "10.17",
            "revenue": 154986
        },
        "2012-09": {
            "month": "2012-09",
            "price": "12.06",
            "revenue": 146732
        },
        "2012-10": {
            "month": "2012-10",
            "price": "10.70",
            "revenue": 146365
        },
        "2012-11": {
            "month": "2012-11",
            "price": "9.09",
            "revenue": 142231
        },
        "2012-12": {
            "month": "2012-12",
            "price": "9.33",
            "revenue": 128868
        },
        "2013-01": {
            "month": "2013-01",
            "price": "9.70",
            "revenue": 164434
        },
        "2013-02": {
            "month": "2013-02",
            "price": "9.67",
            "revenue": 97428
        },
        "2013-03": {
            "month": "2013-03",
            "price": "10.39",
            "revenue": 143640
        },
        "2013-04": {
            "month": "2013-04",
            "price": "10.03",
            "revenue": 150001
        },
        "2013-05": {
            "month": "2013-05",
            "price": "10.76",
            "revenue": 151088
        },
        "2013-06": {
            "month": "2013-06",
            "price": "10.70",
            "revenue": 128857
        },
        "2013-07": {
            "month": "2013-07",
            "price": "10.50",
            "revenue": 138917
        },
        "2013-08": {
            "month": "2013-08",
            "price": "10.22",
            "revenue": 142881
        },
        "2013-09": {
            "month": "2013-09",
            "price": "10.20",
            "revenue": 141153
        },
        "2013-10": {
            "month": "2013-10",
            "price": "10.39",
            "revenue": 135538
        },
        "2013-11": {
            "month": "2013-11",
            "price": "9.99",
            "revenue": 151870
        },
        "2013-12": {
            "month": "2013-12",
            "price": "9.95",
            "revenue": 147847
        },
        "2014-01": {
            "month": "2014-01",
            "price": "10.71",
            "revenue": 177129
        },
        "2014-02": {
            "month": "2014-02",
            "price": "14.44",
            "revenue": 119957
        },
        "2014-03": {
            "month": "2014-03",
            "price": "19.00",
            "revenue": 148898
        },
        "2014-04": {
            "month": "2014-04",
            "price": "21.37",
            "revenue": 200137
        },
        "2014-05": {
            "month": "2014-05",
            "price": "20.98",
            "revenue": 196067
        },
        "2014-06": {
            "month": "2014-06",
            "price": "26.06",
            "revenue": 182738
        },
        "2014-07": {
            "month": "2014-07",
            "price": "23.61",
            "revenue": 171742
        },
        "2014-08": {
            "month": "2014-08",
            "price": "22.58",
            "revenue": 178592
        },
        "2014-09": {
            "month": "2014-09",
            "price": "19.63",
            "revenue": 182626
        },
        "2014-10": {
            "month": "2014-10",
            "price": "17.35",
            "revenue": 170584
        },
        "2014-11": {
            "month": "2014-11",
            "price": "16.30",
            "revenue": 177607
        },
        "2014-12": {
            "month": "2014-12",
            "price": "18.34",
            "revenue": 210583
        },
        "2015-01": {
            "month": "2015-01",
            "price": "21.58",
            "revenue": 208569
        },
        "2015-02": {
            "month": "2015-02",
            "price": "24.02",
            "revenue": 160871
        },
        "2015-03": {
            "month": "2015-03",
            "price": "23.24",
            "revenue": 181933
        },
        "2015-04": {
            "month": "2015-04",
            "price": "20.53",
            "revenue": 180023
        },
        "2015-05": {
            "month": "2015-05",
            "price": "17.77",
            "revenue": 176434
        },
        "2015-06": {
            "month": "2015-06",
            "price": "15.50",
            "revenue": 175034
        },
        "2015-07": {
            "month": "2015-07",
            "price": "13.21",
            "revenue": 180765
        },
        "2015-08": {
            "month": "2015-08",
            "price": "10.50",
            "revenue": 200557
        },
        "2015-09": {
            "month": "2015-09",
            "price": "12.10",
            "revenue": 210016
        },
        "2015-10": {
            "month": "2015-10",
            "price": "14.68",
            "revenue": 212273
        },
        "2015-11": {
            "month": "2015-11",
            "price": "16.26",
            "revenue": 202864
        },
        "2015-12": {
            "month": "2015-12",
            "price": "16.35",
            "revenue": 203851
        },
        "2016-01": {
            "month": "2016-01",
            "price": "13.45",
            "revenue": 211896
        },
        "2016-02": {
            "month": "2016-02",
            "price": "14.70",
            "revenue": 160056
        },
        "2016-03": {
            "month": "2016-03",
            "price": "16.36",
            "revenue": 217089
        },
        "2016-04": {
            "month": "2016-04",
            "price": "16.17",
            "revenue": 240080
        },
        "2016-05": {
            "month": "2016-05",
            "price": "19.00",
            "revenue": 244399
        },
        "2016-06": {
            "month": "2016-06",
            "price": "26.65",
            "revenue": 252048
        },
        "2016-07": {
            "month": "2016-07",
            "price": "35.71",
            "revenue": 246738
        },
        "2016-08": {
            "month": "2016-08",
            "price": "33.85",
            "revenue": 261851
        },
        "2016-09": {
            "month": "2016-09",
            "price": "36.45",
            "revenue": 247525
        },
        "2016-10": {
            "month": "2016-10",
            "price": "34.56",
            "revenue": 233869
        },
        "2016-11": {
            "month": "2016-11",
            "price": "33.29",
            "revenue": 228529
        },
        "2016-12": {
            "month": "2016-12",
            "price": "33.09",
            "revenue": 223299
        },
        "2017-01": {
            "month": "2017-01",
            "price": "34.26",
            "revenue": 220621
        },
        "2017-02": {
            "month": "2017-02",
            "price": "46.83",
            "revenue": 177309
        },
        "2017-03": {
            "month": "2017-03",
            "price": "49.78",
            "revenue": 239904
        },
        "2017-04": {
            "month": "2017-04",
            "price": "46.67",
            "revenue": 213168
        },
        "2017-05": {
            "month": "2017-05",
            "price": "47.46",
            "revenue": 211034
        },
        "2017-06": {
            "month": "2017-06",
            "price": "46.73",
            "revenue": 222026
        },
        "2017-07": {
            "month": "2017-07",
            "price": "50.47",
            "revenue": 223808
        },
        "2017-08": {
            "month": "2017-08",
            "price": "51.78",
            "revenue": 229041
        },
        "2017-09": {
            "month": "2017-09",
            "price": "49.45",
            "revenue": 225070
        },
        "2017-10": {
            "month": "2017-10",
            "price": "50.15",
            "revenue": 204232
        },
        "2017-11": {
            "month": "2017-11",
            "price": "48.50",
            "revenue": 221626
        },
        "2017-12": {
            "month": "2017-12",
            "price": "45.78",
            "revenue": 220378
        },
        "2018-01": {
            "month": "2018-01",
            "price": "46.47",
            "revenue": 245349
        },
        "2018-02": {
            "month": "2018-02",
            "price": "43.95",
            "revenue": 176177
        },
        "2018-03": {
            "month": "2018-03",
            "price": "46.51",
            "revenue": 260682
        },
        "2018-04": {
            "month": "2018-04",
            "price": "49.20",
            "revenue": 250395
        },
        "2018-05": {
            "month": "2018-05",
            "price": "46.63",
            "revenue": 270016
        },
        "2018-06": {
            "month": "2018-06",
            "price": "47.15",
            "revenue": 280590
        },
        "2018-07": {
            "month": "2018-07",
            "price": "46.40",
            "revenue": 276368
        },
        "2018-08": {
            "month": "2018-08",
            "price": "43.90",
            "revenue": 295315
        },
        "2018-09": {
            "month": "2018-09",
            "price": "42.28",
            "revenue": 298976
        },
        "2018-10": {
            "month": "2018-10",
            "price": "37.27",
            "revenue": 240644
        },
        "2018-11": {
            "month": "2018-11",
            "price": "38.12",
            "revenue": 260725
        },
        "2018-12": {
            "month": "2018-12",
            "price": "39.41",
            "revenue": 263105
        },
        "2019-01": {
            "month": "2019-01",
            "price": "40.83",
            "revenue": 307306
        },
        "2019-02": {
            "month": "2019-02",
            "price": "46.62",
            "revenue": 173660
        },
        "2019-03": {
            "month": "2019-03",
            "price": "52.82",
            "revenue": 243071
        },
        "2019-04": {
            "month": "2019-04",
            "price": "52.82",
            "revenue": 262888
        },
        "2019-05": {
            "month": "2019-05",
            "price": "53.83",
            "revenue": 261890
        },
        "2019-06": {
            "month": "2019-06",
            "price": "53.09",
            "revenue": 267636
        },
        "2019-07": {
            "month": "2019-07",
            "price": "53.31",
            "revenue": 250288
        },
        "2019-08": {
            "month": "2019-08",
            "price": "46.00",
            "revenue": 265769
        },
        "2019-09": {
            "month": "2019-09",
            "price": "45.25",
            "revenue": 280396
        },
        "2019-10": {
            "month": "2019-10",
            "price": "43.62",
            "revenue": 275705
        },
        "2019-11": {
            "month": "2019-11",
            "price": "43.99",
            "revenue": 256093
        },
        "2019-12": {
            "month": "2019-12",
            "price": "42.96",
            "revenue": 256470
        },
        "2020-01": {
            "month": "2020-01",
            "price": "42.03",
            "revenue": 201689
        },
        "2020-02": {
            "month": "2020-02",
            "price": "39.13",
            "revenue": 90025
        },
        "2020-03": {
            "month": "2020-03",
            "price": "32.71",
            "revenue": 283785
        },
        "2020-04": {
            "month": "2020-04",
            "price": "37.08",
            "revenue": 303919
        },
        "2020-05": {
            "month": "2020-05",
            "price": "41.78",
            "revenue": 264529
        },
        "2020-06": {
            "month": "2020-06",
            "price": "42.35",
            "revenue": 214782
        },
        "2020-07": {
            "month": "2020-07",
            "price": "42.45",
            "revenue": 204441
        },
        "2020-08": {
            "month": "2020-08",
            "price": "42.25",
            "revenue": 200404
        },
        "2020-09": {
            "month": "2020-09",
            "price": "37.86",
            "revenue": 240586
        },
        "2020-10": {
            "month": "2020-10",
            "price": "38.45",
            "revenue": 210397
        },
        "2020-11": {
            "month": "2020-11",
            "price": "53.30",
            "revenue": 220398
        },
        "2020-12": {
            "month": "2020-12",
            "price": "54.28",
            "revenue": 212392
        },
        "2021-01": {
            "month": "2021-01",
            "price": "64.32",
            "revenue": 256810
        },
        "2021-02": {
            "month": "2021-02",
            "price": "68.04",
            "revenue": 170097
        },
        "2021-03": {
            "month": "2021-03",
            "price": "73.84",
            "revenue": 240795
        },
        "2021-04": {
            "month": "2021-04",
            "price": "72.95",
            "revenue": 234424
        },
        "2021-05": {
            "month": "2021-05",
            "price": "65.11",
            "revenue": 213297
        },
        "2021-06": {
            "month": "2021-06",
            "price": "69.66",
            "revenue": 222649
        },
        "2021-07": {
            "month": "2021-07",
            "price": "66.04",
            "revenue": 215181
        },
        "2021-08": {
            "month": "2021-08",
            "price": "69.17",
            "revenue": 260588
        },
        "2021-09": {
            "month": "2021-09",
            "price": "67.42",
            "revenue": 301459
        },
        "2021-10": {
            "month": "2021-10",
            "price": "57.26",
            "revenue": 300418
        },
        "2021-11": {
            "month": "2021-11",
            "price": "56.92",
            "revenue": 300488
        },
        "2021-12": {
            "month": "2021-12",
            "price": "53.18",
            "revenue": 290782
        },
        "2022-01": {
            "month": "2022-01",
            "price": "53.22",
            "revenue": 317373
        },
        "2022-02": {
            "month": "2022-02",
            "price": "57.53",
            "revenue": 266408
        },
        "2022-03": {
            "month": "2022-03",
            "price": "62.73",
            "revenue": 403210
        },
        "2022-04": {
            "month": "2022-04",
            "price": "64.66",
            "revenue": 355673
        },
        "2022-05": {
            "month": "2022-05",
            "price": "53.89",
            "revenue": 344598
        },
        "2022-06": {
            "month": "2022-06",
            "price": "49.62",
            "revenue": 316803
        },
        "2022-07": {
            "month": "2022-07",
            "price": "42.62",
            "revenue": 295429
        },
        "2022-08": {
            "month": "2022-08",
            "price": "44.17",
            "revenue": 247190
        },
        "2022-09": {
            "month": "2022-09",
            "price": "41.20",
            "revenue": 259980
        },
        "2022-10": {
            "month": "2022-10",
            "price": "34.48",
            "revenue": 208693
        },
        "2022-11": {
            "month": "2022-11",
            "price": "36.33",
            "revenue": 180789
        },
        "2022-12": {
            "month": "2022-12",
            "price": "36.10",
            "revenue": 166042
        },
        "2023-01": {
            "month": "2023-01",
            "price": "34.61",
            "revenue": 164571
        },
        "2023-02": {
            "month": "2023-02",
            "price": "37.64",
            "revenue": 157071
        },
        "2023-03": {
            "month": "2023-03",
            "price": "36.89",
            "revenue": 182972
        },
        "2023-04": {
            "month": "2023-04",
            "price": "36.59",
            "revenue": 178546
        },
        "2023-05": {
            "month": "2023-05",
            "price": "35.95",
            "revenue": 164749
        },
        "2023-06": {
            "month": "2023-06",
            "price": "37.70",
            "revenue": 209752
        },
        "2023-07": {
            "month": "2023-07",
            "price": "38.26",
            "revenue": 207198
        },
        "2023-08": {
            "month": "2023-08",
            "price": "37.97",
            "revenue": 183520
        }
    }
}
