{
    "summary": {
        "stock_name": "港建*",
        "stock_id": "3093",
        "category": "其他電子",
        "main_business": "印刷電路板設備之銷售代理及售後服務。<br>半導體封裝及電子組裝設備之銷售代理及售後服務。<br>CD-R/DVD設備之銷售代理及售後服務。",
        "website_url": "http://www.tkk.com.tw",
        "ceo": "廖豐瑩",
        "pe_ratio": 13,
        "report_year_from": 2001,
        "report_year_to": 2023,
        "age": 23,
        "eps_negative_percentage": 0,
        "eps_growth_avg": {
            "last_all": 12.22,
            "last_2y": 4.8,
            "last_4y": 28.77,
            "last_8y": 21.41,
            "last_12y": 6.91,
            "last_16y": 8.89,
            "last_20y": null,
            "at_2006_last_3y": null,
            "at_2007_last_3y": null,
            "at_2008_last_3y": 29.59,
            "at_2009_last_3y": -14.4,
            "at_2010_last_3y": 15.33,
            "at_2011_last_3y": 8,
            "at_2012_last_3y": -13.04,
            "at_2013_last_3y": 6.8,
            "at_2014_last_3y": -25.71,
            "at_2015_last_3y": 0,
            "at_2016_last_3y": -2.7,
            "at_2017_last_3y": -20.3,
            "at_2018_last_3y": 12.21,
            "at_2019_last_3y": 9.62,
            "at_2020_last_3y": 40.61,
            "at_2021_last_3y": 70.64,
            "at_2022_last_3y": 57.38,
            "at_2023_last_3y": 28.6,
            "at_2024_last_3y": 28.6,
            "at_2006_last_all": 40.55,
            "at_2007_last_all": 15.78,
            "at_2008_last_all": 29.59,
            "at_2009_last_all": 8.48,
            "at_2010_last_all": 23.73,
            "at_2011_last_all": 11.34,
            "at_2012_last_all": 8.27,
            "at_2013_last_all": 7.73,
            "at_2014_last_all": 3.96,
            "at_2015_last_all": 7.21,
            "at_2016_last_all": 4.62,
            "at_2017_last_all": -0.89,
            "at_2018_last_all": 6.31,
            "at_2019_last_all": 7.86,
            "at_2020_last_all": 13.61,
            "at_2021_last_all": 15.94,
            "at_2022_last_all": 17.66,
            "at_2023_last_all": 12.22,
            "at_2024_last_all": 12.22
        },
        "latest_eps": 2.32,
        "latest_price": 30.75,
        "latest_roe": 29.54,
        "latest_gross_margin": 44.53,
        "latest_equity": 1096748,
        "latest_revenue": 351492,
        "latest_gross_profit": 156525,
        "latest_net_income": 69495,
        "latest_debt_ratio": 31.93,
        "latest_current_ratio": 259.21,
        "latest_account_receivable_turnover_ratio": 1.24,
        "latest_inventory_turnover_ratio": 1.84,
        "latest_reinvestment_rate": 0.89,
        "latest_research_to_sale_ratio": 0.26
    },
    "eps_dividends": {
        "2001": {
            "cash": 0,
            "stock": 0,
            "eps": 0
        },
        "2002": {
            "cash": 1.5,
            "stock": 1,
            "eps": 0
        },
        "2003": {
            "cash": 3,
            "stock": 1,
            "eps": 0
        },
        "2004": {
            "cash": 3,
            "stock": 1.2,
            "eps": 3.64
        },
        "2005": {
            "cash": 4,
            "stock": 1,
            "eps": 8.73
        },
        "2006": {
            "cash": 5.8,
            "stock": 1.52,
            "eps": 7.08
        },
        "2007": {
            "cash": 6.5,
            "stock": 0,
            "eps": 4.69
        },
        "2008": {
            "cash": 3.5,
            "stock": 0,
            "eps": 8.02
        },
        "2009": {
            "cash": 5.5,
            "stock": 0.5,
            "eps": 1.93
        },
        "2010": {
            "cash": 3,
            "stock": 0,
            "eps": 8.23
        },
        "2011": {
            "cash": 6,
            "stock": 0,
            "eps": 3.04
        },
        "2012": {
            "cash": 2.5,
            "stock": 0,
            "eps": 2.64
        },
        "2013": {
            "cash": 2.16,
            "stock": 0,
            "eps": 2.73
        },
        "2014": {
            "cash": 2.45,
            "stock": 0,
            "eps": 1.91
        },
        "2015": {
            "cash": 1.7,
            "stock": 0,
            "eps": 2.67
        },
        "2016": {
            "cash": 2.4,
            "stock": 0,
            "eps": 2.03
        },
        "2017": {
            "cash": 1.82,
            "stock": 0,
            "eps": 0.67
        },
        "2018": {
            "cash": 0.55,
            "stock": 0,
            "eps": 1.63
        },
        "2019": {
            "cash": 1.3,
            "stock": 0,
            "eps": 2.11
        },
        "2020": {
            "cash": 1.6,
            "stock": 0,
            "eps": 4.84
        },
        "2021": {
            "cash": 4.2,
            "stock": 0,
            "eps": 7.41
        },
        "2022": {
            "cash": 6.3,
            "stock": 0,
            "eps": 10.89
        },
        "2023": {
            "cash": 3,
            "stock": 0,
            "eps": 1.56
        }
    },
    "dividends": {
        "2002-06-25": {
            "cash": 1.5,
            "stock": 1
        },
        "2003-05-30": {
            "cash": 3,
            "stock": 1
        },
        "2004-04-09": {
            "cash": 3,
            "stock": 1.2
        },
        "2005-03-29": {
            "cash": 4,
            "stock": 1
        },
        "2006-03-31": {
            "cash": 5.8,
            "stock": 1.52
        },
        "2007-06-13": {
            "cash": 6.5,
            "stock": 0
        },
        "2008-03-25": {
            "cash": 3.5,
            "stock": 0
        },
        "2009-06-16": {
            "cash": 5.5,
            "stock": 0.5
        },
        "2010-03-26": {
            "cash": 3,
            "stock": 0
        },
        "2011-04-19": {
            "cash": 6,
            "stock": 0
        },
        "2012-05-02": {
            "cash": 2.5,
            "stock": 0
        },
        "2013-06-10": {
            "cash": 2.16,
            "stock": 0
        },
        "2014-06-16": {
            "cash": 2.45,
            "stock": 0
        },
        "2015-08-07": {
            "cash": 1.7,
            "stock": 0
        },
        "2016-08-08": {
            "cash": 2.4,
            "stock": 0
        },
        "2017-08-08": {
            "cash": 1.82,
            "stock": 0
        },
        "2018-08-08": {
            "cash": 0.55,
            "stock": 0
        },
        "2019-08-08": {
            "cash": 1.3,
            "stock": 0
        },
        "2020-08-07": {
            "cash": 1.6,
            "stock": 0
        },
        "2021-09-17": {
            "cash": 4.2,
            "stock": 0
        },
        "2022-07-28": {
            "cash": 6.3,
            "stock": 0
        },
        "2023-07-28": {
            "cash": 3,
            "stock": 0
        }
    },
    "prices": {
        "200101": "無",
        "200102": "無",
        "200103": "無",
        "200104": "無",
        "200105": "無",
        "200106": "無",
        "200107": "無",
        "200108": "無",
        "200109": "無",
        "200110": "無",
        "200111": "無",
        "200112": "無",
        "200201": "無",
        "200202": "無",
        "200203": "無",
        "200204": "無",
        "200205": "無",
        "200206": "無",
        "200207": "無",
        "200208": "無",
        "200209": "無",
        "200210": "無",
        "200211": "無",
        "200212": "無",
        "200301": "無",
        "200302": "無",
        "200303": "無",
        "200304": "無",
        "200305": "無",
        "200306": "無",
        "200307": "無",
        "200308": "無",
        "200309": "無",
        "200310": "46.00",
        "200311": "無",
        "200312": "45.68",
        "200401": "41.99",
        "200402": "42.12",
        "200403": "42.34",
        "200404": "44.33",
        "200405": "46.55",
        "200406": "43.97",
        "200407": "44.11",
        "200408": "41.82",
        "200409": "37.67",
        "200410": "38.35",
        "200411": "41.33",
        "200412": "42.36",
        "200501": "43.81",
        "200502": "48.69",
        "200503": "55.94",
        "200504": "55.70",
        "200505": "63.87",
        "200506": "74.27",
        "200507": "82.43",
        "200508": "77.56",
        "200509": "76.63",
        "200510": "73.46",
        "200511": "74.46",
        "200512": "77.44",
        "200601": "87.38",
        "200602": "86.32",
        "200603": "88.25",
        "200604": "93.95",
        "200605": "89.43",
        "200606": "80.41",
        "200607": "76.61",
        "200608": "64.72",
        "200609": "64.26",
        "200610": "62.98",
        "200611": "62.86",
        "200612": "72.21",
        "200701": "69.75",
        "200702": "70.82",
        "200703": "65.88",
        "200704": "68.72",
        "200705": "67.35",
        "200706": "73.50",
        "200707": "81.20",
        "200708": "64.80",
        "200709": "54.38",
        "200710": "55.85",
        "200711": "53.10",
        "200712": "48.45",
        "200801": "43.45",
        "200802": "42.32",
        "200803": "48.42",
        "200804": "51.28",
        "200805": "66.37",
        "200806": "64.75",
        "200807": "66.96",
        "200808": "68.74",
        "200809": "55.94",
        "200810": "55.34",
        "200811": "55.12",
        "200812": "47.86",
        "200901": "45.80",
        "200902": "44.49",
        "200903": "49.10",
        "200904": "54.67",
        "200905": "57.43",
        "200906": "55.23",
        "200907": "56.09",
        "200908": "49.47",
        "200909": "47.20",
        "200910": "47.85",
        "200911": "48.18",
        "200912": "51.84",
        "201001": "53.79",
        "201002": "51.99",
        "201003": "54.58",
        "201004": "56.43",
        "201005": "56.59",
        "201006": "58.10",
        "201007": "59.41",
        "201008": "65.86",
        "201009": "67.24",
        "201010": "68.94",
        "201011": "71.89",
        "201012": "71.26",
        "201101": "69.44",
        "201102": "69.15",
        "201103": "68.39",
        "201104": "68.22",
        "201105": "66.31",
        "201106": "64.54",
        "201107": "55.73",
        "201108": "46.42",
        "201109": "46.61",
        "201110": "44.70",
        "201111": "42.92",
        "201112": "40.92",
        "201201": "40.93",
        "201202": "46.98",
        "201203": "50.93",
        "201204": "47.12",
        "201205": "46.72",
        "201206": "46.00",
        "201207": "43.51",
        "201208": "45.16",
        "201209": "45.81",
        "201210": "45.45",
        "201211": "41.72",
        "201212": "42.62",
        "201301": "42.44",
        "201302": "43.01",
        "201303": "43.52",
        "201304": "43.02",
        "201305": "43.72",
        "201306": "43.37",
        "201307": "41.94",
        "201308": "40.94",
        "201309": "41.16",
        "201310": "40.31",
        "201311": "39.92",
        "201312": "41.06",
        "201401": "43.44",
        "201402": "44.30",
        "201403": "44.09",
        "201404": "45.88",
        "201405": "46.20",
        "201406": "44.46",
        "201407": "42.89",
        "201408": "40.17",
        "201409": "39.19",
        "201410": "39.20",
        "201411": "38.55",
        "201412": "38.24",
        "201501": "38.78",
        "201502": "38.42",
        "201503": "39.21",
        "201504": "40.76",
        "201505": "38.76",
        "201506": "37.81",
        "201507": "33.58",
        "201508": "28.07",
        "201509": "27.73",
        "201510": "27.87",
        "201511": "29.02",
        "201512": "28.90",
        "201601": "27.53",
        "201602": "28.04",
        "201603": "29.65",
        "201604": "32.31",
        "201605": "31.74",
        "201606": "32.63",
        "201607": "36.06",
        "201608": "35.99",
        "201609": "34.50",
        "201610": "32.48",
        "201611": "31.39",
        "201612": "31.48",
        "201701": "31.61",
        "201702": "32.99",
        "201703": "33.63",
        "201704": "33.16",
        "201705": "32.36",
        "201706": "32.53",
        "201707": "30.55",
        "201708": "30.28",
        "201709": "29.80",
        "201710": "29.21",
        "201711": "29.22",
        "201712": "28.79",
        "201801": "28.34",
        "201802": "27.88",
        "201803": "27.28",
        "201804": "26.71",
        "201805": "25.80",
        "201806": "25.76",
        "201807": "25.55",
        "201808": "25.42",
        "201809": "25.30",
        "201810": "25.47",
        "201811": "25.55",
        "201812": "26.06",
        "201901": "26.65",
        "201902": "25.88",
        "201903": "26.08",
        "201904": "27.94",
        "201905": "28.09",
        "201906": "27.93",
        "201907": "28.89",
        "201908": "29.52",
        "201909": "28.35",
        "201910": "27.92",
        "201911": "27.25",
        "201912": "26.85",
        "202001": "26.46",
        "202002": "27.00",
        "202003": "25.37",
        "202004": "26.88",
        "202005": "29.35",
        "202006": "29.84",
        "202007": "28.38",
        "202008": "32.18",
        "202009": "36.20",
        "202010": "34.74",
        "202011": "36.18",
        "202012": "37.58",
        "202101": "38.23",
        "202102": "38.38",
        "202103": "43.94",
        "202104": "65.78",
        "202105": "56.55",
        "202106": "62.74",
        "202107": "68.86",
        "202108": "74.18",
        "202109": "79.20",
        "202110": "77.94",
        "202111": "79.16",
        "202112": "78.79",
        "202201": "88.62",
        "202202": "85.82",
        "202203": "85.79",
        "202204": "85.31",
        "202205": "114.01",
        "202206": "131.12",
        "202207": "131.88",
        "202208": "110.48",
        "202209": "102.57",
        "202210": "89.71",
        "202211": "98.88",
        "202212": "27.14",
        "202301": "27.68",
        "202302": "29.82",
        "202303": "38.68",
        "202304": "38.42",
        "202305": "35.80",
        "202306": "36.96",
        "202307": "32.98",
        "202308": "31.66",
        "202309": "32.02",
        "202310": "32.20",
        "202311": "30.72",
        "202312": "31.36"
    },
    "quarters": {
        "20011": {
            "year_quarter": 20011,
            "year": 2001,
            "quarter": 1,
            "eps": null,
            "eps_growth_year": null,
            "eps_4q": null,
            "eps_4q_growth_year": null,
            "roe": null,
            "roe_4q": 0,
            "gross_profit": null,
            "gross_margin": null,
            "gross_margin_4q_avg": 0,
            "net_income": null,
            "net_income_4q": null,
            "revenue": null,
            "revenue_4q": null,
            "common_shares": null,
            "book_valuer_per_share": null,
            "book_valuer_per_share_4q_avg": 0,
            "equity": null,
            "current_ratio": null,
            "debt_ratio": null,
            "inventory_turnover_ratio": null,
            "account_receivable_turnover_ratio": null,
            "reinvestment_rate": null,
            "research_to_sale_ratio": null,
            "price_fair": 0,
            "eps_avg_yearly": 0,
            "eps_latest_yearly": 0,
            "eps_growth_yearly": 0
        },
        "20012": {
            "year_quarter": 20012,
            "year": 2001,
            "quarter": 2,
            "eps": null,
            "eps_growth_year": null,
            "eps_4q": null,
            "eps_4q_growth_year": null,
            "roe": null,
            "roe_4q": 0,
            "gross_profit": null,
            "gross_margin": null,
            "gross_margin_4q_avg": 0,
            "net_income": null,
            "net_income_4q": null,
            "revenue": null,
            "revenue_4q": null,
            "common_shares": null,
            "book_valuer_per_share": null,
            "book_valuer_per_share_4q_avg": 0,
            "equity": null,
            "current_ratio": null,
            "debt_ratio": null,
            "inventory_turnover_ratio": null,
            "account_receivable_turnover_ratio": null,
            "reinvestment_rate": null,
            "research_to_sale_ratio": null,
            "price_fair": 0,
            "eps_avg_yearly": 0,
            "eps_latest_yearly": 0,
            "eps_growth_yearly": 0
        },
        "20013": {
            "year_quarter": 20013,
            "year": 2001,
            "quarter": 3,
            "eps": null,
            "eps_growth_year": null,
            "eps_4q": null,
            "eps_4q_growth_year": null,
            "roe": null,
            "roe_4q": 0,
            "gross_profit": null,
            "gross_margin": null,
            "gross_margin_4q_avg": 0,
            "net_income": null,
            "net_income_4q": null,
            "revenue": null,
            "revenue_4q": null,
            "common_shares": null,
            "book_valuer_per_share": null,
            "book_valuer_per_share_4q_avg": 0,
            "equity": null,
            "current_ratio": null,
            "debt_ratio": null,
            "inventory_turnover_ratio": null,
            "account_receivable_turnover_ratio": null,
            "reinvestment_rate": null,
            "research_to_sale_ratio": null,
            "price_fair": 0,
            "eps_avg_yearly": 0,
            "eps_latest_yearly": 0,
            "eps_growth_yearly": 0
        },
        "20014": {
            "year_quarter": 20014,
            "year": 2001,
            "quarter": 4,
            "eps": null,
            "eps_growth_year": null,
            "eps_4q": null,
            "eps_4q_growth_year": null,
            "roe": null,
            "roe_4q": 0,
            "gross_profit": null,
            "gross_margin": null,
            "gross_margin_4q_avg": 0,
            "net_income": null,
            "net_income_4q": null,
            "revenue": null,
            "revenue_4q": null,
            "common_shares": 201250,
            "book_valuer_per_share": 16.76,
            "book_valuer_per_share_4q_avg": 4.19,
            "equity": 337229,
            "current_ratio": 203.12,
            "debt_ratio": 33.34,
            "inventory_turnover_ratio": null,
            "account_receivable_turnover_ratio": null,
            "reinvestment_rate": null,
            "research_to_sale_ratio": null,
            "price_fair": 0,
            "eps_avg_yearly": 0,
            "eps_latest_yearly": 0,
            "eps_growth_yearly": 0
        },
        "20021": {
            "year_quarter": 20021,
            "year": 2002,
            "quarter": 1,
            "eps": null,
            "eps_growth_year": null,
            "eps_4q": null,
            "eps_4q_growth_year": null,
            "roe": null,
            "roe_4q": 0,
            "gross_profit": null,
            "gross_margin": null,
            "gross_margin_4q_avg": 0,
            "net_income": null,
            "net_income_4q": null,
            "revenue": null,
            "revenue_4q": null,
            "common_shares": null,
            "book_valuer_per_share": null,
            "book_valuer_per_share_4q_avg": 4.19,
            "equity": null,
            "current_ratio": null,
            "debt_ratio": null,
            "inventory_turnover_ratio": null,
            "account_receivable_turnover_ratio": null,
            "reinvestment_rate": null,
            "research_to_sale_ratio": null,
            "price_fair": 0,
            "eps_avg_yearly": 0,
            "eps_latest_yearly": 0,
            "eps_growth_yearly": 0
        },
        "20022": {
            "year_quarter": 20022,
            "year": 2002,
            "quarter": 2,
            "eps": null,
            "eps_growth_year": null,
            "eps_4q": null,
            "eps_4q_growth_year": null,
            "roe": null,
            "roe_4q": 0,
            "gross_profit": null,
            "gross_margin": null,
            "gross_margin_4q_avg": 0,
            "net_income": null,
            "net_income_4q": null,
            "revenue": null,
            "revenue_4q": null,
            "common_shares": null,
            "book_valuer_per_share": null,
            "book_valuer_per_share_4q_avg": 4.19,
            "equity": null,
            "current_ratio": null,
            "debt_ratio": null,
            "inventory_turnover_ratio": null,
            "account_receivable_turnover_ratio": null,
            "reinvestment_rate": null,
            "research_to_sale_ratio": null,
            "price_fair": 0,
            "eps_avg_yearly": 0,
            "eps_latest_yearly": 0,
            "eps_growth_yearly": 0
        },
        "20023": {
            "year_quarter": 20023,
            "year": 2002,
            "quarter": 3,
            "eps": null,
            "eps_growth_year": null,
            "eps_4q": null,
            "eps_4q_growth_year": null,
            "roe": null,
            "roe_4q": 0,
            "gross_profit": null,
            "gross_margin": null,
            "gross_margin_4q_avg": 0,
            "net_income": null,
            "net_income_4q": null,
            "revenue": null,
            "revenue_4q": null,
            "common_shares": null,
            "book_valuer_per_share": null,
            "book_valuer_per_share_4q_avg": 4.19,
            "equity": null,
            "current_ratio": null,
            "debt_ratio": null,
            "inventory_turnover_ratio": null,
            "account_receivable_turnover_ratio": null,
            "reinvestment_rate": null,
            "research_to_sale_ratio": null,
            "price_fair": 0,
            "eps_avg_yearly": 0,
            "eps_latest_yearly": 0,
            "eps_growth_yearly": 0
        },
        "20024": {
            "year_quarter": 20024,
            "year": 2002,
            "quarter": 4,
            "eps": null,
            "eps_growth_year": null,
            "eps_4q": null,
            "eps_4q_growth_year": null,
            "roe": null,
            "roe_4q": 0,
            "gross_profit": null,
            "gross_margin": null,
            "gross_margin_4q_avg": 0,
            "net_income": null,
            "net_income_4q": null,
            "revenue": null,
            "revenue_4q": null,
            "common_shares": 221375,
            "book_valuer_per_share": 19.25,
            "book_valuer_per_share_4q_avg": 4.81,
            "equity": 426252,
            "current_ratio": 247.05,
            "debt_ratio": 31.36,
            "inventory_turnover_ratio": null,
            "account_receivable_turnover_ratio": null,
            "reinvestment_rate": null,
            "research_to_sale_ratio": null,
            "price_fair": 0,
            "eps_avg_yearly": 0,
            "eps_latest_yearly": 0,
            "eps_growth_yearly": 0
        },
        "20031": {
            "year_quarter": 20031,
            "year": 2003,
            "quarter": 1,
            "eps": null,
            "eps_growth_year": null,
            "eps_4q": null,
            "eps_4q_growth_year": null,
            "roe": null,
            "roe_4q": 0,
            "gross_profit": null,
            "gross_margin": null,
            "gross_margin_4q_avg": 0,
            "net_income": null,
            "net_income_4q": null,
            "revenue": null,
            "revenue_4q": null,
            "common_shares": null,
            "book_valuer_per_share": null,
            "book_valuer_per_share_4q_avg": 4.81,
            "equity": null,
            "current_ratio": null,
            "debt_ratio": null,
            "inventory_turnover_ratio": null,
            "account_receivable_turnover_ratio": null,
            "reinvestment_rate": null,
            "research_to_sale_ratio": null,
            "price_fair": 0,
            "eps_avg_yearly": 0,
            "eps_latest_yearly": 0,
            "eps_growth_yearly": 0
        },
        "20032": {
            "year_quarter": 20032,
            "year": 2003,
            "quarter": 2,
            "eps": null,
            "eps_growth_year": null,
            "eps_4q": null,
            "eps_4q_growth_year": null,
            "roe": null,
            "roe_4q": 0,
            "gross_profit": null,
            "gross_margin": null,
            "gross_margin_4q_avg": 0,
            "net_income": null,
            "net_income_4q": null,
            "revenue": null,
            "revenue_4q": null,
            "common_shares": null,
            "book_valuer_per_share": null,
            "book_valuer_per_share_4q_avg": 4.81,
            "equity": null,
            "current_ratio": null,
            "debt_ratio": null,
            "inventory_turnover_ratio": null,
            "account_receivable_turnover_ratio": null,
            "reinvestment_rate": null,
            "research_to_sale_ratio": null,
            "price_fair": 0,
            "eps_avg_yearly": 0,
            "eps_latest_yearly": 0,
            "eps_growth_yearly": 0
        },
        "20033": {
            "year_quarter": 20033,
            "year": 2003,
            "quarter": 3,
            "eps": null,
            "eps_growth_year": null,
            "eps_4q": null,
            "eps_4q_growth_year": null,
            "roe": null,
            "roe_4q": 0,
            "gross_profit": null,
            "gross_margin": null,
            "gross_margin_4q_avg": 0,
            "net_income": null,
            "net_income_4q": null,
            "revenue": null,
            "revenue_4q": null,
            "common_shares": null,
            "book_valuer_per_share": null,
            "book_valuer_per_share_4q_avg": 4.81,
            "equity": null,
            "current_ratio": null,
            "debt_ratio": null,
            "inventory_turnover_ratio": null,
            "account_receivable_turnover_ratio": null,
            "reinvestment_rate": null,
            "research_to_sale_ratio": null,
            "price_fair": 0,
            "eps_avg_yearly": 0,
            "eps_latest_yearly": 0,
            "eps_growth_yearly": 0
        },
        "20034": {
            "year_quarter": 20034,
            "year": 2003,
            "quarter": 4,
            "eps": null,
            "eps_growth_year": null,
            "eps_4q": null,
            "eps_4q_growth_year": null,
            "roe": null,
            "roe_4q": 0,
            "gross_profit": null,
            "gross_margin": null,
            "gross_margin_4q_avg": 0,
            "net_income": null,
            "net_income_4q": null,
            "revenue": null,
            "revenue_4q": null,
            "common_shares": 243513,
            "book_valuer_per_share": 20.15,
            "book_valuer_per_share_4q_avg": 5.04,
            "equity": 490637,
            "current_ratio": 230.61,
            "debt_ratio": 35.09,
            "inventory_turnover_ratio": null,
            "account_receivable_turnover_ratio": null,
            "reinvestment_rate": null,
            "research_to_sale_ratio": null,
            "price_fair": 0,
            "eps_avg_yearly": 0,
            "eps_latest_yearly": 0,
            "eps_growth_yearly": 0
        },
        "20041": {
            "year_quarter": 20041,
            "year": 2004,
            "quarter": 1,
            "eps": null,
            "eps_growth_year": null,
            "eps_4q": null,
            "eps_4q_growth_year": null,
            "roe": null,
            "roe_4q": 0,
            "gross_profit": null,
            "gross_margin": null,
            "gross_margin_4q_avg": 0,
            "net_income": null,
            "net_income_4q": null,
            "revenue": null,
            "revenue_4q": null,
            "common_shares": null,
            "book_valuer_per_share": null,
            "book_valuer_per_share_4q_avg": 5.04,
            "equity": null,
            "current_ratio": null,
            "debt_ratio": null,
            "inventory_turnover_ratio": null,
            "account_receivable_turnover_ratio": null,
            "reinvestment_rate": null,
            "research_to_sale_ratio": null,
            "price_fair": 0,
            "eps_avg_yearly": 0,
            "eps_latest_yearly": 0,
            "eps_growth_yearly": 0
        },
        "20042": {
            "year_quarter": 20042,
            "year": 2004,
            "quarter": 2,
            "eps": null,
            "eps_growth_year": null,
            "eps_4q": null,
            "eps_4q_growth_year": null,
            "roe": null,
            "roe_4q": 0,
            "gross_profit": null,
            "gross_margin": null,
            "gross_margin_4q_avg": 0,
            "net_income": null,
            "net_income_4q": null,
            "revenue": null,
            "revenue_4q": null,
            "common_shares": null,
            "book_valuer_per_share": null,
            "book_valuer_per_share_4q_avg": 5.04,
            "equity": null,
            "current_ratio": null,
            "debt_ratio": null,
            "inventory_turnover_ratio": null,
            "account_receivable_turnover_ratio": null,
            "reinvestment_rate": null,
            "research_to_sale_ratio": null,
            "price_fair": 0,
            "eps_avg_yearly": 0,
            "eps_latest_yearly": 0,
            "eps_growth_yearly": 0
        },
        "20043": {
            "year_quarter": 20043,
            "year": 2004,
            "quarter": 3,
            "eps": 1.76,
            "eps_growth_year": null,
            "eps_4q": null,
            "eps_4q_growth_year": null,
            "roe": 8.8,
            "roe_4q": 8.8,
            "gross_profit": 95980,
            "gross_margin": 67.67,
            "gross_margin_4q_avg": 16.92,
            "net_income": 48064,
            "net_income_4q": null,
            "revenue": 141827,
            "revenue_4q": null,
            "common_shares": 272734,
            "book_valuer_per_share": 20.03,
            "book_valuer_per_share_4q_avg": 10.05,
            "equity": 546180,
            "current_ratio": 361.2,
            "debt_ratio": 14.29,
            "inventory_turnover_ratio": 1.19,
            "account_receivable_turnover_ratio": null,
            "reinvestment_rate": null,
            "research_to_sale_ratio": null,
            "price_fair": 0,
            "eps_avg_yearly": 0,
            "eps_latest_yearly": 0,
            "eps_growth_yearly": 0
        },
        "20044": {
            "year_quarter": 20044,
            "year": 2004,
            "quarter": 4,
            "eps": 1.88,
            "eps_growth_year": null,
            "eps_4q": null,
            "eps_4q_growth_year": null,
            "roe": 8.88,
            "roe_4q": 17.68,
            "gross_profit": 134630,
            "gross_margin": 67.82,
            "gross_margin_4q_avg": 33.87,
            "net_income": 51268,
            "net_income_4q": null,
            "revenue": 198496,
            "revenue_4q": null,
            "common_shares": 272734,
            "book_valuer_per_share": 21.61,
            "book_valuer_per_share_4q_avg": 10.41,
            "equity": 608207,
            "current_ratio": 310.2,
            "debt_ratio": 24.93,
            "inventory_turnover_ratio": 1.41,
            "account_receivable_turnover_ratio": null,
            "reinvestment_rate": null,
            "research_to_sale_ratio": null,
            "price_fair": 263.2,
            "eps_avg_yearly": 7.52,
            "eps_latest_yearly": 7.52,
            "eps_growth_yearly": 27.27
        },
        "20051": {
            "year_quarter": 20051,
            "year": 2005,
            "quarter": 1,
            "eps": 1.67,
            "eps_growth_year": null,
            "eps_4q": null,
            "eps_4q_growth_year": null,
            "roe": 7.33,
            "roe_4q": 25.01,
            "gross_profit": 99822,
            "gross_margin": 62.06,
            "gross_margin_4q_avg": 49.39,
            "net_income": 45547,
            "net_income_4q": null,
            "revenue": 160856,
            "revenue_4q": null,
            "common_shares": 272734,
            "book_valuer_per_share": 23.26,
            "book_valuer_per_share_4q_avg": 16.23,
            "equity": 634418,
            "current_ratio": 394.51,
            "debt_ratio": 14.96,
            "inventory_turnover_ratio": 1.47,
            "account_receivable_turnover_ratio": null,
            "reinvestment_rate": null,
            "research_to_sale_ratio": null,
            "price_fair": 21.3,
            "eps_avg_yearly": 7.1,
            "eps_latest_yearly": 6.68,
            "eps_growth_yearly": -8.7
        },
        "20052": {
            "year_quarter": 20052,
            "year": 2005,
            "quarter": 2,
            "eps": 2.36,
            "eps_growth_year": null,
            "eps_4q": 7.19,
            "eps_4q_growth_year": null,
            "roe": 11.52,
            "roe_4q": 36.53,
            "gross_profit": 120988,
            "gross_margin": 59.63,
            "gross_margin_4q_avg": 64.3,
            "net_income": 70729,
            "net_income_4q": null,
            "revenue": 202905,
            "revenue_4q": null,
            "common_shares": 272734,
            "book_valuer_per_share": 21.77,
            "book_valuer_per_share_4q_avg": 21.67,
            "equity": 593763,
            "current_ratio": 225.9,
            "debt_ratio": 27.54,
            "inventory_turnover_ratio": 2.2,
            "account_receivable_turnover_ratio": null,
            "reinvestment_rate": null,
            "research_to_sale_ratio": null,
            "price_fair": 275.8,
            "eps_avg_yearly": 7.88,
            "eps_latest_yearly": 9.44,
            "eps_growth_yearly": 49.29
        },
        "20053": {
            "year_quarter": 20053,
            "year": 2005,
            "quarter": 3,
            "eps": 3.19,
            "eps_growth_year": 81.25,
            "eps_4q": 8.78,
            "eps_4q_growth_year": null,
            "roe": 14.83,
            "roe_4q": 42.56,
            "gross_profit": 148704,
            "gross_margin": 69.8,
            "gross_margin_4q_avg": 64.83,
            "net_income": 95606,
            "net_income_4q": null,
            "revenue": 213039,
            "revenue_4q": null,
            "common_shares": 300007,
            "book_valuer_per_share": 23.19,
            "book_valuer_per_share_4q_avg": 22.46,
            "equity": 695841,
            "current_ratio": 455.54,
            "debt_ratio": 13.22,
            "inventory_turnover_ratio": 1.36,
            "account_receivable_turnover_ratio": null,
            "reinvestment_rate": null,
            "research_to_sale_ratio": null,
            "price_fair": 318.5,
            "eps_avg_yearly": 9.1,
            "eps_latest_yearly": 12.76,
            "eps_growth_yearly": 72.13
        },
        "20054": {
            "year_quarter": 20054,
            "year": 2005,
            "quarter": 4,
            "eps": 1.51,
            "eps_growth_year": -19.68,
            "eps_4q": 8.56,
            "eps_4q_growth_year": null,
            "roe": 6.23,
            "roe_4q": 39.91,
            "gross_profit": 114317,
            "gross_margin": 64.3,
            "gross_margin_4q_avg": 63.95,
            "net_income": 45403,
            "net_income_4q": null,
            "revenue": 177792,
            "revenue_4q": null,
            "common_shares": 300007,
            "book_valuer_per_share": 24.67,
            "book_valuer_per_share_4q_avg": 23.22,
            "equity": 762595,
            "current_ratio": 413.67,
            "debt_ratio": 20.31,
            "inventory_turnover_ratio": 1.03,
            "account_receivable_turnover_ratio": null,
            "reinvestment_rate": null,
            "research_to_sale_ratio": null,
            "price_fair": 217.09,
            "eps_avg_yearly": 8.49,
            "eps_latest_yearly": 6.04,
            "eps_growth_yearly": 15.58
        },
        "20061": {
            "year_quarter": 20061,
            "year": 2006,
            "quarter": 1,
            "eps": 1.52,
            "eps_growth_year": -8.98,
            "eps_4q": 8.6,
            "eps_4q_growth_year": null,
            "roe": 5.88,
            "roe_4q": 38.459999999999994,
            "gross_profit": 98546,
            "gross_margin": 47.33,
            "gross_margin_4q_avg": 60.27,
            "net_income": 45477,
            "net_income_4q": null,
            "revenue": 208192,
            "revenue_4q": null,
            "common_shares": 300007,
            "book_valuer_per_share": 26.13,
            "book_valuer_per_share_4q_avg": 23.94,
            "equity": 783975,
            "current_ratio": 461.7,
            "debt_ratio": 13.8,
            "inventory_turnover_ratio": 1.92,
            "account_receivable_turnover_ratio": null,
            "reinvestment_rate": null,
            "research_to_sale_ratio": null,
            "price_fair": 189.4,
            "eps_avg_yearly": 8.09,
            "eps_latest_yearly": 6.08,
            "eps_growth_yearly": 13.42
        },
        "20062": {
            "year_quarter": 20062,
            "year": 2006,
            "quarter": 2,
            "eps": 2.53,
            "eps_growth_year": 7.2,
            "eps_4q": 7.92,
            "eps_4q_growth_year": 10.12,
            "roe": 11.85,
            "roe_4q": 38.79,
            "gross_profit": 129511,
            "gross_margin": 67.46,
            "gross_margin_4q_avg": 62.22,
            "net_income": 87495,
            "net_income_4q": null,
            "revenue": 191984,
            "revenue_4q": null,
            "common_shares": 300007,
            "book_valuer_per_share": 23.1,
            "book_valuer_per_share_4q_avg": 24.27,
            "equity": 692929,
            "current_ratio": 216.78,
            "debt_ratio": 30.2,
            "inventory_turnover_ratio": 1.39,
            "account_receivable_turnover_ratio": null,
            "reinvestment_rate": null,
            "research_to_sale_ratio": null,
            "price_fair": 293.2,
            "eps_avg_yearly": 8.38,
            "eps_latest_yearly": 10.12,
            "eps_growth_yearly": 49.47
        },
        "20063": {
            "year_quarter": 20063,
            "year": 2006,
            "quarter": 3,
            "eps": 1.52,
            "eps_growth_year": -52.35,
            "eps_4q": 6.69,
            "eps_4q_growth_year": -23.77,
            "roe": 7.27,
            "roe_4q": 31.229999999999997,
            "gross_profit": 100523,
            "gross_margin": 62.31,
            "gross_margin_4q_avg": 60.35,
            "net_income": 52410,
            "net_income_4q": null,
            "revenue": 161340,
            "revenue_4q": null,
            "common_shares": 345608,
            "book_valuer_per_share": 21.68,
            "book_valuer_per_share_4q_avg": 23.9,
            "equity": 749217,
            "current_ratio": 416.86,
            "debt_ratio": 13.39,
            "inventory_turnover_ratio": 1.31,
            "account_receivable_turnover_ratio": null,
            "reinvestment_rate": null,
            "research_to_sale_ratio": null,
            "price_fair": 269.64,
            "eps_avg_yearly": 8.09,
            "eps_latest_yearly": 6.08,
            "eps_growth_yearly": 23.33
        },
        "20064": {
            "year_quarter": 20064,
            "year": 2006,
            "quarter": 4,
            "eps": 1.51,
            "eps_growth_year": 0,
            "eps_4q": 6.87,
            "eps_4q_growth_year": -19.72,
            "roe": 6.53,
            "roe_4q": 31.529999999999998,
            "gross_profit": 109830,
            "gross_margin": 70.29,
            "gross_margin_4q_avg": 61.85,
            "net_income": 52235,
            "net_income_4q": null,
            "revenue": 156244,
            "revenue_4q": null,
            "common_shares": 345608,
            "book_valuer_per_share": 23.14,
            "book_valuer_per_share_4q_avg": 23.51,
            "equity": 851409,
            "current_ratio": 442.12,
            "debt_ratio": 19.62,
            "inventory_turnover_ratio": 0.76,
            "account_receivable_turnover_ratio": null,
            "reinvestment_rate": null,
            "research_to_sale_ratio": null,
            "price_fair": 239.36,
            "eps_avg_yearly": 7.86,
            "eps_latest_yearly": 6.04,
            "eps_growth_yearly": 20.44
        },
        "20071": {
            "year_quarter": 20071,
            "year": 2007,
            "quarter": 1,
            "eps": 1.03,
            "eps_growth_year": -32.24,
            "eps_4q": 6.59,
            "eps_4q_growth_year": -23.35,
            "roe": 4.22,
            "roe_4q": 29.869999999999997,
            "gross_profit": 68066,
            "gross_margin": 65.64,
            "gross_margin_4q_avg": 66.43,
            "net_income": 35597,
            "net_income_4q": null,
            "revenue": 103696,
            "revenue_4q": null,
            "common_shares": 345608,
            "book_valuer_per_share": 24.23,
            "book_valuer_per_share_4q_avg": 23.04,
            "equity": 837283,
            "current_ratio": 453.86,
            "debt_ratio": 13.16,
            "inventory_turnover_ratio": 0.6,
            "account_receivable_turnover_ratio": null,
            "reinvestment_rate": null,
            "research_to_sale_ratio": null,
            "price_fair": 117.45,
            "eps_avg_yearly": 7.49,
            "eps_latest_yearly": 4.12,
            "eps_growth_yearly": 5.69
        },
        "20072": {
            "year_quarter": 20072,
            "year": 2007,
            "quarter": 2,
            "eps": 0.67,
            "eps_growth_year": -73.52,
            "eps_4q": 4.75,
            "eps_4q_growth_year": -40.1,
            "roe": 3.14,
            "roe_4q": 21.16,
            "gross_profit": 73883,
            "gross_margin": 62.55,
            "gross_margin_4q_avg": 65.2,
            "net_income": 23056,
            "net_income_4q": null,
            "revenue": 118112,
            "revenue_4q": null,
            "common_shares": 345608,
            "book_valuer_per_share": 18.28,
            "book_valuer_per_share_4q_avg": 21.83,
            "equity": 631715,
            "current_ratio": 169.78,
            "debt_ratio": 36.78,
            "inventory_turnover_ratio": 1.01,
            "account_receivable_turnover_ratio": null,
            "reinvestment_rate": null,
            "research_to_sale_ratio": null,
            "price_fair": 21.15,
            "eps_avg_yearly": 7.05,
            "eps_latest_yearly": 2.68,
            "eps_growth_yearly": -7.54
        },
        "20073": {
            "year_quarter": 20073,
            "year": 2007,
            "quarter": 3,
            "eps": 1.16,
            "eps_growth_year": -23.68,
            "eps_4q": 4.38,
            "eps_4q_growth_year": -34.58,
            "roe": 6.15,
            "roe_4q": 20.040000000000003,
            "gross_profit": 73323,
            "gross_margin": 51.22,
            "gross_margin_4q_avg": 62.43,
            "net_income": 39967,
            "net_income_4q": null,
            "revenue": 143167,
            "revenue_4q": null,
            "common_shares": 345608,
            "book_valuer_per_share": 19.34,
            "book_valuer_per_share_4q_avg": 21.25,
            "equity": 668236,
            "current_ratio": 409.86,
            "debt_ratio": 13.21,
            "inventory_turnover_ratio": 1.42,
            "account_receivable_turnover_ratio": null,
            "reinvestment_rate": null,
            "research_to_sale_ratio": null,
            "price_fair": 188.14,
            "eps_avg_yearly": 6.85,
            "eps_latest_yearly": 4.64,
            "eps_growth_yearly": 17.47
        },
        "20074": {
            "year_quarter": 20074,
            "year": 2007,
            "quarter": 4,
            "eps": 1.83,
            "eps_growth_year": 21.19,
            "eps_4q": 4.69,
            "eps_4q_growth_year": -31.71,
            "roe": 8.7,
            "roe_4q": 22.209999999999997,
            "gross_profit": 102586,
            "gross_margin": 59.71,
            "gross_margin_4q_avg": 59.78,
            "net_income": 63092,
            "net_income_4q": null,
            "revenue": 171803,
            "revenue_4q": null,
            "common_shares": 345608,
            "book_valuer_per_share": 21.3,
            "book_valuer_per_share_4q_avg": 20.79,
            "equity": 781608,
            "current_ratio": 335.25,
            "debt_ratio": 25.81,
            "inventory_turnover_ratio": 0.84,
            "account_receivable_turnover_ratio": null,
            "reinvestment_rate": null,
            "research_to_sale_ratio": null,
            "price_fair": 241.02,
            "eps_avg_yearly": 6.89,
            "eps_latest_yearly": 7.32,
            "eps_growth_yearly": 33.89
        },
        "20081": {
            "year_quarter": 20081,
            "year": 2008,
            "quarter": 1,
            "eps": 2.73,
            "eps_growth_year": 165.05,
            "eps_4q": 6.24,
            "eps_4q_growth_year": -5.23,
            "roe": 11.74,
            "roe_4q": 29.729999999999997,
            "gross_profit": 180889,
            "gross_margin": 43.37,
            "gross_margin_4q_avg": 54.21,
            "net_income": 96350,
            "net_income_4q": null,
            "revenue": 417058,
            "revenue_4q": null,
            "common_shares": 345608,
            "book_valuer_per_share": 23.51,
            "book_valuer_per_share_4q_avg": 20.61,
            "equity": 860285,
            "current_ratio": 422.98,
            "debt_ratio": 20.96,
            "inventory_turnover_ratio": 2.19,
            "account_receivable_turnover_ratio": null,
            "reinvestment_rate": null,
            "research_to_sale_ratio": null,
            "price_fair": 251.1,
            "eps_avg_yearly": 7.17,
            "eps_latest_yearly": 10.92,
            "eps_growth_yearly": 45.52
        },
        "20082": {
            "year_quarter": 20082,
            "year": 2008,
            "quarter": 2,
            "eps": 1.84,
            "eps_growth_year": 174.63,
            "eps_4q": 6.65,
            "eps_4q_growth_year": 40.21,
            "roe": 8.62,
            "roe_4q": 35.21,
            "gross_profit": 169480,
            "gross_margin": 44.61,
            "gross_margin_4q_avg": 49.73,
            "net_income": 72169,
            "net_income_4q": null,
            "revenue": 379956,
            "revenue_4q": null,
            "common_shares": 345608,
            "book_valuer_per_share": 22.04,
            "book_valuer_per_share_4q_avg": 21.55,
            "equity": 814199,
            "current_ratio": 252.36,
            "debt_ratio": 35.03,
            "inventory_turnover_ratio": 2.13,
            "account_receivable_turnover_ratio": null,
            "reinvestment_rate": 10.63,
            "research_to_sale_ratio": null,
            "price_fair": 251.53,
            "eps_avg_yearly": 7.19,
            "eps_latest_yearly": 7.36,
            "eps_growth_yearly": 33.8
        },
        "20083": {
            "year_quarter": 20083,
            "year": 2008,
            "quarter": 3,
            "eps": 3.58,
            "eps_growth_year": 208.62,
            "eps_4q": 9.69,
            "eps_4q_growth_year": 121.39,
            "roe": 14.4,
            "roe_4q": 43.459999999999994,
            "gross_profit": 211553,
            "gross_margin": 57.81,
            "gross_margin_4q_avg": 51.38,
            "net_income": 127266,
            "net_income_4q": null,
            "revenue": 365975,
            "revenue_4q": null,
            "common_shares": 345608,
            "book_valuer_per_share": 25.96,
            "book_valuer_per_share_4q_avg": 23.2,
            "equity": 953953,
            "current_ratio": 359.61,
            "debt_ratio": 24.74,
            "inventory_turnover_ratio": 1.5,
            "account_receivable_turnover_ratio": null,
            "reinvestment_rate": -0.5,
            "research_to_sale_ratio": null,
            "price_fair": 267.14,
            "eps_avg_yearly": 7.63,
            "eps_latest_yearly": 14.32,
            "eps_growth_yearly": 55.32
        },
        "20084": {
            "year_quarter": 20084,
            "year": 2008,
            "quarter": 4,
            "eps": -0.13,
            "eps_growth_year": -107.1,
            "eps_4q": 7.64,
            "eps_4q_growth_year": 62.83,
            "roe": -0.57,
            "roe_4q": 34.19,
            "gross_profit": 72643,
            "gross_margin": 40.36,
            "gross_margin_4q_avg": 46.54,
            "net_income": -5426,
            "net_income_4q": null,
            "revenue": 179969,
            "revenue_4q": null,
            "common_shares": 345608,
            "book_valuer_per_share": 25.91,
            "book_valuer_per_share_4q_avg": 24.36,
            "equity": 951626,
            "current_ratio": 357.81,
            "debt_ratio": 24.96,
            "inventory_turnover_ratio": 1.06,
            "account_receivable_turnover_ratio": 3.95,
            "reinvestment_rate": -2.71,
            "research_to_sale_ratio": null,
            "price_fair": 267.4,
            "eps_avg_yearly": 7.64,
            "eps_latest_yearly": 14.32,
            "eps_growth_yearly": 57.19
        },
        "20091": {
            "year_quarter": 20091,
            "year": 2009,
            "quarter": 1,
            "eps": 0.01,
            "eps_growth_year": -99.63,
            "eps_4q": 5.29,
            "eps_4q_growth_year": -15.26,
            "roe": -0.29,
            "roe_4q": 22.16,
            "gross_profit": 53940,
            "gross_margin": 75.62,
            "gross_margin_4q_avg": 54.6,
            "net_income": -2786,
            "net_income_4q": null,
            "revenue": 71329,
            "revenue_4q": null,
            "common_shares": 345608,
            "book_valuer_per_share": 26.11,
            "book_valuer_per_share_4q_avg": 25.01,
            "equity": 956565,
            "current_ratio": 488.04,
            "debt_ratio": 18.74,
            "inventory_turnover_ratio": 0.2,
            "account_receivable_turnover_ratio": 0.9,
            "reinvestment_rate": 1.52,
            "research_to_sale_ratio": null,
            "price_fair": 269.8,
            "eps_avg_yearly": 7.71,
            "eps_latest_yearly": 14.32,
            "eps_growth_yearly": 64.47
        },
        "20092": {
            "year_quarter": 20092,
            "year": 2009,
            "quarter": 2,
            "eps": 0,
            "eps_growth_year": -100,
            "eps_4q": 3.45,
            "eps_4q_growth_year": -48.2,
            "roe": -0.33,
            "roe_4q": 13.21,
            "gross_profit": 54860,
            "gross_margin": 45.52,
            "gross_margin_4q_avg": 54.83,
            "net_income": -2784,
            "net_income_4q": null,
            "revenue": 120529,
            "revenue_4q": null,
            "common_shares": 345608,
            "book_valuer_per_share": 20.41,
            "book_valuer_per_share_4q_avg": 24.6,
            "equity": 752920,
            "current_ratio": 300.37,
            "debt_ratio": 29.58,
            "inventory_turnover_ratio": 0.76,
            "account_receivable_turnover_ratio": 1.6,
            "reinvestment_rate": 1.59,
            "research_to_sale_ratio": null,
            "price_fair": 265.14,
            "eps_avg_yearly": 7.58,
            "eps_latest_yearly": 14.32,
            "eps_growth_yearly": 56.72
        },
        "20093": {
            "year_quarter": 20093,
            "year": 2009,
            "quarter": 3,
            "eps": 1.22,
            "eps_growth_year": -65.92,
            "eps_4q": 1.08,
            "eps_4q_growth_year": -88.84,
            "roe": 5.79,
            "roe_4q": 4.6,
            "gross_profit": 107175,
            "gross_margin": 46.12,
            "gross_margin_4q_avg": 51.91,
            "net_income": 44744,
            "net_income_4q": null,
            "revenue": 232398,
            "revenue_4q": null,
            "common_shares": 362888,
            "book_valuer_per_share": 20.55,
            "book_valuer_per_share_4q_avg": 23.25,
            "equity": 793481,
            "current_ratio": 517.75,
            "debt_ratio": 17.38,
            "inventory_turnover_ratio": 1.45,
            "account_receivable_turnover_ratio": 2.16,
            "reinvestment_rate": 1.68,
            "research_to_sale_ratio": null,
            "price_fair": 250.02,
            "eps_avg_yearly": 7.14,
            "eps_latest_yearly": 14.32,
            "eps_growth_yearly": 49.72
        },
        "20094": {
            "year_quarter": 20094,
            "year": 2009,
            "quarter": 4,
            "eps": 0.7,
            "eps_growth_year": null,
            "eps_4q": 1.92,
            "eps_4q_growth_year": -74.88,
            "roe": 3.03,
            "roe_4q": 8.200000000000001,
            "gross_profit": 122404,
            "gross_margin": 32.2,
            "gross_margin_4q_avg": 49.87,
            "net_income": 24384,
            "net_income_4q": null,
            "revenue": 380169,
            "revenue_4q": null,
            "common_shares": 362888,
            "book_valuer_per_share": 21.19,
            "book_valuer_per_share_4q_avg": 22.07,
            "equity": 815921,
            "current_ratio": 317.38,
            "debt_ratio": 28.36,
            "inventory_turnover_ratio": 2.97,
            "account_receivable_turnover_ratio": 3.8,
            "reinvestment_rate": 42.26,
            "research_to_sale_ratio": null,
            "price_fair": 240.57,
            "eps_avg_yearly": 6.87,
            "eps_latest_yearly": 2.8,
            "eps_growth_yearly": 53.07
        },
        "20101": {
            "year_quarter": 20101,
            "year": 2010,
            "quarter": 1,
            "eps": 0.97,
            "eps_growth_year": 9600,
            "eps_4q": 2.88,
            "eps_4q_growth_year": -45.6,
            "roe": 4.79,
            "roe_4q": 13.28,
            "gross_profit": 109507,
            "gross_margin": 36.23,
            "gross_margin_4q_avg": 40.02,
            "net_income": 39993,
            "net_income_4q": null,
            "revenue": 302269,
            "revenue_4q": null,
            "common_shares": 362888,
            "book_valuer_per_share": 22.12,
            "book_valuer_per_share_4q_avg": 21.07,
            "equity": 854266,
            "current_ratio": 310.27,
            "debt_ratio": 28.52,
            "inventory_turnover_ratio": 2.14,
            "account_receivable_turnover_ratio": 1.58,
            "reinvestment_rate": 54.16,
            "research_to_sale_ratio": 0.42,
            "price_fair": 234.15,
            "eps_avg_yearly": 6.69,
            "eps_latest_yearly": 3.88,
            "eps_growth_yearly": 65.71
        },
        "20102": {
            "year_quarter": 20102,
            "year": 2010,
            "quarter": 2,
            "eps": 3.08,
            "eps_growth_year": null,
            "eps_4q": 5.96,
            "eps_4q_growth_year": 73.03,
            "roe": 13.53,
            "roe_4q": 27.14,
            "gross_profit": 204769,
            "gross_margin": 46.94,
            "gross_margin_4q_avg": 40.37,
            "net_income": 116299,
            "net_income_4q": null,
            "revenue": 436214,
            "revenue_4q": null,
            "common_shares": 362888,
            "book_valuer_per_share": 22.31,
            "book_valuer_per_share_4q_avg": 21.54,
            "equity": 864378,
            "current_ratio": 251.79,
            "debt_ratio": 35.12,
            "inventory_turnover_ratio": 2.48,
            "account_receivable_turnover_ratio": 2.33,
            "reinvestment_rate": 55.2,
            "research_to_sale_ratio": 0.32,
            "price_fair": 240.57,
            "eps_avg_yearly": 6.87,
            "eps_latest_yearly": 12.32,
            "eps_growth_yearly": 116.06
        },
        "20103": {
            "year_quarter": 20103,
            "year": 2010,
            "quarter": 3,
            "eps": 3.12,
            "eps_growth_year": 155.77,
            "eps_4q": 7.87,
            "eps_4q_growth_year": 627.51,
            "roe": 12.47,
            "roe_4q": 33.82,
            "gross_profit": 221798,
            "gross_margin": 52.93,
            "gross_margin_4q_avg": 42.08,
            "net_income": 114214,
            "net_income_4q": null,
            "revenue": 419067,
            "revenue_4q": null,
            "common_shares": 362888,
            "book_valuer_per_share": 25.15,
            "book_valuer_per_share_4q_avg": 22.69,
            "equity": 967948,
            "current_ratio": 327.5,
            "debt_ratio": 26.8,
            "inventory_turnover_ratio": 1.96,
            "account_receivable_turnover_ratio": 2.18,
            "reinvestment_rate": 54.59,
            "research_to_sale_ratio": 0.33,
            "price_fair": 259.23,
            "eps_avg_yearly": 7.41,
            "eps_latest_yearly": 12.48,
            "eps_growth_yearly": 129.8
        },
        "20104": {
            "year_quarter": 20104,
            "year": 2010,
            "quarter": 4,
            "eps": 1.06,
            "eps_growth_year": 51.7,
            "eps_4q": 8.23,
            "eps_4q_growth_year": 328.98,
            "roe": 3.84,
            "roe_4q": 34.63,
            "gross_profit": 156394,
            "gross_margin": 40.3,
            "gross_margin_4q_avg": 44.1,
            "net_income": 37612,
            "net_income_4q": null,
            "revenue": 388034,
            "revenue_4q": null,
            "common_shares": 362888,
            "book_valuer_per_share": 25.83,
            "book_valuer_per_share_4q_avg": 23.85,
            "equity": 991429,
            "current_ratio": 320.05,
            "debt_ratio": 27.23,
            "inventory_turnover_ratio": 2.17,
            "account_receivable_turnover_ratio": 2.05,
            "reinvestment_rate": 48.32,
            "research_to_sale_ratio": 0.41,
            "price_fair": 253.98,
            "eps_avg_yearly": 7.26,
            "eps_latest_yearly": 4.24,
            "eps_growth_yearly": 108.02
        },
        "20111": {
            "year_quarter": 20111,
            "year": 2011,
            "quarter": 1,
            "eps": 0.52,
            "eps_growth_year": -46.39,
            "eps_4q": 7.79,
            "eps_4q_growth_year": 170.5,
            "roe": 1.73,
            "roe_4q": 31.57,
            "gross_profit": 85274,
            "gross_margin": 35.52,
            "gross_margin_4q_avg": 43.92,
            "net_income": 17332,
            "net_income_4q": null,
            "revenue": 240089,
            "revenue_4q": null,
            "common_shares": 362888,
            "book_valuer_per_share": 26.42,
            "book_valuer_per_share_4q_avg": 24.93,
            "equity": 1011158,
            "current_ratio": 363.95,
            "debt_ratio": 24.15,
            "inventory_turnover_ratio": 1.38,
            "account_receivable_turnover_ratio": 1.29,
            "reinvestment_rate": 55.49,
            "research_to_sale_ratio": 0.56,
            "price_fair": 248.03,
            "eps_avg_yearly": 7.09,
            "eps_latest_yearly": 2.08,
            "eps_growth_yearly": 101.63
        },
        "20112": {
            "year_quarter": 20112,
            "year": 2011,
            "quarter": 2,
            "eps": 1.01,
            "eps_growth_year": -67.34,
            "eps_4q": 5.71,
            "eps_4q_growth_year": -4.21,
            "roe": 3.69,
            "roe_4q": 21.73,
            "gross_profit": 111221,
            "gross_margin": 38.92,
            "gross_margin_4q_avg": 41.92,
            "net_income": 33783,
            "net_income_4q": null,
            "revenue": 285804,
            "revenue_4q": null,
            "common_shares": 362888,
            "book_valuer_per_share": 21.34,
            "book_valuer_per_share_4q_avg": 24.69,
            "equity": 820153,
            "current_ratio": 221.9,
            "debt_ratio": 37.77,
            "inventory_turnover_ratio": 1.57,
            "account_receivable_turnover_ratio": 1.62,
            "reinvestment_rate": 57.94,
            "research_to_sale_ratio": 0.62,
            "price_fair": 252,
            "eps_avg_yearly": 7.2,
            "eps_latest_yearly": 4.04,
            "eps_growth_yearly": 144.69
        },
        "20113": {
            "year_quarter": 20113,
            "year": 2011,
            "quarter": 3,
            "eps": 1.01,
            "eps_growth_year": -67.54,
            "eps_4q": 3.6,
            "eps_4q_growth_year": -54.18,
            "roe": 4.31,
            "roe_4q": 13.57,
            "gross_profit": 114222,
            "gross_margin": 35.61,
            "gross_margin_4q_avg": 37.59,
            "net_income": 36474,
            "net_income_4q": null,
            "revenue": 320775,
            "revenue_4q": null,
            "common_shares": 362888,
            "book_valuer_per_share": 22.76,
            "book_valuer_per_share_4q_avg": 24.09,
            "equity": 871881,
            "current_ratio": 319.09,
            "debt_ratio": 25.76,
            "inventory_turnover_ratio": 1.97,
            "account_receivable_turnover_ratio": 1.77,
            "reinvestment_rate": 62.87,
            "research_to_sale_ratio": 0.52,
            "price_fair": 250.25,
            "eps_avg_yearly": 7.15,
            "eps_latest_yearly": 4.04,
            "eps_growth_yearly": 120.31
        },
        "20114": {
            "year_quarter": 20114,
            "year": 2011,
            "quarter": 4,
            "eps": 0.5,
            "eps_growth_year": -53.28,
            "eps_4q": 3.04,
            "eps_4q_growth_year": -63.08,
            "roe": 1.97,
            "roe_4q": 11.7,
            "gross_profit": 82083,
            "gross_margin": 35.85,
            "gross_margin_4q_avg": 36.48,
            "net_income": 17179,
            "net_income_4q": null,
            "revenue": 228938,
            "revenue_4q": null,
            "common_shares": 362888,
            "book_valuer_per_share": 22.88,
            "book_valuer_per_share_4q_avg": 23.35,
            "equity": 875377,
            "current_ratio": 389.01,
            "debt_ratio": 20.96,
            "inventory_turnover_ratio": 1.51,
            "account_receivable_turnover_ratio": 1.51,
            "reinvestment_rate": 59.97,
            "research_to_sale_ratio": 0.69,
            "price_fair": 234.73,
            "eps_avg_yearly": 6.71,
            "eps_latest_yearly": 2,
            "eps_growth_yearly": 84.23
        },
        "20121": {
            "year_quarter": 20121,
            "year": 2012,
            "quarter": 1,
            "eps": 1.05,
            "eps_growth_year": 101.92,
            "eps_4q": 3.56,
            "eps_4q_growth_year": -54.27,
            "roe": 4.14,
            "roe_4q": 14.109999999999998,
            "gross_profit": 100434,
            "gross_margin": 44.39,
            "gross_margin_4q_avg": 38.69,
            "net_income": 37945,
            "net_income_4q": null,
            "revenue": 226235,
            "revenue_4q": null,
            "common_shares": 362888,
            "book_valuer_per_share": 23.61,
            "book_valuer_per_share_4q_avg": 22.65,
            "equity": 956451,
            "current_ratio": 491.19,
            "debt_ratio": 17.15,
            "inventory_turnover_ratio": 1.41,
            "account_receivable_turnover_ratio": 2.02,
            "reinvestment_rate": 58.68,
            "research_to_sale_ratio": 0.57,
            "price_fair": 215.13,
            "eps_avg_yearly": 6.15,
            "eps_latest_yearly": 4.2,
            "eps_growth_yearly": 104.5
        },
        "20122": {
            "year_quarter": 20122,
            "year": 2012,
            "quarter": 2,
            "eps": 0.43,
            "eps_growth_year": -57.37,
            "eps_4q": 2.98,
            "eps_4q_growth_year": -47.77,
            "roe": 1.66,
            "roe_4q": 12.079999999999998,
            "gross_profit": 89618,
            "gross_margin": 38.75,
            "gross_margin_4q_avg": 38.65,
            "net_income": 15210,
            "net_income_4q": null,
            "revenue": 231252,
            "revenue_4q": null,
            "common_shares": 362888,
            "book_valuer_per_share": 21.57,
            "book_valuer_per_share_4q_avg": 22.71,
            "equity": 880030,
            "current_ratio": 289.19,
            "debt_ratio": 28.92,
            "inventory_turnover_ratio": 1.65,
            "account_receivable_turnover_ratio": 1.75,
            "reinvestment_rate": 61.35,
            "research_to_sale_ratio": 0.64,
            "price_fair": 198.68,
            "eps_avg_yearly": 5.68,
            "eps_latest_yearly": 1.72,
            "eps_growth_yearly": 95.69
        },
        "20123": {
            "year_quarter": 20123,
            "year": 2012,
            "quarter": 3,
            "eps": 0.62,
            "eps_growth_year": -38.43,
            "eps_4q": 2.59,
            "eps_4q_growth_year": -28.03,
            "roe": 2.84,
            "roe_4q": 10.610000000000001,
            "gross_profit": 103143,
            "gross_margin": 38.75,
            "gross_margin_4q_avg": 39.44,
            "net_income": 25333,
            "net_income_4q": null,
            "revenue": 266149,
            "revenue_4q": null,
            "common_shares": 362888,
            "book_valuer_per_share": 22.11,
            "book_valuer_per_share_4q_avg": 22.54,
            "equity": 901773,
            "current_ratio": 335.36,
            "debt_ratio": 24.32,
            "inventory_turnover_ratio": 1.94,
            "account_receivable_turnover_ratio": 1.6,
            "reinvestment_rate": 76.61,
            "research_to_sale_ratio": 0.5,
            "price_fair": 164.15,
            "eps_avg_yearly": 4.69,
            "eps_latest_yearly": 2.48,
            "eps_growth_yearly": 78.89
        },
        "20124": {
            "year_quarter": 20124,
            "year": 2012,
            "quarter": 4,
            "eps": 0.54,
            "eps_growth_year": 8.04,
            "eps_4q": 2.63,
            "eps_4q_growth_year": -13.31,
            "roe": 2.18,
            "roe_4q": 10.82,
            "gross_profit": 89949,
            "gross_margin": 41.61,
            "gross_margin_4q_avg": 40.88,
            "net_income": 19895,
            "net_income_4q": null,
            "revenue": 216175,
            "revenue_4q": null,
            "common_shares": 362888,
            "book_valuer_per_share": 22.65,
            "book_valuer_per_share_4q_avg": 22.49,
            "equity": 921374,
            "current_ratio": 341.34,
            "debt_ratio": 23.43,
            "inventory_turnover_ratio": 1.52,
            "account_receivable_turnover_ratio": 1.13,
            "reinvestment_rate": 75.37,
            "research_to_sale_ratio": 0.79,
            "price_fair": 157.34,
            "eps_avg_yearly": 4.5,
            "eps_latest_yearly": 2.16,
            "eps_growth_yearly": 68.85
        },
        "20131": {
            "year_quarter": 20131,
            "year": 2013,
            "quarter": 1,
            "eps": 0.51,
            "eps_growth_year": -51.43,
            "eps_4q": 2.09,
            "eps_4q_growth_year": -41.18,
            "roe": 2.14,
            "roe_4q": 8.82,
            "gross_profit": 84071,
            "gross_margin": 37.36,
            "gross_margin_4q_avg": 39.12,
            "net_income": 19803,
            "net_income_4q": null,
            "revenue": 225054,
            "revenue_4q": null,
            "common_shares": 362888,
            "book_valuer_per_share": 22.77,
            "book_valuer_per_share_4q_avg": 22.28,
            "equity": 927974,
            "current_ratio": 361.24,
            "debt_ratio": 23.77,
            "inventory_turnover_ratio": 1.69,
            "account_receivable_turnover_ratio": 1.1,
            "reinvestment_rate": 31.71,
            "research_to_sale_ratio": 0.69,
            "price_fair": 151.2,
            "eps_avg_yearly": 4.32,
            "eps_latest_yearly": 2.04,
            "eps_growth_yearly": 62.35
        },
        "20132": {
            "year_quarter": 20132,
            "year": 2013,
            "quarter": 2,
            "eps": 0.41,
            "eps_growth_year": -4.41,
            "eps_4q": 2.08,
            "eps_4q_growth_year": -30.41,
            "roe": 1.72,
            "roe_4q": 8.88,
            "gross_profit": 79411,
            "gross_margin": 36.88,
            "gross_margin_4q_avg": 38.65,
            "net_income": 15417,
            "net_income_4q": null,
            "revenue": 215348,
            "revenue_4q": null,
            "common_shares": 362888,
            "book_valuer_per_share": 21.08,
            "book_valuer_per_share_4q_avg": 22.15,
            "equity": 860623,
            "current_ratio": 278.62,
            "debt_ratio": 30.01,
            "inventory_turnover_ratio": 1.59,
            "account_receivable_turnover_ratio": 1.09,
            "reinvestment_rate": 30.24,
            "research_to_sale_ratio": 1.06,
            "price_fair": 144.95,
            "eps_avg_yearly": 4.14,
            "eps_latest_yearly": 1.64,
            "eps_growth_yearly": 52.96
        },
        "20133": {
            "year_quarter": 20133,
            "year": 2013,
            "quarter": 3,
            "eps": 0.88,
            "eps_growth_year": 41.09,
            "eps_4q": 2.33,
            "eps_4q_growth_year": -10.13,
            "roe": 3.7,
            "roe_4q": 9.74,
            "gross_profit": 101032,
            "gross_margin": 40.91,
            "gross_margin_4q_avg": 39.19,
            "net_income": 32435,
            "net_income_4q": null,
            "revenue": 246988,
            "revenue_4q": null,
            "common_shares": 362888,
            "book_valuer_per_share": 21.9,
            "book_valuer_per_share_4q_avg": 22.1,
            "equity": 890278,
            "current_ratio": 346.36,
            "debt_ratio": 24.47,
            "inventory_turnover_ratio": 1.65,
            "account_receivable_turnover_ratio": 1.39,
            "reinvestment_rate": 31.9,
            "research_to_sale_ratio": 0.51,
            "price_fair": 143.59,
            "eps_avg_yearly": 4.1,
            "eps_latest_yearly": 3.52,
            "eps_growth_yearly": 78.31
        },
        "20134": {
            "year_quarter": 20134,
            "year": 2013,
            "quarter": 4,
            "eps": 0.93,
            "eps_growth_year": 72.91,
            "eps_4q": 2.72,
            "eps_4q_growth_year": 3.34,
            "roe": 3.62,
            "roe_4q": 11.180000000000001,
            "gross_profit": 106338,
            "gross_margin": 41.96,
            "gross_margin_4q_avg": 39.28,
            "net_income": 32895,
            "net_income_4q": null,
            "revenue": 253425,
            "revenue_4q": null,
            "common_shares": 362888,
            "book_valuer_per_share": 22.95,
            "book_valuer_per_share_4q_avg": 22.18,
            "equity": 928724,
            "current_ratio": 340.11,
            "debt_ratio": 24.62,
            "inventory_turnover_ratio": 1.64,
            "account_receivable_turnover_ratio": 1.47,
            "reinvestment_rate": -26.08,
            "research_to_sale_ratio": 0.5,
            "price_fair": 145.6,
            "eps_avg_yearly": 4.16,
            "eps_latest_yearly": 3.72,
            "eps_growth_yearly": 90.39
        },
        "20141": {
            "year_quarter": 20141,
            "year": 2014,
            "quarter": 1,
            "eps": 0.45,
            "eps_growth_year": -11.76,
            "eps_4q": 2.66,
            "eps_4q_growth_year": 27.17,
            "roe": 1.79,
            "roe_4q": 10.83,
            "gross_profit": 79531,
            "gross_margin": 35.33,
            "gross_margin_4q_avg": 38.77,
            "net_income": 16748,
            "net_income_4q": null,
            "revenue": 225122,
            "revenue_4q": null,
            "common_shares": 362888,
            "book_valuer_per_share": 23.44,
            "book_valuer_per_share_4q_avg": 22.34,
            "equity": 942184,
            "current_ratio": 377.71,
            "debt_ratio": 22.54,
            "inventory_turnover_ratio": 1.71,
            "account_receivable_turnover_ratio": 1.14,
            "reinvestment_rate": -33.16,
            "research_to_sale_ratio": 0.48,
            "price_fair": 141.05,
            "eps_avg_yearly": 4.03,
            "eps_latest_yearly": 1.8,
            "eps_growth_yearly": 67.84
        },
        "20142": {
            "year_quarter": 20142,
            "year": 2014,
            "quarter": 2,
            "eps": -0.07,
            "eps_growth_year": -117.07,
            "eps_4q": 2.18,
            "eps_4q_growth_year": 5.21,
            "roe": -0.25,
            "roe_4q": 8.86,
            "gross_profit": 63883,
            "gross_margin": 29.32,
            "gross_margin_4q_avg": 36.88,
            "net_income": -2203,
            "net_income_4q": null,
            "revenue": 217858,
            "revenue_4q": null,
            "common_shares": 362888,
            "book_valuer_per_share": 21.05,
            "book_valuer_per_share_4q_avg": 22.34,
            "equity": 855290,
            "current_ratio": 259.71,
            "debt_ratio": 30.56,
            "inventory_turnover_ratio": 1.91,
            "account_receivable_turnover_ratio": 1.01,
            "reinvestment_rate": -37.37,
            "research_to_sale_ratio": 0.59,
            "price_fair": 84.7,
            "eps_avg_yearly": 3.48,
            "eps_latest_yearly": 1.8,
            "eps_growth_yearly": 14.36
        },
        "20143": {
            "year_quarter": 20143,
            "year": 2014,
            "quarter": 3,
            "eps": 0.85,
            "eps_growth_year": -3.41,
            "eps_4q": 2.16,
            "eps_4q_growth_year": -7.46,
            "roe": 3.74,
            "roe_4q": 8.9,
            "gross_profit": 101318,
            "gross_margin": 42.08,
            "gross_margin_4q_avg": 37.17,
            "net_income": 32637,
            "net_income_4q": null,
            "revenue": 240788,
            "revenue_4q": null,
            "common_shares": 362888,
            "book_valuer_per_share": 21.94,
            "book_valuer_per_share_4q_avg": 22.35,
            "equity": 890297,
            "current_ratio": 358.93,
            "debt_ratio": 22.79,
            "inventory_turnover_ratio": 1.82,
            "account_receivable_turnover_ratio": 1.19,
            "reinvestment_rate": -54.16,
            "research_to_sale_ratio": 0.47,
            "price_fair": 70.89,
            "eps_avg_yearly": 2.83,
            "eps_latest_yearly": 1.8,
            "eps_growth_yearly": 15.01
        },
        "20144": {
            "year_quarter": 20144,
            "year": 2014,
            "quarter": 4,
            "eps": 0.68,
            "eps_growth_year": -26.45,
            "eps_4q": 1.91,
            "eps_4q_growth_year": -29.75,
            "roe": 2.89,
            "roe_4q": 8.170000000000002,
            "gross_profit": 93679,
            "gross_margin": 39.95,
            "gross_margin_4q_avg": 36.67,
            "net_income": 26213,
            "net_income_4q": null,
            "revenue": 234499,
            "revenue_4q": null,
            "common_shares": 362888,
            "book_valuer_per_share": 22.75,
            "book_valuer_per_share_4q_avg": 22.3,
            "equity": 922440,
            "current_ratio": 376.72,
            "debt_ratio": 22.06,
            "inventory_turnover_ratio": 1.97,
            "account_receivable_turnover_ratio": 1.11,
            "reinvestment_rate": -56.27,
            "research_to_sale_ratio": 0.58,
            "price_fair": 95.4,
            "eps_avg_yearly": 2.73,
            "eps_latest_yearly": 2.72,
            "eps_growth_yearly": 28.16
        },
        "20151": {
            "year_quarter": 20151,
            "year": 2015,
            "quarter": 1,
            "eps": 0.42,
            "eps_growth_year": -6.67,
            "eps_4q": 1.88,
            "eps_4q_growth_year": -29.37,
            "roe": 1.57,
            "roe_4q": 7.949999999999999,
            "gross_profit": 86550,
            "gross_margin": 37.51,
            "gross_margin_4q_avg": 37.22,
            "net_income": 14577,
            "net_income_4q": null,
            "revenue": 230723,
            "revenue_4q": null,
            "common_shares": 362888,
            "book_valuer_per_share": 23.15,
            "book_valuer_per_share_4q_avg": 22.22,
            "equity": 934867,
            "current_ratio": 372.62,
            "debt_ratio": 22.27,
            "inventory_turnover_ratio": 2,
            "account_receivable_turnover_ratio": 1.07,
            "reinvestment_rate": -55.56,
            "research_to_sale_ratio": 0.51,
            "price_fair": 94.4,
            "eps_avg_yearly": 2.7,
            "eps_latest_yearly": 1.68,
            "eps_growth_yearly": 31.79
        },
        "20152": {
            "year_quarter": 20152,
            "year": 2015,
            "quarter": 2,
            "eps": 0.27,
            "eps_growth_year": null,
            "eps_4q": 2.22,
            "eps_4q_growth_year": 1.73,
            "roe": 1.12,
            "roe_4q": 9.32,
            "gross_profit": 78545,
            "gross_margin": 42.02,
            "gross_margin_4q_avg": 40.39,
            "net_income": 10152,
            "net_income_4q": null,
            "revenue": 186901,
            "revenue_4q": null,
            "common_shares": 362888,
            "book_valuer_per_share": 21.64,
            "book_valuer_per_share_4q_avg": 22.37,
            "equity": 879681,
            "current_ratio": 303.79,
            "debt_ratio": 26.64,
            "inventory_turnover_ratio": 1.41,
            "account_receivable_turnover_ratio": 0.99,
            "reinvestment_rate": -67.68,
            "research_to_sale_ratio": 0.68,
            "price_fair": 7.46,
            "eps_avg_yearly": 2.49,
            "eps_latest_yearly": 1.08,
            "eps_growth_yearly": -5.33
        },
        "20153": {
            "year_quarter": 20153,
            "year": 2015,
            "quarter": 3,
            "eps": 0.67,
            "eps_growth_year": -21.18,
            "eps_4q": 2.04,
            "eps_4q_growth_year": -5.39,
            "roe": 3.13,
            "roe_4q": 8.71,
            "gross_profit": 88941,
            "gross_margin": 37.43,
            "gross_margin_4q_avg": 39.23,
            "net_income": 28055,
            "net_income_4q": null,
            "revenue": 237647,
            "revenue_4q": null,
            "common_shares": 362888,
            "book_valuer_per_share": 22.45,
            "book_valuer_per_share_4q_avg": 22.5,
            "equity": 914350,
            "current_ratio": 383.08,
            "debt_ratio": 21.89,
            "inventory_turnover_ratio": 2.01,
            "account_receivable_turnover_ratio": 1.26,
            "reinvestment_rate": -85.44,
            "research_to_sale_ratio": 0.65,
            "price_fair": 83.6,
            "eps_avg_yearly": 2.39,
            "eps_latest_yearly": 2.68,
            "eps_growth_yearly": 36.99
        },
        "20154": {
            "year_quarter": 20154,
            "year": 2015,
            "quarter": 4,
            "eps": 1.31,
            "eps_growth_year": 91.93,
            "eps_4q": 2.67,
            "eps_4q_growth_year": 39.5,
            "roe": 5.87,
            "roe_4q": 11.690000000000001,
            "gross_profit": 117215,
            "gross_margin": 44.41,
            "gross_margin_4q_avg": 40.34,
            "net_income": 54959,
            "net_income_4q": null,
            "revenue": 263917,
            "revenue_4q": null,
            "common_shares": 362888,
            "book_valuer_per_share": 23.54,
            "book_valuer_per_share_4q_avg": 22.7,
            "equity": 959675,
            "current_ratio": 355.22,
            "debt_ratio": 23.36,
            "inventory_turnover_ratio": 2.15,
            "account_receivable_turnover_ratio": 1.37,
            "reinvestment_rate": -73.94,
            "research_to_sale_ratio": 0.33,
            "price_fair": 91.7,
            "eps_avg_yearly": 2.62,
            "eps_latest_yearly": 5.24,
            "eps_growth_yearly": 78.71
        },
        "20161": {
            "year_quarter": 20161,
            "year": 2016,
            "quarter": 1,
            "eps": 0.66,
            "eps_growth_year": 57.14,
            "eps_4q": 2.91,
            "eps_4q_growth_year": 54.67,
            "roe": 2.74,
            "roe_4q": 12.86,
            "gross_profit": 109958,
            "gross_margin": 48.89,
            "gross_margin_4q_avg": 43.19,
            "net_income": 26460,
            "net_income_4q": null,
            "revenue": 224915,
            "revenue_4q": null,
            "common_shares": 362888,
            "book_valuer_per_share": 24.04,
            "book_valuer_per_share_4q_avg": 22.92,
            "equity": 971333,
            "current_ratio": 441.4,
            "debt_ratio": 19.16,
            "inventory_turnover_ratio": 1.77,
            "account_receivable_turnover_ratio": 1.39,
            "reinvestment_rate": -61.81,
            "research_to_sale_ratio": 0.61,
            "price_fair": 87.8,
            "eps_avg_yearly": 2.51,
            "eps_latest_yearly": 2.64,
            "eps_growth_yearly": 33.11
        },
        "20162": {
            "year_quarter": 20162,
            "year": 2016,
            "quarter": 2,
            "eps": 0.73,
            "eps_growth_year": 170.37,
            "eps_4q": 3.36,
            "eps_4q_growth_year": 51.41,
            "roe": 2.88,
            "roe_4q": 14.620000000000001,
            "gross_profit": 102824,
            "gross_margin": 33.61,
            "gross_margin_4q_avg": 41.09,
            "net_income": 27299,
            "net_income_4q": null,
            "revenue": 305964,
            "revenue_4q": null,
            "common_shares": 362888,
            "book_valuer_per_share": 22.8,
            "book_valuer_per_share_4q_avg": 23.21,
            "equity": 926192,
            "current_ratio": 260.45,
            "debt_ratio": 30.88,
            "inventory_turnover_ratio": 2.78,
            "account_receivable_turnover_ratio": 1.5,
            "reinvestment_rate": -50.02,
            "research_to_sale_ratio": 0.54,
            "price_fair": 90.8,
            "eps_avg_yearly": 2.59,
            "eps_latest_yearly": 2.92,
            "eps_growth_yearly": 53.01
        },
        "20163": {
            "year_quarter": 20163,
            "year": 2016,
            "quarter": 3,
            "eps": 0.51,
            "eps_growth_year": -23.88,
            "eps_4q": 3.2,
            "eps_4q_growth_year": 56.99,
            "roe": 2.31,
            "roe_4q": 13.8,
            "gross_profit": 84254,
            "gross_margin": 42.26,
            "gross_margin_4q_avg": 42.29,
            "net_income": 21457,
            "net_income_4q": null,
            "revenue": 199391,
            "revenue_4q": null,
            "common_shares": 362888,
            "book_valuer_per_share": 22.97,
            "book_valuer_per_share_4q_avg": 23.34,
            "equity": 934085,
            "current_ratio": 400.3,
            "debt_ratio": 19.88,
            "inventory_turnover_ratio": 1.59,
            "account_receivable_turnover_ratio": 0.82,
            "reinvestment_rate": -52.6,
            "research_to_sale_ratio": 0.89,
            "price_fair": 89.7,
            "eps_avg_yearly": 2.56,
            "eps_latest_yearly": 2.04,
            "eps_growth_yearly": 31.77
        },
        "20164": {
            "year_quarter": 20164,
            "year": 2016,
            "quarter": 4,
            "eps": 0.13,
            "eps_growth_year": -89.78,
            "eps_4q": 2.03,
            "eps_4q_growth_year": -23.91,
            "roe": 0.53,
            "roe_4q": 8.46,
            "gross_profit": 62795,
            "gross_margin": 35.24,
            "gross_margin_4q_avg": 40,
            "net_income": 4979,
            "net_income_4q": null,
            "revenue": 178204,
            "revenue_4q": null,
            "common_shares": 362888,
            "book_valuer_per_share": 23.13,
            "book_valuer_per_share_4q_avg": 23.24,
            "equity": 939699,
            "current_ratio": 375.03,
            "debt_ratio": 21.22,
            "inventory_turnover_ratio": 1.71,
            "account_receivable_turnover_ratio": 0.84,
            "reinvestment_rate": -62.02,
            "research_to_sale_ratio": 0.67,
            "price_fair": 59.12,
            "eps_avg_yearly": 2.45,
            "eps_latest_yearly": 0.52,
            "eps_growth_yearly": 14.17
        },
        "20171": {
            "year_quarter": 20171,
            "year": 2017,
            "quarter": 1,
            "eps": 0.04,
            "eps_growth_year": -93.94,
            "eps_4q": 1.41,
            "eps_4q_growth_year": -51.62,
            "roe": 0.29,
            "roe_4q": 6.01,
            "gross_profit": 72852,
            "gross_margin": 30.75,
            "gross_margin_4q_avg": 35.47,
            "net_income": 2739,
            "net_income_4q": null,
            "revenue": 236920,
            "revenue_4q": null,
            "common_shares": 362888,
            "book_valuer_per_share": 22.83,
            "book_valuer_per_share_4q_avg": 22.93,
            "equity": 919708,
            "current_ratio": 366.9,
            "debt_ratio": 21.77,
            "inventory_turnover_ratio": 2.34,
            "account_receivable_turnover_ratio": 1.21,
            "reinvestment_rate": 10.16,
            "research_to_sale_ratio": 0.5,
            "price_fair": 6.93,
            "eps_avg_yearly": 2.31,
            "eps_latest_yearly": 0.16,
            "eps_growth_yearly": -4.02
        },
        "20172": {
            "year_quarter": 20172,
            "year": 2017,
            "quarter": 2,
            "eps": 0.48,
            "eps_growth_year": -34.25,
            "eps_4q": 1.16,
            "eps_4q_growth_year": -65.41,
            "roe": 1.95,
            "roe_4q": 5.08,
            "gross_profit": 76911,
            "gross_margin": 33.32,
            "gross_margin_4q_avg": 35.39,
            "net_income": 17525,
            "net_income_4q": null,
            "revenue": 230857,
            "revenue_4q": null,
            "common_shares": 362888,
            "book_valuer_per_share": 21.55,
            "book_valuer_per_share_4q_avg": 22.62,
            "equity": 873820,
            "current_ratio": 335.06,
            "debt_ratio": 23.72,
            "inventory_turnover_ratio": 2.28,
            "account_receivable_turnover_ratio": 1.3,
            "reinvestment_rate": 9.92,
            "research_to_sale_ratio": 0.54,
            "price_fair": 81.6,
            "eps_avg_yearly": 2.33,
            "eps_latest_yearly": 1.92,
            "eps_growth_yearly": 315.87
        },
        "20173": {
            "year_quarter": 20173,
            "year": 2017,
            "quarter": 3,
            "eps": 0.12,
            "eps_growth_year": -76.47,
            "eps_4q": 0.77,
            "eps_4q_growth_year": -75.82,
            "roe": 0.59,
            "roe_4q": 3.3600000000000003,
            "gross_profit": 66620,
            "gross_margin": 48.25,
            "gross_margin_4q_avg": 36.89,
            "net_income": 5134,
            "net_income_4q": null,
            "revenue": 138064,
            "revenue_4q": null,
            "common_shares": 362888,
            "book_valuer_per_share": 21.71,
            "book_valuer_per_share_4q_avg": 22.31,
            "equity": 880968,
            "current_ratio": 529.55,
            "debt_ratio": 15.68,
            "inventory_turnover_ratio": 1.09,
            "account_receivable_turnover_ratio": 0.93,
            "reinvestment_rate": 8.1,
            "research_to_sale_ratio": 0.82,
            "price_fair": 74,
            "eps_avg_yearly": 2.11,
            "eps_latest_yearly": 0.48,
            "eps_growth_yearly": 261.69
        },
        "20174": {
            "year_quarter": 20174,
            "year": 2017,
            "quarter": 4,
            "eps": 0.03,
            "eps_growth_year": -74.54,
            "eps_4q": 0.68,
            "eps_4q_growth_year": -66.75,
            "roe": 0.08,
            "roe_4q": 2.91,
            "gross_profit": 60498,
            "gross_margin": 32.92,
            "gross_margin_4q_avg": 36.31,
            "net_income": 710,
            "net_income_4q": null,
            "revenue": 183761,
            "revenue_4q": null,
            "common_shares": 362888,
            "book_valuer_per_share": 21.58,
            "book_valuer_per_share_4q_avg": 21.92,
            "equity": 875542,
            "current_ratio": 443.03,
            "debt_ratio": 18.47,
            "inventory_turnover_ratio": 1.95,
            "account_receivable_turnover_ratio": 1.39,
            "reinvestment_rate": 5.57,
            "research_to_sale_ratio": 0.8,
            "price_fair": 65,
            "eps_avg_yearly": 1.86,
            "eps_latest_yearly": 0.12,
            "eps_growth_yearly": 238.63
        },
        "20181": {
            "year_quarter": 20181,
            "year": 2018,
            "quarter": 1,
            "eps": -0.21,
            "eps_growth_year": -625,
            "eps_4q": 0.43,
            "eps_4q_growth_year": -69.69,
            "roe": -1.05,
            "roe_4q": 1.5699999999999998,
            "gross_profit": 43990,
            "gross_margin": 33.96,
            "gross_margin_4q_avg": 37.11,
            "net_income": -8849,
            "net_income_4q": null,
            "revenue": 129517,
            "revenue_4q": null,
            "common_shares": 362888,
            "book_valuer_per_share": 21.35,
            "book_valuer_per_share_4q_avg": 21.55,
            "equity": 807875,
            "current_ratio": 398.59,
            "debt_ratio": 20.15,
            "inventory_turnover_ratio": 1.39,
            "account_receivable_turnover_ratio": 1,
            "reinvestment_rate": -14.55,
            "research_to_sale_ratio": 1.14,
            "price_fair": 65.15,
            "eps_avg_yearly": 1.86,
            "eps_latest_yearly": 0.12,
            "eps_growth_yearly": 272.87
        },
        "20182": {
            "year_quarter": 20182,
            "year": 2018,
            "quarter": 2,
            "eps": 0.74,
            "eps_growth_year": 54.17,
            "eps_4q": 0.69,
            "eps_4q_growth_year": -40.76,
            "roe": 3.34,
            "roe_4q": 2.96,
            "gross_profit": 97397,
            "gross_margin": 24.11,
            "gross_margin_4q_avg": 34.81,
            "net_income": 26704,
            "net_income_4q": null,
            "revenue": 403958,
            "revenue_4q": null,
            "common_shares": 362888,
            "book_valuer_per_share": 21.64,
            "book_valuer_per_share_4q_avg": 21.57,
            "equity": 790332,
            "current_ratio": 241.25,
            "debt_ratio": 32.72,
            "inventory_turnover_ratio": 4.93,
            "account_receivable_turnover_ratio": 2.45,
            "reinvestment_rate": -29.13,
            "research_to_sale_ratio": 0.4,
            "price_fair": 65.15,
            "eps_avg_yearly": 1.86,
            "eps_latest_yearly": 0.12,
            "eps_growth_yearly": 272.87
        },
        "20183": {
            "year_quarter": 20183,
            "year": 2018,
            "quarter": 3,
            "eps": 0.51,
            "eps_growth_year": 325,
            "eps_4q": 1.08,
            "eps_4q_growth_year": 39.28,
            "roe": 2.33,
            "roe_4q": 4.7,
            "gross_profit": 102336,
            "gross_margin": 34.12,
            "gross_margin_4q_avg": 31.28,
            "net_income": 18503,
            "net_income_4q": null,
            "revenue": 299888,
            "revenue_4q": null,
            "common_shares": 362888,
            "book_valuer_per_share": 21.96,
            "book_valuer_per_share_4q_avg": 21.63,
            "equity": 797382,
            "current_ratio": 358.11,
            "debt_ratio": 22.47,
            "inventory_turnover_ratio": 3.36,
            "account_receivable_turnover_ratio": 1.59,
            "reinvestment_rate": -29.55,
            "research_to_sale_ratio": 0.48,
            "price_fair": 65.6,
            "eps_avg_yearly": 1.87,
            "eps_latest_yearly": 2.04,
            "eps_growth_yearly": 244.5
        },
        "20184": {
            "year_quarter": 20184,
            "year": 2018,
            "quarter": 4,
            "eps": 0.59,
            "eps_growth_year": 1618.78,
            "eps_4q": 1.63,
            "eps_4q_growth_year": 141.53,
            "roe": 2.57,
            "roe_4q": 7.19,
            "gross_profit": 91443,
            "gross_margin": 30.16,
            "gross_margin_4q_avg": 30.59,
            "net_income": 20701,
            "net_income_4q": null,
            "revenue": 303212,
            "revenue_4q": null,
            "common_shares": 362888,
            "book_valuer_per_share": 22.44,
            "book_valuer_per_share_4q_avg": 21.85,
            "equity": 814691,
            "current_ratio": 342.81,
            "debt_ratio": 23.51,
            "inventory_turnover_ratio": 3.96,
            "account_receivable_turnover_ratio": 1.66,
            "reinvestment_rate": -27.15,
            "research_to_sale_ratio": 0.43,
            "price_fair": 64.7,
            "eps_avg_yearly": 1.85,
            "eps_latest_yearly": 2.36,
            "eps_growth_yearly": 254.7
        },
        "20191": {
            "year_quarter": 20191,
            "year": 2019,
            "quarter": 1,
            "eps": 0.47,
            "eps_growth_year": null,
            "eps_4q": 2.31,
            "eps_4q_growth_year": 441.5,
            "roe": 2.05,
            "roe_4q": 10.29,
            "gross_profit": 76721,
            "gross_margin": 30.08,
            "gross_margin_4q_avg": 29.62,
            "net_income": 16949,
            "net_income_4q": null,
            "revenue": 255076,
            "revenue_4q": null,
            "common_shares": 362888,
            "book_valuer_per_share": 23.11,
            "book_valuer_per_share_4q_avg": 22.29,
            "equity": 838937,
            "current_ratio": 282.02,
            "debt_ratio": 28.55,
            "inventory_turnover_ratio": 3.34,
            "account_receivable_turnover_ratio": 1.11,
            "reinvestment_rate": -26.29,
            "research_to_sale_ratio": 0.52,
            "price_fair": 65.2,
            "eps_avg_yearly": 1.86,
            "eps_latest_yearly": 1.88,
            "eps_growth_yearly": 259.81
        },
        "20192": {
            "year_quarter": 20192,
            "year": 2019,
            "quarter": 2,
            "eps": 0.93,
            "eps_growth_year": 25.68,
            "eps_4q": 2.49,
            "eps_4q_growth_year": 261.76,
            "roe": 4.07,
            "roe_4q": 11.02,
            "gross_profit": 116004,
            "gross_margin": 23.99,
            "gross_margin_4q_avg": 29.59,
            "net_income": 33728,
            "net_income_4q": null,
            "revenue": 483608,
            "revenue_4q": null,
            "common_shares": 362888,
            "book_valuer_per_share": 22.55,
            "book_valuer_per_share_4q_avg": 22.52,
            "equity": 818788,
            "current_ratio": 216.16,
            "debt_ratio": 36.56,
            "inventory_turnover_ratio": 6.15,
            "account_receivable_turnover_ratio": 1.46,
            "reinvestment_rate": -16.06,
            "research_to_sale_ratio": 0.29,
            "price_fair": 71.8,
            "eps_avg_yearly": 2.05,
            "eps_latest_yearly": 3.72,
            "eps_growth_yearly": 297.98
        },
        "20193": {
            "year_quarter": 20193,
            "year": 2019,
            "quarter": 3,
            "eps": 0.08,
            "eps_growth_year": -84.31,
            "eps_4q": 2.06,
            "eps_4q_growth_year": 91.37,
            "roe": 0.35,
            "roe_4q": 9.04,
            "gross_profit": 64741,
            "gross_margin": 38.85,
            "gross_margin_4q_avg": 30.77,
            "net_income": 2893,
            "net_income_4q": null,
            "revenue": 166627,
            "revenue_4q": null,
            "common_shares": 362888,
            "book_valuer_per_share": 22.59,
            "book_valuer_per_share_4q_avg": 22.67,
            "equity": 820187,
            "current_ratio": 289.65,
            "debt_ratio": 26.95,
            "inventory_turnover_ratio": 1.53,
            "account_receivable_turnover_ratio": 0.46,
            "reinvestment_rate": -11.12,
            "research_to_sale_ratio": 0.83,
            "price_fair": 65.9,
            "eps_avg_yearly": 1.88,
            "eps_latest_yearly": 0.32,
            "eps_growth_yearly": 229.54
        },
        "20194": {
            "year_quarter": 20194,
            "year": 2019,
            "quarter": 4,
            "eps": 0.63,
            "eps_growth_year": 7.09,
            "eps_4q": 2.11,
            "eps_4q_growth_year": 29.2,
            "roe": 2.75,
            "roe_4q": 9.219999999999999,
            "gross_profit": 83479,
            "gross_margin": 33.54,
            "gross_margin_4q_avg": 31.62,
            "net_income": 22632,
            "net_income_4q": null,
            "revenue": 248917,
            "revenue_4q": null,
            "common_shares": 362888,
            "book_valuer_per_share": 22.8,
            "book_valuer_per_share_4q_avg": 22.76,
            "equity": 827549,
            "current_ratio": 312.1,
            "debt_ratio": 25.79,
            "inventory_turnover_ratio": 2.4,
            "account_receivable_turnover_ratio": 1,
            "reinvestment_rate": -14.22,
            "research_to_sale_ratio": 0.55,
            "price_fair": 59.1,
            "eps_avg_yearly": 1.69,
            "eps_latest_yearly": 2.52,
            "eps_growth_yearly": 398.67
        },
        "20201": {
            "year_quarter": 20201,
            "year": 2020,
            "quarter": 1,
            "eps": 0.62,
            "eps_growth_year": 31.91,
            "eps_4q": 2.26,
            "eps_4q_growth_year": -2.17,
            "roe": 2.75,
            "roe_4q": 9.92,
            "gross_profit": 94948,
            "gross_margin": 24.64,
            "gross_margin_4q_avg": 30.26,
            "net_income": 23031,
            "net_income_4q": null,
            "revenue": 385404,
            "revenue_4q": null,
            "common_shares": 362888,
            "book_valuer_per_share": 23.27,
            "book_valuer_per_share_4q_avg": 22.8,
            "equity": 845041,
            "current_ratio": 275.14,
            "debt_ratio": 29.88,
            "inventory_turnover_ratio": 4.78,
            "account_receivable_turnover_ratio": 1.62,
            "reinvestment_rate": -19.75,
            "research_to_sale_ratio": 0.31,
            "price_fair": 58.7,
            "eps_avg_yearly": 1.68,
            "eps_latest_yearly": 2.48,
            "eps_growth_yearly": 412.39
        },
        "20202": {
            "year_quarter": 20202,
            "year": 2020,
            "quarter": 2,
            "eps": 1.51,
            "eps_growth_year": 62.37,
            "eps_4q": 2.84,
            "eps_4q_growth_year": 14.02,
            "roe": 6.52,
            "roe_4q": 12.37,
            "gross_profit": 133640,
            "gross_margin": 30.16,
            "gross_margin_4q_avg": 31.8,
            "net_income": 54976,
            "net_income_4q": null,
            "revenue": 443079,
            "revenue_4q": null,
            "common_shares": 362888,
            "book_valuer_per_share": 23.15,
            "book_valuer_per_share_4q_avg": 22.95,
            "equity": 840746,
            "current_ratio": 246.05,
            "debt_ratio": 33.51,
            "inventory_turnover_ratio": 5.77,
            "account_receivable_turnover_ratio": 1.34,
            "reinvestment_rate": -26.06,
            "research_to_sale_ratio": 0.26,
            "price_fair": 66.5,
            "eps_avg_yearly": 1.9,
            "eps_latest_yearly": 6.04,
            "eps_growth_yearly": 450.38
        },
        "20203": {
            "year_quarter": 20203,
            "year": 2020,
            "quarter": 3,
            "eps": 0.71,
            "eps_growth_year": 787.5,
            "eps_4q": 3.48,
            "eps_4q_growth_year": 68.46,
            "roe": 3.02,
            "roe_4q": 15.04,
            "gross_profit": 112840,
            "gross_margin": 45.4,
            "gross_margin_4q_avg": 33.44,
            "net_income": 25796,
            "net_income_4q": null,
            "revenue": 248527,
            "revenue_4q": null,
            "common_shares": 362888,
            "book_valuer_per_share": 23.86,
            "book_valuer_per_share_4q_avg": 23.27,
            "equity": 866308,
            "current_ratio": 341.86,
            "debt_ratio": 24.41,
            "inventory_turnover_ratio": 2.54,
            "account_receivable_turnover_ratio": 0.76,
            "reinvestment_rate": -31.77,
            "research_to_sale_ratio": 0.45,
            "price_fair": 68.5,
            "eps_avg_yearly": 1.96,
            "eps_latest_yearly": 2.84,
            "eps_growth_yearly": 443.85
        },
        "20204": {
            "year_quarter": 20204,
            "year": 2020,
            "quarter": 4,
            "eps": 2,
            "eps_growth_year": 219.57,
            "eps_4q": 4.86,
            "eps_4q_growth_year": 130.49,
            "roe": 8.07,
            "roe_4q": 20.36,
            "gross_profit": 157295,
            "gross_margin": 50.84,
            "gross_margin_4q_avg": 37.76,
            "net_income": 72838,
            "net_income_4q": null,
            "revenue": 309390,
            "revenue_4q": null,
            "common_shares": 362888,
            "book_valuer_per_share": 25.88,
            "book_valuer_per_share_4q_avg": 24.04,
            "equity": 939834,
            "current_ratio": 293.17,
            "debt_ratio": 28.79,
            "inventory_turnover_ratio": 2.22,
            "account_receivable_turnover_ratio": 1.29,
            "reinvestment_rate": -25.28,
            "research_to_sale_ratio": 0.34,
            "price_fair": 87.2,
            "eps_avg_yearly": 2.49,
            "eps_latest_yearly": 8,
            "eps_growth_yearly": 517.05
        },
        "20211": {
            "year_quarter": 20211,
            "year": 2021,
            "quarter": 1,
            "eps": 1.19,
            "eps_growth_year": 91.94,
            "eps_4q": 5.42,
            "eps_4q_growth_year": 139.77,
            "roe": 4.56,
            "roe_4q": 22.169999999999998,
            "gross_profit": 130776,
            "gross_margin": 32.43,
            "gross_margin_4q_avg": 39.71,
            "net_income": 43953,
            "net_income_4q": null,
            "revenue": 403197,
            "revenue_4q": null,
            "common_shares": 362888,
            "book_valuer_per_share": 27.17,
            "book_valuer_per_share_4q_avg": 25.02,
            "equity": 987350,
            "current_ratio": 309.4,
            "debt_ratio": 27.64,
            "inventory_turnover_ratio": 3.47,
            "account_receivable_turnover_ratio": 1.79,
            "reinvestment_rate": -20.44,
            "research_to_sale_ratio": 0.24,
            "price_fair": 98.7,
            "eps_avg_yearly": 2.82,
            "eps_latest_yearly": 4.76,
            "eps_growth_yearly": 525.26
        },
        "20212": {
            "year_quarter": 20212,
            "year": 2021,
            "quarter": 2,
            "eps": 1.45,
            "eps_growth_year": -3.97,
            "eps_4q": 5.36,
            "eps_4q_growth_year": 88.45,
            "roe": 5.68,
            "roe_4q": 21.33,
            "gross_profit": 135894,
            "gross_margin": 25.43,
            "gross_margin_4q_avg": 38.53,
            "net_income": 52851,
            "net_income_4q": null,
            "revenue": 534420,
            "revenue_4q": null,
            "common_shares": 362888,
            "book_valuer_per_share": 24.09,
            "book_valuer_per_share_4q_avg": 25.25,
            "equity": 874166,
            "current_ratio": 189.34,
            "debt_ratio": 44.84,
            "inventory_turnover_ratio": 4.1,
            "account_receivable_turnover_ratio": 1.69,
            "reinvestment_rate": -17.99,
            "research_to_sale_ratio": 0.22,
            "price_fair": 108.4,
            "eps_avg_yearly": 3.1,
            "eps_latest_yearly": 5.8,
            "eps_growth_yearly": 217.22
        },
        "20213": {
            "year_quarter": 20213,
            "year": 2021,
            "quarter": 3,
            "eps": 2.35,
            "eps_growth_year": 230.99,
            "eps_4q": 7,
            "eps_4q_growth_year": 101.14,
            "roe": 9.31,
            "roe_4q": 27.62,
            "gross_profit": 212603,
            "gross_margin": 34.79,
            "gross_margin_4q_avg": 35.87,
            "net_income": 85339,
            "net_income_4q": null,
            "revenue": 611163,
            "revenue_4q": null,
            "common_shares": 362888,
            "book_valuer_per_share": 26.42,
            "book_valuer_per_share_4q_avg": 25.89,
            "equity": 958838,
            "current_ratio": 217.6,
            "debt_ratio": 39.21,
            "inventory_turnover_ratio": 3.41,
            "account_receivable_turnover_ratio": 1.43,
            "reinvestment_rate": -15.44,
            "research_to_sale_ratio": 0.19,
            "price_fair": 130.7,
            "eps_avg_yearly": 3.73,
            "eps_latest_yearly": 9.4,
            "eps_growth_yearly": 256.38
        },
        "20214": {
            "year_quarter": 20214,
            "year": 2021,
            "quarter": 4,
            "eps": 2.42,
            "eps_growth_year": 20.83,
            "eps_4q": 7.41,
            "eps_4q_growth_year": 52.71,
            "roe": 8.78,
            "roe_4q": 28.33,
            "gross_profit": 213036,
            "gross_margin": 44.88,
            "gross_margin_4q_avg": 34.38,
            "net_income": 87854,
            "net_income_4q": null,
            "revenue": 474683,
            "revenue_4q": null,
            "common_shares": 362888,
            "book_valuer_per_share": 28.71,
            "book_valuer_per_share_4q_avg": 26.6,
            "equity": 1041864,
            "current_ratio": 207.57,
            "debt_ratio": 41.06,
            "inventory_turnover_ratio": 2.4,
            "account_receivable_turnover_ratio": 1.14,
            "reinvestment_rate": -5.39,
            "research_to_sale_ratio": 0.23,
            "price_fair": 154.6,
            "eps_avg_yearly": 4.42,
            "eps_latest_yearly": 9.68,
            "eps_growth_yearly": 278.66
        },
        "20221": {
            "year_quarter": 20221,
            "year": 2022,
            "quarter": 1,
            "eps": 3.44,
            "eps_growth_year": 189.08,
            "eps_4q": 9.67,
            "eps_4q_growth_year": 78.29,
            "roe": 12.59,
            "roe_4q": 36.36,
            "gross_profit": 257671,
            "gross_margin": 43.45,
            "gross_margin_4q_avg": 37.14,
            "net_income": 124848,
            "net_income_4q": null,
            "revenue": 593022,
            "revenue_4q": null,
            "common_shares": 362888,
            "book_valuer_per_share": 25.94,
            "book_valuer_per_share_4q_avg": 26.29,
            "equity": 941402,
            "current_ratio": 167.13,
            "debt_ratio": 51.36,
            "inventory_turnover_ratio": 3.2,
            "account_receivable_turnover_ratio": 1.75,
            "reinvestment_rate": 2.47,
            "research_to_sale_ratio": 0.17,
            "price_fair": 176.4,
            "eps_avg_yearly": 5.04,
            "eps_latest_yearly": 13.76,
            "eps_growth_yearly": 271.32
        },
        "20222": {
            "year_quarter": 20222,
            "year": 2022,
            "quarter": 2,
            "eps": 3.31,
            "eps_growth_year": 128.28,
            "eps_4q": 11.53,
            "eps_4q_growth_year": 115.05,
            "roe": 12.02,
            "roe_4q": 42.7,
            "gross_profit": 252417,
            "gross_margin": 27.79,
            "gross_margin_4q_avg": 37.73,
            "net_income": 120272,
            "net_income_4q": null,
            "revenue": 908370,
            "revenue_4q": null,
            "common_shares": 362888,
            "book_valuer_per_share": 29.23,
            "book_valuer_per_share_4q_avg": 27.58,
            "equity": 1060592,
            "current_ratio": 172.14,
            "debt_ratio": 50.31,
            "inventory_turnover_ratio": 4.68,
            "account_receivable_turnover_ratio": 2,
            "reinvestment_rate": 4.39,
            "research_to_sale_ratio": 0.11,
            "price_fair": 194.34,
            "eps_avg_yearly": 5.55,
            "eps_latest_yearly": 13.24,
            "eps_growth_yearly": 253.42
        },
        "20223": {
            "year_quarter": 20223,
            "year": 2022,
            "quarter": 3,
            "eps": 3.38,
            "eps_growth_year": 43.83,
            "eps_4q": 12.56,
            "eps_4q_growth_year": 79.5,
            "roe": 10.93,
            "roe_4q": 44.32,
            "gross_profit": 241838,
            "gross_margin": 42.74,
            "gross_margin_4q_avg": 39.72,
            "net_income": 122798,
            "net_income_4q": null,
            "revenue": 565875,
            "revenue_4q": null,
            "common_shares": 362888,
            "book_valuer_per_share": 32.71,
            "book_valuer_per_share_4q_avg": 29.15,
            "equity": 1186987,
            "current_ratio": 219.12,
            "debt_ratio": 39.46,
            "inventory_turnover_ratio": 2.32,
            "account_receivable_turnover_ratio": 1.19,
            "reinvestment_rate": 4.17,
            "research_to_sale_ratio": 0.14,
            "price_fair": 219.45,
            "eps_avg_yearly": 6.27,
            "eps_latest_yearly": 13.52,
            "eps_growth_yearly": 261.72
        },
        "20224": {
            "year_quarter": 20224,
            "year": 2022,
            "quarter": 4,
            "eps": 0.76,
            "eps_growth_year": -68.57,
            "eps_4q": 3.3,
            "eps_4q_growth_year": -55.55,
            "roe": 8.88,
            "roe_4q": 44.42,
            "gross_profit": 234116,
            "gross_margin": 47,
            "gross_margin_4q_avg": 40.25,
            "net_income": 110466,
            "net_income_4q": null,
            "revenue": 498112,
            "revenue_4q": null,
            "common_shares": 362888,
            "book_valuer_per_share": 8.96,
            "book_valuer_per_share_4q_avg": 24.21,
            "equity": 1299944,
            "current_ratio": 228.24,
            "debt_ratio": 37.91,
            "inventory_turnover_ratio": 1.99,
            "account_receivable_turnover_ratio": 1.42,
            "reinvestment_rate": 4.41,
            "research_to_sale_ratio": 0.13,
            "price_fair": 220.94,
            "eps_avg_yearly": 6.31,
            "eps_latest_yearly": 3.04,
            "eps_growth_yearly": 238.42
        },
        "20231": {
            "year_quarter": 20231,
            "year": 2023,
            "quarter": 1,
            "eps": 0.4,
            "eps_growth_year": -88.37,
            "eps_4q": 2.84,
            "eps_4q_growth_year": -70.63,
            "roe": 5.26,
            "roe_4q": 37.09,
            "gross_profit": 139233,
            "gross_margin": 28.53,
            "gross_margin_4q_avg": 36.52,
            "net_income": 58516,
            "net_income_4q": null,
            "revenue": 487981,
            "revenue_4q": null,
            "common_shares": 362888,
            "book_valuer_per_share": 6.36,
            "book_valuer_per_share_4q_avg": 19.32,
            "equity": 923690,
            "current_ratio": 156.27,
            "debt_ratio": 54.04,
            "inventory_turnover_ratio": 2.58,
            "account_receivable_turnover_ratio": 1.53,
            "reinvestment_rate": 3.97,
            "research_to_sale_ratio": 0.14,
            "price_fair": 220.33,
            "eps_avg_yearly": 6.3,
            "eps_latest_yearly": 1.6,
            "eps_growth_yearly": 231.66
        },
        "20232": {
            "year_quarter": 20232,
            "year": 2023,
            "quarter": 2,
            "eps": 0.68,
            "eps_growth_year": -79.46,
            "eps_4q": 2.69,
            "eps_4q_growth_year": -76.65,
            "roe": 10.17,
            "roe_4q": 35.24,
            "gross_profit": 221600,
            "gross_margin": 39.66,
            "gross_margin_4q_avg": 39.48,
            "net_income": 98851,
            "net_income_4q": null,
            "revenue": 558801,
            "revenue_4q": null,
            "common_shares": 362888,
            "book_valuer_per_share": 7.03,
            "book_valuer_per_share_4q_avg": 13.77,
            "equity": 1020095,
            "current_ratio": 171.09,
            "debt_ratio": 49.6,
            "inventory_turnover_ratio": 3.05,
            "account_receivable_turnover_ratio": 1.72,
            "reinvestment_rate": 1.54,
            "research_to_sale_ratio": 0.15,
            "price_fair": 218.14,
            "eps_avg_yearly": 6.23,
            "eps_latest_yearly": 2.72,
            "eps_growth_yearly": 224.69
        },
        "20233": {
            "year_quarter": 20233,
            "year": 2023,
            "quarter": 3,
            "eps": 0.48,
            "eps_growth_year": -85.8,
            "eps_4q": 2.32,
            "eps_4q_growth_year": -81.5,
            "roe": 6.57,
            "roe_4q": 30.880000000000003,
            "gross_profit": 156525,
            "gross_margin": 44.53,
            "gross_margin_4q_avg": 39.93,
            "net_income": 69495,
            "net_income_4q": null,
            "revenue": 351492,
            "revenue_4q": null,
            "common_shares": 362888,
            "book_valuer_per_share": 7.56,
            "book_valuer_per_share_4q_avg": 7.48,
            "equity": 1096748,
            "current_ratio": 259.21,
            "debt_ratio": 31.93,
            "inventory_turnover_ratio": 1.84,
            "account_receivable_turnover_ratio": 1.24,
            "reinvestment_rate": 0.89,
            "research_to_sale_ratio": 0.26,
            "price_fair": 221.64,
            "eps_avg_yearly": 6.33,
            "eps_latest_yearly": 1.92,
            "eps_growth_yearly": 240.19
        }
    },
    "months": {
        "2003-10": {
            "month": "2003-10",
            "price": "46.00",
            "revenue": 36624
        },
        "2003-12": {
            "month": "2003-12",
            "price": "45.68",
            "revenue": 34319
        },
        "2004-01": {
            "month": "2004-01",
            "price": "41.99",
            "revenue": 29109
        },
        "2004-02": {
            "month": "2004-02",
            "price": "42.12",
            "revenue": 55214
        },
        "2004-03": {
            "month": "2004-03",
            "price": "42.34",
            "revenue": 80636
        },
        "2004-04": {
            "month": "2004-04",
            "price": "44.33",
            "revenue": 54395
        },
        "2004-05": {
            "month": "2004-05",
            "price": "46.55",
            "revenue": 40207
        },
        "2004-06": {
            "month": "2004-06",
            "price": "43.97",
            "revenue": 38430
        },
        "2004-07": {
            "month": "2004-07",
            "price": "44.11",
            "revenue": 79506
        },
        "2004-08": {
            "month": "2004-08",
            "price": "41.82",
            "revenue": 36779
        },
        "2004-09": {
            "month": "2004-09",
            "price": "37.67",
            "revenue": 24382
        },
        "2004-10": {
            "month": "2004-10",
            "price": "38.35",
            "revenue": 75721
        },
        "2004-11": {
            "month": "2004-11",
            "price": "41.33",
            "revenue": 83533
        },
        "2004-12": {
            "month": "2004-12",
            "price": "42.36",
            "revenue": 40824
        },
        "2005-01": {
            "month": "2005-01",
            "price": "43.81",
            "revenue": 68498
        },
        "2005-02": {
            "month": "2005-02",
            "price": "48.69",
            "revenue": 40311
        },
        "2005-03": {
            "month": "2005-03",
            "price": "55.94",
            "revenue": 53007
        },
        "2005-04": {
            "month": "2005-04",
            "price": "55.70",
            "revenue": 52692
        },
        "2005-05": {
            "month": "2005-05",
            "price": "63.87",
            "revenue": 85291
        },
        "2005-06": {
            "month": "2005-06",
            "price": "74.27",
            "revenue": 65656
        },
        "2005-07": {
            "month": "2005-07",
            "price": "82.43",
            "revenue": 70897
        },
        "2005-08": {
            "month": "2005-08",
            "price": "77.56",
            "revenue": 70982
        },
        "2005-09": {
            "month": "2005-09",
            "price": "76.63",
            "revenue": 70211
        },
        "2005-10": {
            "month": "2005-10",
            "price": "73.46",
            "revenue": 59290
        },
        "2005-11": {
            "month": "2005-11",
            "price": "74.46",
            "revenue": 53631
        },
        "2005-12": {
            "month": "2005-12",
            "price": "77.44",
            "revenue": 64027
        },
        "2006-01": {
            "month": "2006-01",
            "price": "87.38",
            "revenue": 83875
        },
        "2006-02": {
            "month": "2006-02",
            "price": "86.32",
            "revenue": 52798
        },
        "2006-03": {
            "month": "2006-03",
            "price": "88.25",
            "revenue": 71518
        },
        "2006-04": {
            "month": "2006-04",
            "price": "93.95",
            "revenue": 69781
        },
        "2006-05": {
            "month": "2006-05",
            "price": "89.43",
            "revenue": 67891
        },
        "2006-06": {
            "month": "2006-06",
            "price": "80.41",
            "revenue": 54312
        },
        "2006-07": {
            "month": "2006-07",
            "price": "76.61",
            "revenue": 62474
        },
        "2006-08": {
            "month": "2006-08",
            "price": "64.72",
            "revenue": 55789
        },
        "2006-09": {
            "month": "2006-09",
            "price": "64.26",
            "revenue": 43078
        },
        "2006-10": {
            "month": "2006-10",
            "price": "62.98",
            "revenue": 55901
        },
        "2006-11": {
            "month": "2006-11",
            "price": "62.86",
            "revenue": 46662
        },
        "2006-12": {
            "month": "2006-12",
            "price": "72.21",
            "revenue": 53876
        },
        "2007-01": {
            "month": "2007-01",
            "price": "69.75",
            "revenue": 34282
        },
        "2007-02": {
            "month": "2007-02",
            "price": "70.82",
            "revenue": 30325
        },
        "2007-03": {
            "month": "2007-03",
            "price": "65.88",
            "revenue": 39089
        },
        "2007-04": {
            "month": "2007-04",
            "price": "68.72",
            "revenue": 39665
        },
        "2007-05": {
            "month": "2007-05",
            "price": "67.35",
            "revenue": 35481
        },
        "2007-06": {
            "month": "2007-06",
            "price": "73.50",
            "revenue": 42965
        },
        "2007-07": {
            "month": "2007-07",
            "price": "81.20",
            "revenue": 59780
        },
        "2007-08": {
            "month": "2007-08",
            "price": "64.80",
            "revenue": 33792
        },
        "2007-09": {
            "month": "2007-09",
            "price": "54.38",
            "revenue": 49594
        },
        "2007-10": {
            "month": "2007-10",
            "price": "55.85",
            "revenue": 60906
        },
        "2007-11": {
            "month": "2007-11",
            "price": "53.10",
            "revenue": 52634
        },
        "2007-12": {
            "month": "2007-12",
            "price": "48.45",
            "revenue": 58264
        },
        "2008-01": {
            "month": "2008-01",
            "price": "43.45",
            "revenue": 75911
        },
        "2008-02": {
            "month": "2008-02",
            "price": "42.32",
            "revenue": 58323
        },
        "2008-03": {
            "month": "2008-03",
            "price": "48.42",
            "revenue": 52457
        },
        "2008-04": {
            "month": "2008-04",
            "price": "51.28",
            "revenue": 36228
        },
        "2008-05": {
            "month": "2008-05",
            "price": "66.37",
            "revenue": 58347
        },
        "2008-06": {
            "month": "2008-06",
            "price": "64.75",
            "revenue": 115484
        },
        "2008-07": {
            "month": "2008-07",
            "price": "66.96",
            "revenue": 73605
        },
        "2008-08": {
            "month": "2008-08",
            "price": "68.74",
            "revenue": 94034
        },
        "2008-09": {
            "month": "2008-09",
            "price": "55.94",
            "revenue": 86256
        },
        "2008-10": {
            "month": "2008-10",
            "price": "55.34",
            "revenue": 69767
        },
        "2008-11": {
            "month": "2008-11",
            "price": "55.12",
            "revenue": 31371
        },
        "2008-12": {
            "month": "2008-12",
            "price": "47.86",
            "revenue": 27339
        },
        "2009-01": {
            "month": "2009-01",
            "price": "45.80",
            "revenue": 33771
        },
        "2009-02": {
            "month": "2009-02",
            "price": "44.49",
            "revenue": 23342
        },
        "2009-03": {
            "month": "2009-03",
            "price": "49.10",
            "revenue": 25690
        },
        "2009-04": {
            "month": "2009-04",
            "price": "54.67",
            "revenue": 21583
        },
        "2009-05": {
            "month": "2009-05",
            "price": "57.43",
            "revenue": 25914
        },
        "2009-06": {
            "month": "2009-06",
            "price": "55.23",
            "revenue": 38831
        },
        "2009-07": {
            "month": "2009-07",
            "price": "56.09",
            "revenue": 64539
        },
        "2009-08": {
            "month": "2009-08",
            "price": "49.47",
            "revenue": 32762
        },
        "2009-09": {
            "month": "2009-09",
            "price": "47.20",
            "revenue": 50364
        },
        "2009-10": {
            "month": "2009-10",
            "price": "47.85",
            "revenue": 55183
        },
        "2009-11": {
            "month": "2009-11",
            "price": "48.18",
            "revenue": 59625
        },
        "2009-12": {
            "month": "2009-12",
            "price": "51.84",
            "revenue": 51639
        },
        "2010-01": {
            "month": "2010-01",
            "price": "53.79",
            "revenue": 32944
        },
        "2010-02": {
            "month": "2010-02",
            "price": "51.99",
            "revenue": 55007
        },
        "2010-03": {
            "month": "2010-03",
            "price": "54.58",
            "revenue": 81331
        },
        "2010-04": {
            "month": "2010-04",
            "price": "56.43",
            "revenue": 139116
        },
        "2010-05": {
            "month": "2010-05",
            "price": "56.59",
            "revenue": 90413
        },
        "2010-06": {
            "month": "2010-06",
            "price": "58.10",
            "revenue": 94556
        },
        "2010-07": {
            "month": "2010-07",
            "price": "59.41",
            "revenue": 114633
        },
        "2010-08": {
            "month": "2010-08",
            "price": "65.86",
            "revenue": 82882
        },
        "2010-09": {
            "month": "2010-09",
            "price": "67.24",
            "revenue": 118012
        },
        "2010-10": {
            "month": "2010-10",
            "price": "68.94",
            "revenue": 118183
        },
        "2010-11": {
            "month": "2010-11",
            "price": "71.89",
            "revenue": 77550
        },
        "2010-12": {
            "month": "2010-12",
            "price": "71.26",
            "revenue": 52260
        },
        "2011-01": {
            "month": "2011-01",
            "price": "69.44",
            "revenue": 50165
        },
        "2011-02": {
            "month": "2011-02",
            "price": "69.15",
            "revenue": 35838
        },
        "2011-03": {
            "month": "2011-03",
            "price": "68.39",
            "revenue": 59560
        },
        "2011-04": {
            "month": "2011-04",
            "price": "68.22",
            "revenue": 76218
        },
        "2011-05": {
            "month": "2011-05",
            "price": "66.31",
            "revenue": 48912
        },
        "2011-06": {
            "month": "2011-06",
            "price": "64.54",
            "revenue": 51184
        },
        "2011-07": {
            "month": "2011-07",
            "price": "55.73",
            "revenue": 69085
        },
        "2011-08": {
            "month": "2011-08",
            "price": "46.42",
            "revenue": 72201
        },
        "2011-09": {
            "month": "2011-09",
            "price": "46.61",
            "revenue": 43695
        },
        "2011-10": {
            "month": "2011-10",
            "price": "44.70",
            "revenue": 41425
        },
        "2011-11": {
            "month": "2011-11",
            "price": "42.92",
            "revenue": 44892
        },
        "2011-12": {
            "month": "2011-12",
            "price": "40.92",
            "revenue": 56017
        },
        "2012-01": {
            "month": "2012-01",
            "price": "40.93",
            "revenue": 56178
        },
        "2012-02": {
            "month": "2012-02",
            "price": "46.98",
            "revenue": 64492
        },
        "2012-03": {
            "month": "2012-03",
            "price": "50.93",
            "revenue": 49943
        },
        "2012-04": {
            "month": "2012-04",
            "price": "47.12",
            "revenue": 60375
        },
        "2012-05": {
            "month": "2012-05",
            "price": "46.72",
            "revenue": 64774
        },
        "2012-06": {
            "month": "2012-06",
            "price": "46.00",
            "revenue": 44509
        },
        "2012-07": {
            "month": "2012-07",
            "price": "43.51",
            "revenue": 80427
        },
        "2012-08": {
            "month": "2012-08",
            "price": "45.16",
            "revenue": 76139
        },
        "2012-09": {
            "month": "2012-09",
            "price": "45.81",
            "revenue": 74891
        },
        "2012-10": {
            "month": "2012-10",
            "price": "45.45",
            "revenue": 51630
        },
        "2012-11": {
            "month": "2012-11",
            "price": "41.72",
            "revenue": 46429
        },
        "2012-12": {
            "month": "2012-12",
            "price": "42.62",
            "revenue": 61103
        },
        "2013-01": {
            "month": "2013-01",
            "price": "42.44",
            "revenue": 90221
        },
        "2013-02": {
            "month": "2013-02",
            "price": "43.01",
            "revenue": 55563
        },
        "2013-03": {
            "month": "2013-03",
            "price": "43.52",
            "revenue": 77692
        },
        "2013-04": {
            "month": "2013-04",
            "price": "43.02",
            "revenue": 57452
        },
        "2013-05": {
            "month": "2013-05",
            "price": "43.72",
            "revenue": 80058
        },
        "2013-06": {
            "month": "2013-06",
            "price": "43.37",
            "revenue": 79428
        },
        "2013-07": {
            "month": "2013-07",
            "price": "41.94",
            "revenue": 82974
        },
        "2013-08": {
            "month": "2013-08",
            "price": "40.94",
            "revenue": 76755
        },
        "2013-09": {
            "month": "2013-09",
            "price": "41.16",
            "revenue": 87212
        },
        "2013-10": {
            "month": "2013-10",
            "price": "40.31",
            "revenue": 71833
        },
        "2013-11": {
            "month": "2013-11",
            "price": "39.92",
            "revenue": 77074
        },
        "2013-12": {
            "month": "2013-12",
            "price": "41.06",
            "revenue": 104135
        },
        "2014-01": {
            "month": "2014-01",
            "price": "43.44",
            "revenue": 48450
        },
        "2014-02": {
            "month": "2014-02",
            "price": "44.30",
            "revenue": 64757
        },
        "2014-03": {
            "month": "2014-03",
            "price": "44.09",
            "revenue": 111935
        },
        "2014-04": {
            "month": "2014-04",
            "price": "45.88",
            "revenue": 57173
        },
        "2014-05": {
            "month": "2014-05",
            "price": "46.20",
            "revenue": 82377
        },
        "2014-06": {
            "month": "2014-06",
            "price": "44.46",
            "revenue": 78325
        },
        "2014-07": {
            "month": "2014-07",
            "price": "42.89",
            "revenue": 61795
        },
        "2014-08": {
            "month": "2014-08",
            "price": "40.17",
            "revenue": 77121
        },
        "2014-09": {
            "month": "2014-09",
            "price": "39.19",
            "revenue": 102017
        },
        "2014-10": {
            "month": "2014-10",
            "price": "39.20",
            "revenue": 73683
        },
        "2014-11": {
            "month": "2014-11",
            "price": "38.55",
            "revenue": 51435
        },
        "2014-12": {
            "month": "2014-12",
            "price": "38.24",
            "revenue": 109111
        },
        "2015-01": {
            "month": "2015-01",
            "price": "38.78",
            "revenue": 81562
        },
        "2015-02": {
            "month": "2015-02",
            "price": "38.42",
            "revenue": 78789
        },
        "2015-03": {
            "month": "2015-03",
            "price": "39.21",
            "revenue": 70319
        },
        "2015-04": {
            "month": "2015-04",
            "price": "40.76",
            "revenue": 53409
        },
        "2015-05": {
            "month": "2015-05",
            "price": "38.76",
            "revenue": 56261
        },
        "2015-06": {
            "month": "2015-06",
            "price": "37.81",
            "revenue": 77248
        },
        "2015-07": {
            "month": "2015-07",
            "price": "33.58",
            "revenue": 104066
        },
        "2015-08": {
            "month": "2015-08",
            "price": "28.07",
            "revenue": 67171
        },
        "2015-09": {
            "month": "2015-09",
            "price": "27.73",
            "revenue": 66051
        },
        "2015-10": {
            "month": "2015-10",
            "price": "27.87",
            "revenue": 104783
        },
        "2015-11": {
            "month": "2015-11",
            "price": "29.02",
            "revenue": 91525
        },
        "2015-12": {
            "month": "2015-12",
            "price": "28.90",
            "revenue": 67973
        },
        "2016-01": {
            "month": "2016-01",
            "price": "27.53",
            "revenue": 64891
        },
        "2016-02": {
            "month": "2016-02",
            "price": "28.04",
            "revenue": 95711
        },
        "2016-03": {
            "month": "2016-03",
            "price": "29.65",
            "revenue": 64398
        },
        "2016-04": {
            "month": "2016-04",
            "price": "32.31",
            "revenue": 53165
        },
        "2016-05": {
            "month": "2016-05",
            "price": "31.74",
            "revenue": 80994
        },
        "2016-06": {
            "month": "2016-06",
            "price": "32.63",
            "revenue": 171720
        },
        "2016-07": {
            "month": "2016-07",
            "price": "36.06",
            "revenue": 72755
        },
        "2016-08": {
            "month": "2016-08",
            "price": "35.99",
            "revenue": 82029
        },
        "2016-09": {
            "month": "2016-09",
            "price": "34.50",
            "revenue": 44607
        },
        "2016-10": {
            "month": "2016-10",
            "price": "32.48",
            "revenue": 72543
        },
        "2016-11": {
            "month": "2016-11",
            "price": "31.39",
            "revenue": 46087
        },
        "2016-12": {
            "month": "2016-12",
            "price": "31.48",
            "revenue": 59973
        },
        "2017-01": {
            "month": "2017-01",
            "price": "31.61",
            "revenue": 54993
        },
        "2017-02": {
            "month": "2017-02",
            "price": "32.99",
            "revenue": 98937
        },
        "2017-03": {
            "month": "2017-03",
            "price": "33.63",
            "revenue": 82990
        },
        "2017-04": {
            "month": "2017-04",
            "price": "33.16",
            "revenue": 84160
        },
        "2017-05": {
            "month": "2017-05",
            "price": "32.36",
            "revenue": 58252
        },
        "2017-06": {
            "month": "2017-06",
            "price": "32.53",
            "revenue": 88444
        },
        "2017-07": {
            "month": "2017-07",
            "price": "30.55",
            "revenue": 56849
        },
        "2017-08": {
            "month": "2017-08",
            "price": "30.28",
            "revenue": 39000
        },
        "2017-09": {
            "month": "2017-09",
            "price": "29.80",
            "revenue": 41994
        },
        "2017-10": {
            "month": "2017-10",
            "price": "29.21",
            "revenue": 96928
        },
        "2017-11": {
            "month": "2017-11",
            "price": "29.22",
            "revenue": 51850
        },
        "2017-12": {
            "month": "2017-12",
            "price": "28.79",
            "revenue": 35205
        },
        "2018-01": {
            "month": "2018-01",
            "price": "28.34",
            "revenue": 40700
        },
        "2018-02": {
            "month": "2018-02",
            "price": "27.88",
            "revenue": 43393
        },
        "2018-03": {
            "month": "2018-03",
            "price": "27.28",
            "revenue": 45424
        },
        "2018-04": {
            "month": "2018-04",
            "price": "26.71",
            "revenue": 93017
        },
        "2018-05": {
            "month": "2018-05",
            "price": "25.80",
            "revenue": 161697
        },
        "2018-06": {
            "month": "2018-06",
            "price": "25.76",
            "revenue": 149255
        },
        "2018-07": {
            "month": "2018-07",
            "price": "25.55",
            "revenue": 138765
        },
        "2018-08": {
            "month": "2018-08",
            "price": "25.42",
            "revenue": 104667
        },
        "2018-09": {
            "month": "2018-09",
            "price": "25.30",
            "revenue": 50035
        },
        "2018-10": {
            "month": "2018-10",
            "price": "25.47",
            "revenue": 97365
        },
        "2018-11": {
            "month": "2018-11",
            "price": "25.55",
            "revenue": 103171
        },
        "2018-12": {
            "month": "2018-12",
            "price": "26.06",
            "revenue": 109087
        },
        "2019-01": {
            "month": "2019-01",
            "price": "26.65",
            "revenue": 40004
        },
        "2019-02": {
            "month": "2019-02",
            "price": "25.88",
            "revenue": 47133
        },
        "2019-03": {
            "month": "2019-03",
            "price": "26.08",
            "revenue": 167939
        },
        "2019-04": {
            "month": "2019-04",
            "price": "27.94",
            "revenue": 129286
        },
        "2019-05": {
            "month": "2019-05",
            "price": "28.09",
            "revenue": 164933
        },
        "2019-06": {
            "month": "2019-06",
            "price": "27.93",
            "revenue": 189389
        },
        "2019-07": {
            "month": "2019-07",
            "price": "28.89",
            "revenue": 65900
        },
        "2019-08": {
            "month": "2019-08",
            "price": "29.52",
            "revenue": 50454
        },
        "2019-09": {
            "month": "2019-09",
            "price": "28.35",
            "revenue": 50273
        },
        "2019-10": {
            "month": "2019-10",
            "price": "27.92",
            "revenue": 77773
        },
        "2019-11": {
            "month": "2019-11",
            "price": "27.25",
            "revenue": 102392
        },
        "2019-12": {
            "month": "2019-12",
            "price": "26.85",
            "revenue": 68752
        },
        "2020-01": {
            "month": "2020-01",
            "price": "26.46",
            "revenue": 101871
        },
        "2020-02": {
            "month": "2020-02",
            "price": "27.00",
            "revenue": 70288
        },
        "2020-03": {
            "month": "2020-03",
            "price": "25.37",
            "revenue": 213245
        },
        "2020-04": {
            "month": "2020-04",
            "price": "26.88",
            "revenue": 173900
        },
        "2020-05": {
            "month": "2020-05",
            "price": "29.35",
            "revenue": 160293
        },
        "2020-06": {
            "month": "2020-06",
            "price": "29.84",
            "revenue": 108914
        },
        "2020-07": {
            "month": "2020-07",
            "price": "28.38",
            "revenue": 108123
        },
        "2020-08": {
            "month": "2020-08",
            "price": "32.18",
            "revenue": 65145
        },
        "2020-09": {
            "month": "2020-09",
            "price": "36.20",
            "revenue": 75230
        },
        "2020-10": {
            "month": "2020-10",
            "price": "34.74",
            "revenue": 72269
        },
        "2020-11": {
            "month": "2020-11",
            "price": "36.18",
            "revenue": 114156
        },
        "2020-12": {
            "month": "2020-12",
            "price": "37.58",
            "revenue": 122790
        },
        "2021-01": {
            "month": "2021-01",
            "price": "38.23",
            "revenue": 131282
        },
        "2021-02": {
            "month": "2021-02",
            "price": "38.38",
            "revenue": 115768
        },
        "2021-03": {
            "month": "2021-03",
            "price": "43.94",
            "revenue": 156146
        },
        "2021-04": {
            "month": "2021-04",
            "price": "65.78",
            "revenue": 162214
        },
        "2021-05": {
            "month": "2021-05",
            "price": "56.55",
            "revenue": 210912
        },
        "2021-06": {
            "month": "2021-06",
            "price": "62.74",
            "revenue": 161293
        },
        "2021-07": {
            "month": "2021-07",
            "price": "68.86",
            "revenue": 301622
        },
        "2021-08": {
            "month": "2021-08",
            "price": "74.18",
            "revenue": 159556
        },
        "2021-09": {
            "month": "2021-09",
            "price": "79.20",
            "revenue": 150013
        },
        "2021-10": {
            "month": "2021-10",
            "price": "77.94",
            "revenue": 103110
        },
        "2021-11": {
            "month": "2021-11",
            "price": "79.16",
            "revenue": 160276
        },
        "2021-12": {
            "month": "2021-12",
            "price": "78.79",
            "revenue": 211269
        },
        "2022-01": {
            "month": "2022-01",
            "price": "88.62",
            "revenue": 210946
        },
        "2022-02": {
            "month": "2022-02",
            "price": "85.82",
            "revenue": 151107
        },
        "2022-03": {
            "month": "2022-03",
            "price": "85.79",
            "revenue": 230969
        },
        "2022-04": {
            "month": "2022-04",
            "price": "85.31",
            "revenue": 318627
        },
        "2022-05": {
            "month": "2022-05",
            "price": "114.01",
            "revenue": 269111
        },
        "2022-06": {
            "month": "2022-06",
            "price": "131.12",
            "revenue": 320633
        },
        "2022-07": {
            "month": "2022-07",
            "price": "131.88",
            "revenue": 209063
        },
        "2022-08": {
            "month": "2022-08",
            "price": "110.48",
            "revenue": 222269
        },
        "2022-09": {
            "month": "2022-09",
            "price": "102.57",
            "revenue": 134542
        },
        "2022-10": {
            "month": "2022-10",
            "price": "89.71",
            "revenue": 94066
        },
        "2022-11": {
            "month": "2022-11",
            "price": "98.88",
            "revenue": 116160
        },
        "2022-12": {
            "month": "2022-12",
            "price": "27.14",
            "revenue": 287886
        },
        "2023-01": {
            "month": "2023-01",
            "price": "27.68",
            "revenue": 149547
        },
        "2023-02": {
            "month": "2023-02",
            "price": "29.82",
            "revenue": 140888
        },
        "2023-03": {
            "month": "2023-03",
            "price": "38.68",
            "revenue": 197546
        },
        "2023-04": {
            "month": "2023-04",
            "price": "38.42",
            "revenue": 135405
        },
        "2023-05": {
            "month": "2023-05",
            "price": "35.80",
            "revenue": 267401
        },
        "2023-06": {
            "month": "2023-06",
            "price": "36.96",
            "revenue": 155995
        },
        "2023-07": {
            "month": "2023-07",
            "price": "32.98",
            "revenue": 177132
        },
        "2023-08": {
            "month": "2023-08",
            "price": "31.66",
            "revenue": 127831
        },
        "2023-09": {
            "month": "2023-09",
            "price": "32.02",
            "revenue": 46530
        },
        "2023-10": {
            "month": "2023-10",
            "price": "32.20",
            "revenue": 90755
        },
        "2023-11": {
            "month": "2023-11",
            "price": "30.72",
            "revenue": 120918
        },
        "2023-12": {
            "month": "2023-12",
            "price": "31.36",
            "revenue": 192137
        }
    }
}
