{
    "summary": {
        "stock_name": "聯傑",
        "stock_id": "3094",
        "category": "半導體",
        "main_business": "設計研究開發生產製造銷售網路控制晶片<br>設計研究開發生產製造銷售數據機晶片組<br>設計研究開發生產製造銷售USB系列晶片",
        "website_url": "http://www.davicom.com.tw",
        "ceo": "陳念台",
        "pe_ratio": 52,
        "report_year_from": 2001,
        "report_year_to": 2023,
        "age": 23,
        "eps_negative_percentage": 0,
        "eps_growth_avg": {
            "last_all": 4.12,
            "last_2y": 21.05,
            "last_4y": 11.14,
            "last_8y": -1.49,
            "last_12y": -1.65,
            "last_16y": 4.12,
            "last_20y": null,
            "at_2006_last_3y": null,
            "at_2007_last_3y": null,
            "at_2008_last_3y": null,
            "at_2009_last_3y": null,
            "at_2010_last_3y": 22.86,
            "at_2011_last_3y": -8.44,
            "at_2012_last_3y": 14.42,
            "at_2013_last_3y": -7.29,
            "at_2014_last_3y": -2,
            "at_2015_last_3y": 13.25,
            "at_2016_last_3y": 3.9,
            "at_2017_last_3y": -6.08,
            "at_2018_last_3y": -17.29,
            "at_2019_last_3y": -15.32,
            "at_2020_last_3y": -15.69,
            "at_2021_last_3y": 16,
            "at_2022_last_3y": 22.56,
            "at_2023_last_3y": 11.71,
            "at_2024_last_3y": 11.71,
            "at_2006_last_all": null,
            "at_2007_last_all": null,
            "at_2008_last_all": -1.82,
            "at_2009_last_all": 32.12,
            "at_2010_last_all": 22.86,
            "at_2011_last_all": 6.29,
            "at_2012_last_all": 9.01,
            "at_2013_last_all": 9.6,
            "at_2014_last_all": 10.43,
            "at_2015_last_all": 9.39,
            "at_2016_last_all": 6.96,
            "at_2017_last_all": 3.9,
            "at_2018_last_all": 1.19,
            "at_2019_last_all": 1.78,
            "at_2020_last_all": 0.49,
            "at_2021_last_all": 7.12,
            "at_2022_last_all": 6.53,
            "at_2023_last_all": 4.12,
            "at_2024_last_all": 4.12
        },
        "latest_eps": 0.69,
        "latest_price": 36,
        "latest_roe": 5.43,
        "latest_gross_margin": 68.81,
        "latest_equity": 1032630,
        "latest_revenue": 46983,
        "latest_gross_profit": 32328,
        "latest_net_income": 10157,
        "latest_debt_ratio": 10.39,
        "latest_current_ratio": 2014.21,
        "latest_account_receivable_turnover_ratio": 2,
        "latest_inventory_turnover_ratio": 0.4,
        "latest_reinvestment_rate": -2.62,
        "latest_research_to_sale_ratio": 34.12
    },
    "eps_dividends": {
        "2001": {
            "cash": 0,
            "stock": 0,
            "eps": 0
        },
        "2002": {
            "cash": 0,
            "stock": 0,
            "eps": 0
        },
        "2003": {
            "cash": 0,
            "stock": 0,
            "eps": 0
        },
        "2004": {
            "cash": 0,
            "stock": 0,
            "eps": 0
        },
        "2005": {
            "cash": 0,
            "stock": 0,
            "eps": 0
        },
        "2006": {
            "cash": 0,
            "stock": 0,
            "eps": 1.38
        },
        "2007": {
            "cash": 0.78,
            "stock": 0.14,
            "eps": 2.28
        },
        "2008": {
            "cash": 1.37,
            "stock": 0.2,
            "eps": 0.71
        },
        "2009": {
            "cash": 0.54,
            "stock": 0,
            "eps": 1.63
        },
        "2010": {
            "cash": 1.15,
            "stock": 0.2,
            "eps": 1.55
        },
        "2011": {
            "cash": 1.7599999999999998,
            "stock": 0.2,
            "eps": 0.62
        },
        "2012": {
            "cash": 0,
            "stock": 0,
            "eps": 0.76
        },
        "2013": {
            "cash": 1,
            "stock": 0,
            "eps": 0.86
        },
        "2014": {
            "cash": 1.12,
            "stock": 0,
            "eps": 1
        },
        "2015": {
            "cash": 1.15,
            "stock": 0,
            "eps": 1.01
        },
        "2016": {
            "cash": 1.16,
            "stock": 0,
            "eps": 0.86
        },
        "2017": {
            "cash": 1.1,
            "stock": 0,
            "eps": 0.63
        },
        "2018": {
            "cash": 0.9,
            "stock": 0,
            "eps": 0.45
        },
        "2019": {
            "cash": 0.8,
            "stock": 0,
            "eps": 0.49
        },
        "2020": {
            "cash": 0.81,
            "stock": 0,
            "eps": 0.41
        },
        "2021": {
            "cash": 0.8,
            "stock": 0,
            "eps": 0.86
        },
        "2022": {
            "cash": 1,
            "stock": 0,
            "eps": 0.84
        },
        "2023": {
            "cash": 1,
            "stock": 0,
            "eps": 0.55
        }
    },
    "dividends": {
        "2007-02-09": {
            "cash": 0.78,
            "stock": 0.14
        },
        "2008-03-26": {
            "cash": 1.37,
            "stock": 0.2
        },
        "2009-03-16": {
            "cash": 0.54,
            "stock": 0
        },
        "2010-04-06": {
            "cash": 1.15,
            "stock": 0.2
        },
        "2011-01-01": {
            "cash": 0.61,
            "stock": 0
        },
        "2011-04-22": {
            "cash": 1.15,
            "stock": 0.2
        },
        "2013-03-11": {
            "cash": 1,
            "stock": 0
        },
        "2014-06-06": {
            "cash": 1.12,
            "stock": 0
        },
        "2015-07-22": {
            "cash": 1.15,
            "stock": 0
        },
        "2016-07-29": {
            "cash": 1.16,
            "stock": 0
        },
        "2017-07-06": {
            "cash": 1.1,
            "stock": 0
        },
        "2018-07-17": {
            "cash": 0.9,
            "stock": 0
        },
        "2019-07-30": {
            "cash": 0.8,
            "stock": 0
        },
        "2020-08-31": {
            "cash": 0.81,
            "stock": 0
        },
        "2021-08-19": {
            "cash": 0.8,
            "stock": 0
        },
        "2022-08-17": {
            "cash": 1,
            "stock": 0
        },
        "2023-07-11": {
            "cash": 1,
            "stock": 0
        }
    },
    "prices": {
        "200101": "無",
        "200102": "無",
        "200103": "無",
        "200104": "無",
        "200105": "無",
        "200106": "無",
        "200107": "無",
        "200108": "無",
        "200109": "無",
        "200110": "無",
        "200111": "無",
        "200112": "無",
        "200201": "無",
        "200202": "無",
        "200203": "無",
        "200204": "無",
        "200205": "無",
        "200206": "無",
        "200207": "無",
        "200208": "無",
        "200209": "無",
        "200210": "無",
        "200211": "無",
        "200212": "無",
        "200301": "無",
        "200302": "無",
        "200303": "無",
        "200304": "無",
        "200305": "無",
        "200306": "無",
        "200307": "無",
        "200308": "無",
        "200309": "無",
        "200310": "11.89",
        "200311": "11.59",
        "200312": "11.01",
        "200401": "11.89",
        "200402": "17.13",
        "200403": "15.85",
        "200404": "15.25",
        "200405": "14.52",
        "200406": "14.21",
        "200407": "12.22",
        "200408": "13.40",
        "200409": "10.92",
        "200410": "7.34",
        "200411": "8.18",
        "200412": "8.87",
        "200501": "8.20",
        "200502": "無",
        "200503": "7.38",
        "200504": "7.51",
        "200505": "6.84",
        "200506": "7.62",
        "200507": "7.56",
        "200508": "8.06",
        "200509": "8.50",
        "200510": "9.02",
        "200511": "8.97",
        "200512": "8.25",
        "200601": "7.46",
        "200602": "7.87",
        "200603": "9.01",
        "200604": "9.21",
        "200605": "9.33",
        "200606": "9.22",
        "200607": "10.36",
        "200608": "12.79",
        "200609": "13.42",
        "200610": "12.90",
        "200611": "15.48",
        "200612": "19.75",
        "200701": "34.39",
        "200702": "33.02",
        "200703": "38.56",
        "200704": "45.06",
        "200705": "58.66",
        "200706": "85.14",
        "200707": "122.92",
        "200708": "101.46",
        "200709": "88.38",
        "200710": "86.26",
        "200711": "75.84",
        "200712": "73.77",
        "200801": "70.37",
        "200802": "51.16",
        "200803": "58.14",
        "200804": "60.14",
        "200805": "56.28",
        "200806": "41.84",
        "200807": "34.69",
        "200808": "36.33",
        "200809": "25.45",
        "200810": "21.42",
        "200811": "17.90",
        "200812": "16.16",
        "200901": "19.21",
        "200902": "20.28",
        "200903": "22.55",
        "200904": "24.50",
        "200905": "34.13",
        "200906": "34.06",
        "200907": "37.32",
        "200908": "38.59",
        "200909": "44.13",
        "200910": "43.58",
        "200911": "42.14",
        "200912": "46.70",
        "201001": "45.82",
        "201002": "39.89",
        "201003": "44.06",
        "201004": "48.02",
        "201005": "43.35",
        "201006": "43.11",
        "201007": "48.22",
        "201008": "45.79",
        "201009": "47.20",
        "201010": "45.83",
        "201011": "43.10",
        "201012": "43.51",
        "201101": "40.16",
        "201102": "34.65",
        "201103": "31.58",
        "201104": "33.41",
        "201105": "31.10",
        "201106": "28.20",
        "201107": "21.90",
        "201108": "18.93",
        "201109": "19.90",
        "201110": "22.29",
        "201111": "19.99",
        "201112": "17.76",
        "201201": "18.27",
        "201202": "22.92",
        "201203": "22.17",
        "201204": "18.68",
        "201205": "18.27",
        "201206": "16.93",
        "201207": "16.18",
        "201208": "16.68",
        "201209": "18.42",
        "201210": "16.45",
        "201211": "15.40",
        "201212": "16.70",
        "201301": "18.54",
        "201302": "20.93",
        "201303": "19.90",
        "201304": "19.12",
        "201305": "19.64",
        "201306": "18.68",
        "201307": "17.73",
        "201308": "17.73",
        "201309": "18.90",
        "201310": "19.69",
        "201311": "18.78",
        "201312": "20.17",
        "201401": "22.56",
        "201402": "22.82",
        "201403": "27.19",
        "201404": "35.16",
        "201405": "35.74",
        "201406": "44.74",
        "201407": "41.85",
        "201408": "38.18",
        "201409": "37.46",
        "201410": "31.88",
        "201411": "31.42",
        "201412": "34.87",
        "201501": "37.08",
        "201502": "34.40",
        "201503": "34.42",
        "201504": "31.60",
        "201505": "27.22",
        "201506": "25.70",
        "201507": "24.44",
        "201508": "20.35",
        "201509": "20.35",
        "201510": "25.00",
        "201511": "27.42",
        "201512": "26.96",
        "201601": "23.84",
        "201602": "24.72",
        "201603": "26.06",
        "201604": "24.70",
        "201605": "21.90",
        "201606": "22.24",
        "201607": "22.16",
        "201608": "24.12",
        "201609": "23.31",
        "201610": "21.93",
        "201611": "20.22",
        "201612": "21.17",
        "201701": "21.47",
        "201702": "22.36",
        "201703": "22.79",
        "201704": "22.93",
        "201705": "22.94",
        "201706": "25.10",
        "201707": "22.83",
        "201708": "23.02",
        "201709": "23.41",
        "201710": "23.18",
        "201711": "23.83",
        "201712": "24.95",
        "201801": "25.69",
        "201802": "23.53",
        "201803": "23.21",
        "201804": "22.57",
        "201805": "22.48",
        "201806": "23.38",
        "201807": "22.25",
        "201808": "21.07",
        "201809": "19.65",
        "201810": "16.61",
        "201811": "16.03",
        "201812": "17.75",
        "201901": "18.58",
        "201902": "19.17",
        "201903": "19.27",
        "201904": "19.30",
        "201905": "17.99",
        "201906": "17.86",
        "201907": "17.61",
        "201908": "16.85",
        "201909": "17.13",
        "201910": "17.15",
        "201911": "16.72",
        "201912": "17.76",
        "202001": "19.23",
        "202002": "18.15",
        "202003": "16.79",
        "202004": "16.37",
        "202005": "17.78",
        "202006": "20.19",
        "202007": "22.47",
        "202008": "20.61",
        "202009": "20.06",
        "202010": "21.50",
        "202011": "21.95",
        "202012": "23.27",
        "202101": "24.56",
        "202102": "26.50",
        "202103": "34.79",
        "202104": "40.06",
        "202105": "32.47",
        "202106": "34.45",
        "202107": "36.61",
        "202108": "35.08",
        "202109": "33.54",
        "202110": "30.25",
        "202111": "34.09",
        "202112": "36.71",
        "202201": "38.36",
        "202202": "36.50",
        "202203": "33.93",
        "202204": "31.29",
        "202205": "29.69",
        "202206": "28.52",
        "202207": "26.30",
        "202208": "28.28",
        "202209": "27.78",
        "202210": "24.24",
        "202211": "25.62",
        "202212": "25.11",
        "202301": "25.01",
        "202302": "29.01",
        "202303": "33.13",
        "202304": "33.50",
        "202305": "34.28",
        "202306": "34.07",
        "202307": "31.32",
        "202308": "31.76",
        "202309": "34.25",
        "202310": "36.20",
        "202311": "38.74",
        "202312": "39.20"
    },
    "quarters": {
        "20011": {
            "year_quarter": 20011,
            "year": 2001,
            "quarter": 1,
            "eps": null,
            "eps_growth_year": null,
            "eps_4q": null,
            "eps_4q_growth_year": null,
            "roe": null,
            "roe_4q": 0,
            "gross_profit": null,
            "gross_margin": null,
            "gross_margin_4q_avg": 0,
            "net_income": null,
            "net_income_4q": null,
            "revenue": null,
            "revenue_4q": null,
            "common_shares": null,
            "book_valuer_per_share": null,
            "book_valuer_per_share_4q_avg": 0,
            "equity": null,
            "current_ratio": null,
            "debt_ratio": null,
            "inventory_turnover_ratio": null,
            "account_receivable_turnover_ratio": null,
            "reinvestment_rate": null,
            "research_to_sale_ratio": null,
            "price_fair": 0,
            "eps_avg_yearly": 0,
            "eps_latest_yearly": 0,
            "eps_growth_yearly": 0
        },
        "20012": {
            "year_quarter": 20012,
            "year": 2001,
            "quarter": 2,
            "eps": null,
            "eps_growth_year": null,
            "eps_4q": null,
            "eps_4q_growth_year": null,
            "roe": null,
            "roe_4q": 0,
            "gross_profit": null,
            "gross_margin": null,
            "gross_margin_4q_avg": 0,
            "net_income": null,
            "net_income_4q": null,
            "revenue": null,
            "revenue_4q": null,
            "common_shares": null,
            "book_valuer_per_share": null,
            "book_valuer_per_share_4q_avg": 0,
            "equity": null,
            "current_ratio": null,
            "debt_ratio": null,
            "inventory_turnover_ratio": null,
            "account_receivable_turnover_ratio": null,
            "reinvestment_rate": null,
            "research_to_sale_ratio": null,
            "price_fair": 0,
            "eps_avg_yearly": 0,
            "eps_latest_yearly": 0,
            "eps_growth_yearly": 0
        },
        "20013": {
            "year_quarter": 20013,
            "year": 2001,
            "quarter": 3,
            "eps": null,
            "eps_growth_year": null,
            "eps_4q": null,
            "eps_4q_growth_year": null,
            "roe": null,
            "roe_4q": 0,
            "gross_profit": null,
            "gross_margin": null,
            "gross_margin_4q_avg": 0,
            "net_income": null,
            "net_income_4q": null,
            "revenue": null,
            "revenue_4q": null,
            "common_shares": null,
            "book_valuer_per_share": null,
            "book_valuer_per_share_4q_avg": 0,
            "equity": null,
            "current_ratio": null,
            "debt_ratio": null,
            "inventory_turnover_ratio": null,
            "account_receivable_turnover_ratio": null,
            "reinvestment_rate": null,
            "research_to_sale_ratio": null,
            "price_fair": 0,
            "eps_avg_yearly": 0,
            "eps_latest_yearly": 0,
            "eps_growth_yearly": 0
        },
        "20014": {
            "year_quarter": 20014,
            "year": 2001,
            "quarter": 4,
            "eps": null,
            "eps_growth_year": null,
            "eps_4q": null,
            "eps_4q_growth_year": null,
            "roe": null,
            "roe_4q": 0,
            "gross_profit": null,
            "gross_margin": null,
            "gross_margin_4q_avg": 0,
            "net_income": null,
            "net_income_4q": null,
            "revenue": null,
            "revenue_4q": null,
            "common_shares": 531380,
            "book_valuer_per_share": 8.86,
            "book_valuer_per_share_4q_avg": 2.22,
            "equity": 470698,
            "current_ratio": 605.61,
            "debt_ratio": 15.19,
            "inventory_turnover_ratio": null,
            "account_receivable_turnover_ratio": null,
            "reinvestment_rate": null,
            "research_to_sale_ratio": null,
            "price_fair": 0,
            "eps_avg_yearly": 0,
            "eps_latest_yearly": 0,
            "eps_growth_yearly": 0
        },
        "20021": {
            "year_quarter": 20021,
            "year": 2002,
            "quarter": 1,
            "eps": null,
            "eps_growth_year": null,
            "eps_4q": null,
            "eps_4q_growth_year": null,
            "roe": null,
            "roe_4q": 0,
            "gross_profit": null,
            "gross_margin": null,
            "gross_margin_4q_avg": 0,
            "net_income": null,
            "net_income_4q": null,
            "revenue": null,
            "revenue_4q": null,
            "common_shares": null,
            "book_valuer_per_share": null,
            "book_valuer_per_share_4q_avg": 2.22,
            "equity": null,
            "current_ratio": null,
            "debt_ratio": null,
            "inventory_turnover_ratio": null,
            "account_receivable_turnover_ratio": null,
            "reinvestment_rate": null,
            "research_to_sale_ratio": null,
            "price_fair": 0,
            "eps_avg_yearly": 0,
            "eps_latest_yearly": 0,
            "eps_growth_yearly": 0
        },
        "20022": {
            "year_quarter": 20022,
            "year": 2002,
            "quarter": 2,
            "eps": null,
            "eps_growth_year": null,
            "eps_4q": null,
            "eps_4q_growth_year": null,
            "roe": null,
            "roe_4q": 0,
            "gross_profit": null,
            "gross_margin": null,
            "gross_margin_4q_avg": 0,
            "net_income": null,
            "net_income_4q": null,
            "revenue": null,
            "revenue_4q": null,
            "common_shares": null,
            "book_valuer_per_share": null,
            "book_valuer_per_share_4q_avg": 2.22,
            "equity": null,
            "current_ratio": null,
            "debt_ratio": null,
            "inventory_turnover_ratio": null,
            "account_receivable_turnover_ratio": null,
            "reinvestment_rate": null,
            "research_to_sale_ratio": null,
            "price_fair": 0,
            "eps_avg_yearly": 0,
            "eps_latest_yearly": 0,
            "eps_growth_yearly": 0
        },
        "20023": {
            "year_quarter": 20023,
            "year": 2002,
            "quarter": 3,
            "eps": null,
            "eps_growth_year": null,
            "eps_4q": null,
            "eps_4q_growth_year": null,
            "roe": null,
            "roe_4q": 0,
            "gross_profit": null,
            "gross_margin": null,
            "gross_margin_4q_avg": 0,
            "net_income": null,
            "net_income_4q": null,
            "revenue": null,
            "revenue_4q": null,
            "common_shares": null,
            "book_valuer_per_share": null,
            "book_valuer_per_share_4q_avg": 2.22,
            "equity": null,
            "current_ratio": null,
            "debt_ratio": null,
            "inventory_turnover_ratio": null,
            "account_receivable_turnover_ratio": null,
            "reinvestment_rate": null,
            "research_to_sale_ratio": null,
            "price_fair": 0,
            "eps_avg_yearly": 0,
            "eps_latest_yearly": 0,
            "eps_growth_yearly": 0
        },
        "20024": {
            "year_quarter": 20024,
            "year": 2002,
            "quarter": 4,
            "eps": null,
            "eps_growth_year": null,
            "eps_4q": null,
            "eps_4q_growth_year": null,
            "roe": null,
            "roe_4q": 0,
            "gross_profit": null,
            "gross_margin": null,
            "gross_margin_4q_avg": 0,
            "net_income": null,
            "net_income_4q": null,
            "revenue": null,
            "revenue_4q": null,
            "common_shares": 531380,
            "book_valuer_per_share": 9.56,
            "book_valuer_per_share_4q_avg": 2.39,
            "equity": 508082,
            "current_ratio": 1139.59,
            "debt_ratio": 8.02,
            "inventory_turnover_ratio": null,
            "account_receivable_turnover_ratio": null,
            "reinvestment_rate": null,
            "research_to_sale_ratio": null,
            "price_fair": 0,
            "eps_avg_yearly": 0,
            "eps_latest_yearly": 0,
            "eps_growth_yearly": 0
        },
        "20031": {
            "year_quarter": 20031,
            "year": 2003,
            "quarter": 1,
            "eps": null,
            "eps_growth_year": null,
            "eps_4q": null,
            "eps_4q_growth_year": null,
            "roe": null,
            "roe_4q": 0,
            "gross_profit": null,
            "gross_margin": null,
            "gross_margin_4q_avg": 0,
            "net_income": null,
            "net_income_4q": null,
            "revenue": null,
            "revenue_4q": null,
            "common_shares": null,
            "book_valuer_per_share": null,
            "book_valuer_per_share_4q_avg": 2.39,
            "equity": null,
            "current_ratio": null,
            "debt_ratio": null,
            "inventory_turnover_ratio": null,
            "account_receivable_turnover_ratio": null,
            "reinvestment_rate": null,
            "research_to_sale_ratio": null,
            "price_fair": 0,
            "eps_avg_yearly": 0,
            "eps_latest_yearly": 0,
            "eps_growth_yearly": 0
        },
        "20032": {
            "year_quarter": 20032,
            "year": 2003,
            "quarter": 2,
            "eps": null,
            "eps_growth_year": null,
            "eps_4q": null,
            "eps_4q_growth_year": null,
            "roe": null,
            "roe_4q": 0,
            "gross_profit": null,
            "gross_margin": null,
            "gross_margin_4q_avg": 0,
            "net_income": null,
            "net_income_4q": null,
            "revenue": null,
            "revenue_4q": null,
            "common_shares": null,
            "book_valuer_per_share": null,
            "book_valuer_per_share_4q_avg": 2.39,
            "equity": null,
            "current_ratio": null,
            "debt_ratio": null,
            "inventory_turnover_ratio": null,
            "account_receivable_turnover_ratio": null,
            "reinvestment_rate": null,
            "research_to_sale_ratio": null,
            "price_fair": 0,
            "eps_avg_yearly": 0,
            "eps_latest_yearly": 0,
            "eps_growth_yearly": 0
        },
        "20033": {
            "year_quarter": 20033,
            "year": 2003,
            "quarter": 3,
            "eps": null,
            "eps_growth_year": null,
            "eps_4q": null,
            "eps_4q_growth_year": null,
            "roe": null,
            "roe_4q": 0,
            "gross_profit": null,
            "gross_margin": null,
            "gross_margin_4q_avg": 0,
            "net_income": null,
            "net_income_4q": null,
            "revenue": null,
            "revenue_4q": null,
            "common_shares": null,
            "book_valuer_per_share": null,
            "book_valuer_per_share_4q_avg": 2.39,
            "equity": null,
            "current_ratio": null,
            "debt_ratio": null,
            "inventory_turnover_ratio": null,
            "account_receivable_turnover_ratio": null,
            "reinvestment_rate": null,
            "research_to_sale_ratio": null,
            "price_fair": 0,
            "eps_avg_yearly": 0,
            "eps_latest_yearly": 0,
            "eps_growth_yearly": 0
        },
        "20034": {
            "year_quarter": 20034,
            "year": 2003,
            "quarter": 4,
            "eps": null,
            "eps_growth_year": null,
            "eps_4q": null,
            "eps_4q_growth_year": null,
            "roe": null,
            "roe_4q": 0,
            "gross_profit": null,
            "gross_margin": null,
            "gross_margin_4q_avg": 0,
            "net_income": null,
            "net_income_4q": null,
            "revenue": null,
            "revenue_4q": null,
            "common_shares": 531380,
            "book_valuer_per_share": 9.42,
            "book_valuer_per_share_4q_avg": 2.36,
            "equity": 500377,
            "current_ratio": 663.41,
            "debt_ratio": 11.97,
            "inventory_turnover_ratio": null,
            "account_receivable_turnover_ratio": null,
            "reinvestment_rate": null,
            "research_to_sale_ratio": null,
            "price_fair": 0,
            "eps_avg_yearly": 0,
            "eps_latest_yearly": 0,
            "eps_growth_yearly": 0
        },
        "20041": {
            "year_quarter": 20041,
            "year": 2004,
            "quarter": 1,
            "eps": null,
            "eps_growth_year": null,
            "eps_4q": null,
            "eps_4q_growth_year": null,
            "roe": null,
            "roe_4q": 0,
            "gross_profit": null,
            "gross_margin": null,
            "gross_margin_4q_avg": 0,
            "net_income": null,
            "net_income_4q": null,
            "revenue": null,
            "revenue_4q": null,
            "common_shares": null,
            "book_valuer_per_share": null,
            "book_valuer_per_share_4q_avg": 2.36,
            "equity": null,
            "current_ratio": null,
            "debt_ratio": null,
            "inventory_turnover_ratio": null,
            "account_receivable_turnover_ratio": null,
            "reinvestment_rate": null,
            "research_to_sale_ratio": null,
            "price_fair": 0,
            "eps_avg_yearly": 0,
            "eps_latest_yearly": 0,
            "eps_growth_yearly": 0
        },
        "20042": {
            "year_quarter": 20042,
            "year": 2004,
            "quarter": 2,
            "eps": null,
            "eps_growth_year": null,
            "eps_4q": null,
            "eps_4q_growth_year": null,
            "roe": null,
            "roe_4q": 0,
            "gross_profit": null,
            "gross_margin": null,
            "gross_margin_4q_avg": 0,
            "net_income": null,
            "net_income_4q": null,
            "revenue": null,
            "revenue_4q": null,
            "common_shares": null,
            "book_valuer_per_share": null,
            "book_valuer_per_share_4q_avg": 2.36,
            "equity": null,
            "current_ratio": null,
            "debt_ratio": null,
            "inventory_turnover_ratio": null,
            "account_receivable_turnover_ratio": null,
            "reinvestment_rate": null,
            "research_to_sale_ratio": null,
            "price_fair": 0,
            "eps_avg_yearly": 0,
            "eps_latest_yearly": 0,
            "eps_growth_yearly": 0
        },
        "20043": {
            "year_quarter": 20043,
            "year": 2004,
            "quarter": 3,
            "eps": null,
            "eps_growth_year": null,
            "eps_4q": null,
            "eps_4q_growth_year": null,
            "roe": null,
            "roe_4q": 0,
            "gross_profit": null,
            "gross_margin": null,
            "gross_margin_4q_avg": 0,
            "net_income": null,
            "net_income_4q": null,
            "revenue": null,
            "revenue_4q": null,
            "common_shares": null,
            "book_valuer_per_share": null,
            "book_valuer_per_share_4q_avg": 2.36,
            "equity": null,
            "current_ratio": null,
            "debt_ratio": null,
            "inventory_turnover_ratio": null,
            "account_receivable_turnover_ratio": null,
            "reinvestment_rate": null,
            "research_to_sale_ratio": null,
            "price_fair": 0,
            "eps_avg_yearly": 0,
            "eps_latest_yearly": 0,
            "eps_growth_yearly": 0
        },
        "20044": {
            "year_quarter": 20044,
            "year": 2004,
            "quarter": 4,
            "eps": null,
            "eps_growth_year": null,
            "eps_4q": null,
            "eps_4q_growth_year": null,
            "roe": null,
            "roe_4q": 0,
            "gross_profit": null,
            "gross_margin": null,
            "gross_margin_4q_avg": 0,
            "net_income": null,
            "net_income_4q": null,
            "revenue": null,
            "revenue_4q": null,
            "common_shares": 640000,
            "book_valuer_per_share": 10.26,
            "book_valuer_per_share_4q_avg": 2.57,
            "equity": 656531,
            "current_ratio": 601.26,
            "debt_ratio": 7.87,
            "inventory_turnover_ratio": null,
            "account_receivable_turnover_ratio": null,
            "reinvestment_rate": null,
            "research_to_sale_ratio": null,
            "price_fair": 0,
            "eps_avg_yearly": 0,
            "eps_latest_yearly": 0,
            "eps_growth_yearly": 0
        },
        "20051": {
            "year_quarter": 20051,
            "year": 2005,
            "quarter": 1,
            "eps": null,
            "eps_growth_year": null,
            "eps_4q": null,
            "eps_4q_growth_year": null,
            "roe": null,
            "roe_4q": 0,
            "gross_profit": null,
            "gross_margin": null,
            "gross_margin_4q_avg": 0,
            "net_income": null,
            "net_income_4q": null,
            "revenue": null,
            "revenue_4q": null,
            "common_shares": null,
            "book_valuer_per_share": null,
            "book_valuer_per_share_4q_avg": 2.57,
            "equity": null,
            "current_ratio": null,
            "debt_ratio": null,
            "inventory_turnover_ratio": null,
            "account_receivable_turnover_ratio": null,
            "reinvestment_rate": null,
            "research_to_sale_ratio": null,
            "price_fair": 0,
            "eps_avg_yearly": 0,
            "eps_latest_yearly": 0,
            "eps_growth_yearly": 0
        },
        "20052": {
            "year_quarter": 20052,
            "year": 2005,
            "quarter": 2,
            "eps": null,
            "eps_growth_year": null,
            "eps_4q": null,
            "eps_4q_growth_year": null,
            "roe": null,
            "roe_4q": 0,
            "gross_profit": null,
            "gross_margin": null,
            "gross_margin_4q_avg": 0,
            "net_income": null,
            "net_income_4q": null,
            "revenue": null,
            "revenue_4q": null,
            "common_shares": null,
            "book_valuer_per_share": null,
            "book_valuer_per_share_4q_avg": 2.57,
            "equity": null,
            "current_ratio": null,
            "debt_ratio": null,
            "inventory_turnover_ratio": null,
            "account_receivable_turnover_ratio": null,
            "reinvestment_rate": null,
            "research_to_sale_ratio": null,
            "price_fair": 0,
            "eps_avg_yearly": 0,
            "eps_latest_yearly": 0,
            "eps_growth_yearly": 0
        },
        "20053": {
            "year_quarter": 20053,
            "year": 2005,
            "quarter": 3,
            "eps": null,
            "eps_growth_year": null,
            "eps_4q": null,
            "eps_4q_growth_year": null,
            "roe": null,
            "roe_4q": 0,
            "gross_profit": null,
            "gross_margin": null,
            "gross_margin_4q_avg": 0,
            "net_income": null,
            "net_income_4q": null,
            "revenue": null,
            "revenue_4q": null,
            "common_shares": null,
            "book_valuer_per_share": null,
            "book_valuer_per_share_4q_avg": 2.57,
            "equity": null,
            "current_ratio": null,
            "debt_ratio": null,
            "inventory_turnover_ratio": null,
            "account_receivable_turnover_ratio": null,
            "reinvestment_rate": null,
            "research_to_sale_ratio": null,
            "price_fair": 0,
            "eps_avg_yearly": 0,
            "eps_latest_yearly": 0,
            "eps_growth_yearly": 0
        },
        "20054": {
            "year_quarter": 20054,
            "year": 2005,
            "quarter": 4,
            "eps": null,
            "eps_growth_year": null,
            "eps_4q": null,
            "eps_4q_growth_year": null,
            "roe": null,
            "roe_4q": 0,
            "gross_profit": null,
            "gross_margin": null,
            "gross_margin_4q_avg": 0,
            "net_income": null,
            "net_income_4q": null,
            "revenue": null,
            "revenue_4q": null,
            "common_shares": 640000,
            "book_valuer_per_share": 10.29,
            "book_valuer_per_share_4q_avg": 2.57,
            "equity": 661224,
            "current_ratio": 381.76,
            "debt_ratio": 14.92,
            "inventory_turnover_ratio": null,
            "account_receivable_turnover_ratio": null,
            "reinvestment_rate": null,
            "research_to_sale_ratio": null,
            "price_fair": 0,
            "eps_avg_yearly": 0,
            "eps_latest_yearly": 0,
            "eps_growth_yearly": 0
        },
        "20061": {
            "year_quarter": 20061,
            "year": 2006,
            "quarter": 1,
            "eps": 0.29,
            "eps_growth_year": null,
            "eps_4q": null,
            "eps_4q_growth_year": null,
            "roe": 2.76,
            "roe_4q": 2.76,
            "gross_profit": 41244,
            "gross_margin": 47.78,
            "gross_margin_4q_avg": 11.95,
            "net_income": 18500,
            "net_income_4q": null,
            "revenue": 86313,
            "revenue_4q": null,
            "common_shares": 640000,
            "book_valuer_per_share": 10.63,
            "book_valuer_per_share_4q_avg": 5.23,
            "equity": 680209,
            "current_ratio": 619.51,
            "debt_ratio": 8.58,
            "inventory_turnover_ratio": 0.81,
            "account_receivable_turnover_ratio": null,
            "reinvestment_rate": null,
            "research_to_sale_ratio": null,
            "price_fair": 0,
            "eps_avg_yearly": 0,
            "eps_latest_yearly": 0,
            "eps_growth_yearly": 0
        },
        "20062": {
            "year_quarter": 20062,
            "year": 2006,
            "quarter": 2,
            "eps": 0.28,
            "eps_growth_year": null,
            "eps_4q": null,
            "eps_4q_growth_year": null,
            "roe": 2.52,
            "roe_4q": 5.279999999999999,
            "gross_profit": 37989,
            "gross_margin": 39.52,
            "gross_margin_4q_avg": 21.83,
            "net_income": 17673,
            "net_income_4q": null,
            "revenue": 96125,
            "revenue_4q": null,
            "common_shares": 640000,
            "book_valuer_per_share": 11.31,
            "book_valuer_per_share_4q_avg": 8.06,
            "equity": 723894,
            "current_ratio": 796.36,
            "debt_ratio": 7.01,
            "inventory_turnover_ratio": 1.15,
            "account_receivable_turnover_ratio": null,
            "reinvestment_rate": null,
            "research_to_sale_ratio": null,
            "price_fair": 3.36,
            "eps_avg_yearly": 1.12,
            "eps_latest_yearly": 1.12,
            "eps_growth_yearly": -13.79
        },
        "20063": {
            "year_quarter": 20063,
            "year": 2006,
            "quarter": 3,
            "eps": 0.59,
            "eps_growth_year": null,
            "eps_4q": null,
            "eps_4q_growth_year": null,
            "roe": 5.29,
            "roe_4q": 10.57,
            "gross_profit": 58566,
            "gross_margin": 52.68,
            "gross_margin_4q_avg": 35,
            "net_income": 38398,
            "net_income_4q": null,
            "revenue": 111164,
            "revenue_4q": null,
            "common_shares": 645850,
            "book_valuer_per_share": 11.25,
            "book_valuer_per_share_4q_avg": 10.87,
            "equity": 726709,
            "current_ratio": 526.94,
            "debt_ratio": 10.23,
            "inventory_turnover_ratio": 1.15,
            "account_receivable_turnover_ratio": null,
            "reinvestment_rate": null,
            "research_to_sale_ratio": null,
            "price_fair": 60.9,
            "eps_avg_yearly": 1.74,
            "eps_latest_yearly": 2.36,
            "eps_growth_yearly": 214.53
        },
        "20064": {
            "year_quarter": 20064,
            "year": 2006,
            "quarter": 4,
            "eps": 0.22,
            "eps_growth_year": null,
            "eps_4q": 1.38,
            "eps_4q_growth_year": null,
            "roe": 1.93,
            "roe_4q": 12.5,
            "gross_profit": 53970,
            "gross_margin": 47.18,
            "gross_margin_4q_avg": 46.79,
            "net_income": 14161,
            "net_income_4q": null,
            "revenue": 114387,
            "revenue_4q": null,
            "common_shares": 645850,
            "book_valuer_per_share": 11.51,
            "book_valuer_per_share_4q_avg": 11.18,
            "equity": 744465,
            "current_ratio": 540.98,
            "debt_ratio": 12.27,
            "inventory_turnover_ratio": 1.2,
            "account_receivable_turnover_ratio": null,
            "reinvestment_rate": null,
            "research_to_sale_ratio": null,
            "price_fair": 50.87,
            "eps_avg_yearly": 1.45,
            "eps_latest_yearly": 0.88,
            "eps_growth_yearly": 59.41
        },
        "20071": {
            "year_quarter": 20071,
            "year": 2007,
            "quarter": 1,
            "eps": 0.25,
            "eps_growth_year": -13.79,
            "eps_4q": 1.34,
            "eps_4q_growth_year": null,
            "roe": 2.16,
            "roe_4q": 11.899999999999999,
            "gross_profit": 41722,
            "gross_margin": 47.48,
            "gross_margin_4q_avg": 46.72,
            "net_income": 16171,
            "net_income_4q": null,
            "revenue": 87867,
            "revenue_4q": null,
            "common_shares": 687325,
            "book_valuer_per_share": 10.91,
            "book_valuer_per_share_4q_avg": 11.25,
            "equity": 749933,
            "current_ratio": 367.37,
            "debt_ratio": 13.36,
            "inventory_turnover_ratio": 1.11,
            "account_receivable_turnover_ratio": null,
            "reinvestment_rate": null,
            "research_to_sale_ratio": null,
            "price_fair": 46.9,
            "eps_avg_yearly": 1.34,
            "eps_latest_yearly": 1,
            "eps_growth_yearly": 58.19
        },
        "20072": {
            "year_quarter": 20072,
            "year": 2007,
            "quarter": 2,
            "eps": 0.46,
            "eps_growth_year": 64.29,
            "eps_4q": 1.48,
            "eps_4q_growth_year": null,
            "roe": 4.05,
            "roe_4q": 13.43,
            "gross_profit": 61725,
            "gross_margin": 47.99,
            "gross_margin_4q_avg": 48.83,
            "net_income": 31054,
            "net_income_4q": null,
            "revenue": 128622,
            "revenue_4q": null,
            "common_shares": 700699,
            "book_valuer_per_share": 11.2,
            "book_valuer_per_share_4q_avg": 11.22,
            "equity": 784602,
            "current_ratio": 331.89,
            "debt_ratio": 15.5,
            "inventory_turnover_ratio": 1.61,
            "account_receivable_turnover_ratio": null,
            "reinvestment_rate": null,
            "research_to_sale_ratio": null,
            "price_fair": 50.4,
            "eps_avg_yearly": 1.44,
            "eps_latest_yearly": 1.84,
            "eps_growth_yearly": 113.75
        },
        "20073": {
            "year_quarter": 20073,
            "year": 2007,
            "quarter": 3,
            "eps": 0.77,
            "eps_growth_year": 30.51,
            "eps_4q": 1.64,
            "eps_4q_growth_year": null,
            "roe": 5.07,
            "roe_4q": 13.21,
            "gross_profit": 91575,
            "gross_margin": 54.42,
            "gross_margin_4q_avg": 49.27,
            "net_income": 54323,
            "net_income_4q": null,
            "revenue": 168279,
            "revenue_4q": null,
            "common_shares": 794129,
            "book_valuer_per_share": 17.12,
            "book_valuer_per_share_4q_avg": 12.69,
            "equity": 1359941,
            "current_ratio": 848.57,
            "debt_ratio": 8.76,
            "inventory_turnover_ratio": 1.12,
            "account_receivable_turnover_ratio": null,
            "reinvestment_rate": null,
            "research_to_sale_ratio": null,
            "price_fair": 59.97,
            "eps_avg_yearly": 1.71,
            "eps_latest_yearly": 3.08,
            "eps_growth_yearly": 139.72
        },
        "20074": {
            "year_quarter": 20074,
            "year": 2007,
            "quarter": 4,
            "eps": 0.8,
            "eps_growth_year": 263.64,
            "eps_4q": 2.19,
            "eps_4q_growth_year": 59.14,
            "roe": 4.24,
            "roe_4q": 15.52,
            "gross_profit": 109401,
            "gross_margin": 57.96,
            "gross_margin_4q_avg": 51.96,
            "net_income": 58289,
            "net_income_4q": null,
            "revenue": 188760,
            "revenue_4q": null,
            "common_shares": 794622,
            "book_valuer_per_share": 17.52,
            "book_valuer_per_share_4q_avg": 14.19,
            "equity": 1392130,
            "current_ratio": 1029.1,
            "debt_ratio": 8.03,
            "inventory_turnover_ratio": 0.89,
            "account_receivable_turnover_ratio": null,
            "reinvestment_rate": null,
            "research_to_sale_ratio": null,
            "price_fair": 67.4,
            "eps_avg_yearly": 1.93,
            "eps_latest_yearly": 3.2,
            "eps_growth_yearly": 121.99
        },
        "20081": {
            "year_quarter": 20081,
            "year": 2008,
            "quarter": 1,
            "eps": 0.05,
            "eps_growth_year": -80,
            "eps_4q": 2.04,
            "eps_4q_growth_year": 52.87,
            "roe": 0.27,
            "roe_4q": 13.629999999999999,
            "gross_profit": 62308,
            "gross_margin": 55.16,
            "gross_margin_4q_avg": 53.88,
            "net_income": 3606,
            "net_income_4q": null,
            "revenue": 112963,
            "revenue_4q": null,
            "common_shares": 795057,
            "book_valuer_per_share": 16.5,
            "book_valuer_per_share_4q_avg": 15.59,
            "equity": 1311595,
            "current_ratio": 1570.5,
            "debt_ratio": 5.53,
            "inventory_turnover_ratio": 0.57,
            "account_receivable_turnover_ratio": null,
            "reinvestment_rate": null,
            "research_to_sale_ratio": null,
            "price_fair": 59.85,
            "eps_avg_yearly": 1.71,
            "eps_latest_yearly": 0.2,
            "eps_growth_yearly": 59.86
        },
        "20082": {
            "year_quarter": 20082,
            "year": 2008,
            "quarter": 2,
            "eps": 0.2,
            "eps_growth_year": -56.52,
            "eps_4q": 1.65,
            "eps_4q_growth_year": 11.82,
            "roe": 1.27,
            "roe_4q": 10.850000000000001,
            "gross_profit": 63870,
            "gross_margin": 53.36,
            "gross_margin_4q_avg": 55.23,
            "net_income": 15999,
            "net_income_4q": null,
            "revenue": 119706,
            "revenue_4q": null,
            "common_shares": 795104,
            "book_valuer_per_share": 15.08,
            "book_valuer_per_share_4q_avg": 16.56,
            "equity": 1198712,
            "current_ratio": 568.01,
            "debt_ratio": 14.1,
            "inventory_turnover_ratio": 0.65,
            "account_receivable_turnover_ratio": null,
            "reinvestment_rate": null,
            "research_to_sale_ratio": null,
            "price_fair": 56.31,
            "eps_avg_yearly": 1.61,
            "eps_latest_yearly": 0.8,
            "eps_growth_yearly": 186.55
        },
        "20083": {
            "year_quarter": 20083,
            "year": 2008,
            "quarter": 3,
            "eps": 0.31,
            "eps_growth_year": -59.74,
            "eps_4q": 1.27,
            "eps_4q_growth_year": -22.69,
            "roe": 2.13,
            "roe_4q": 7.91,
            "gross_profit": 55966,
            "gross_margin": 51.26,
            "gross_margin_4q_avg": 54.44,
            "net_income": 25208,
            "net_income_4q": null,
            "revenue": 109181,
            "revenue_4q": null,
            "common_shares": 821284,
            "book_valuer_per_share": 14.17,
            "book_valuer_per_share_4q_avg": 15.82,
            "equity": 1163425,
            "current_ratio": 1427.81,
            "debt_ratio": 6.04,
            "inventory_turnover_ratio": 0.64,
            "account_receivable_turnover_ratio": null,
            "reinvestment_rate": null,
            "research_to_sale_ratio": null,
            "price_fair": 55.02,
            "eps_avg_yearly": 1.57,
            "eps_latest_yearly": 1.24,
            "eps_growth_yearly": 189.89
        },
        "20084": {
            "year_quarter": 20084,
            "year": 2008,
            "quarter": 4,
            "eps": 0.15,
            "eps_growth_year": -81.25,
            "eps_4q": 0.73,
            "eps_4q_growth_year": -66.64,
            "roe": 0.99,
            "roe_4q": 4.66,
            "gross_profit": 59793,
            "gross_margin": 57.61,
            "gross_margin_4q_avg": 54.35,
            "net_income": 11555,
            "net_income_4q": null,
            "revenue": 103782,
            "revenue_4q": null,
            "common_shares": 813374,
            "book_valuer_per_share": 14.53,
            "book_valuer_per_share_4q_avg": 15.07,
            "equity": 1182052,
            "current_ratio": 1463.03,
            "debt_ratio": 5.74,
            "inventory_turnover_ratio": 0.6,
            "account_receivable_turnover_ratio": 1.8,
            "reinvestment_rate": null,
            "research_to_sale_ratio": null,
            "price_fair": 51.93,
            "eps_avg_yearly": 1.48,
            "eps_latest_yearly": 0.6,
            "eps_growth_yearly": 153.86
        },
        "20091": {
            "year_quarter": 20091,
            "year": 2009,
            "quarter": 1,
            "eps": 0.31,
            "eps_growth_year": 520,
            "eps_4q": 0.99,
            "eps_4q_growth_year": -51.34,
            "roe": 1.99,
            "roe_4q": 6.379999999999999,
            "gross_profit": 63456,
            "gross_margin": 56.05,
            "gross_margin_4q_avg": 54.57,
            "net_income": 23924,
            "net_income_4q": null,
            "revenue": 113211,
            "revenue_4q": null,
            "common_shares": 805071,
            "book_valuer_per_share": 15.2,
            "book_valuer_per_share_4q_avg": 14.75,
            "equity": 1223737,
            "current_ratio": 1480.47,
            "debt_ratio": 5.77,
            "inventory_turnover_ratio": 0.79,
            "account_receivable_turnover_ratio": 1.02,
            "reinvestment_rate": null,
            "research_to_sale_ratio": null,
            "price_fair": 51.22,
            "eps_avg_yearly": 1.46,
            "eps_latest_yearly": 1.24,
            "eps_growth_yearly": 176.59
        },
        "20092": {
            "year_quarter": 20092,
            "year": 2009,
            "quarter": 2,
            "eps": 0.31,
            "eps_growth_year": 55,
            "eps_4q": 1.08,
            "eps_4q_growth_year": -34.95,
            "roe": 2.02,
            "roe_4q": 7.13,
            "gross_profit": 81130,
            "gross_margin": 59.9,
            "gross_margin_4q_avg": 56.21,
            "net_income": 24585,
            "net_income_4q": null,
            "revenue": 135450,
            "revenue_4q": null,
            "common_shares": 808391,
            "book_valuer_per_share": 14.95,
            "book_valuer_per_share_4q_avg": 14.71,
            "equity": 1208386,
            "current_ratio": 873.14,
            "debt_ratio": 8.9,
            "inventory_turnover_ratio": 1.05,
            "account_receivable_turnover_ratio": 1.37,
            "reinvestment_rate": null,
            "research_to_sale_ratio": null,
            "price_fair": 50.62,
            "eps_avg_yearly": 1.45,
            "eps_latest_yearly": 1.24,
            "eps_growth_yearly": 163.01
        },
        "20093": {
            "year_quarter": 20093,
            "year": 2009,
            "quarter": 3,
            "eps": 0.56,
            "eps_growth_year": 80.65,
            "eps_4q": 1.33,
            "eps_4q_growth_year": 4.69,
            "roe": 3.56,
            "roe_4q": 8.56,
            "gross_profit": 95424,
            "gross_margin": 60.83,
            "gross_margin_4q_avg": 58.6,
            "net_income": 43829,
            "net_income_4q": null,
            "revenue": 156862,
            "revenue_4q": null,
            "common_shares": 811446,
            "book_valuer_per_share": 15.48,
            "book_valuer_per_share_4q_avg": 15.04,
            "equity": 1255965,
            "current_ratio": 1039.69,
            "debt_ratio": 7.82,
            "inventory_turnover_ratio": 1.19,
            "account_receivable_turnover_ratio": 1.62,
            "reinvestment_rate": null,
            "research_to_sale_ratio": null,
            "price_fair": 52.6,
            "eps_avg_yearly": 1.5,
            "eps_latest_yearly": 2.24,
            "eps_growth_yearly": 174.41
        },
        "20094": {
            "year_quarter": 20094,
            "year": 2009,
            "quarter": 4,
            "eps": 0.45,
            "eps_growth_year": 200,
            "eps_4q": 1.6,
            "eps_4q_growth_year": 119.06,
            "roe": 2.8,
            "roe_4q": 10.37,
            "gross_profit": 97259,
            "gross_margin": 67.07,
            "gross_margin_4q_avg": 60.96,
            "net_income": 35789,
            "net_income_4q": null,
            "revenue": 145005,
            "revenue_4q": null,
            "common_shares": 814301,
            "book_valuer_per_share": 16.23,
            "book_valuer_per_share_4q_avg": 15.47,
            "equity": 1297432,
            "current_ratio": 1292.17,
            "debt_ratio": 6.37,
            "inventory_turnover_ratio": 0.95,
            "account_receivable_turnover_ratio": 2.41,
            "reinvestment_rate": 34.78,
            "research_to_sale_ratio": null,
            "price_fair": 53.29,
            "eps_avg_yearly": 1.52,
            "eps_latest_yearly": 1.8,
            "eps_growth_yearly": 157.54
        },
        "20101": {
            "year_quarter": 20101,
            "year": 2010,
            "quarter": 1,
            "eps": 0.53,
            "eps_growth_year": 70.97,
            "eps_4q": 1.82,
            "eps_4q_growth_year": 82.94,
            "roe": 3.18,
            "roe_4q": 11.56,
            "gross_profit": 97059,
            "gross_margin": 65.95,
            "gross_margin_4q_avg": 63.44,
            "net_income": 42078,
            "net_income_4q": null,
            "revenue": 147170,
            "revenue_4q": null,
            "common_shares": 819671,
            "book_valuer_per_share": 16.73,
            "book_valuer_per_share_4q_avg": 15.85,
            "equity": 1346547,
            "current_ratio": 1232.19,
            "debt_ratio": 6.81,
            "inventory_turnover_ratio": 1.28,
            "account_receivable_turnover_ratio": 1.16,
            "reinvestment_rate": 32.62,
            "research_to_sale_ratio": 17.34,
            "price_fair": 54.6,
            "eps_avg_yearly": 1.56,
            "eps_latest_yearly": 2.12,
            "eps_growth_yearly": 152.14
        },
        "20102": {
            "year_quarter": 20102,
            "year": 2010,
            "quarter": 2,
            "eps": 0.56,
            "eps_growth_year": 80.05,
            "eps_4q": 2.04,
            "eps_4q_growth_year": 89.67,
            "roe": 3.45,
            "roe_4q": 12.99,
            "gross_profit": 107297,
            "gross_margin": 71.37,
            "gross_margin_4q_avg": 66.31,
            "net_income": 45859,
            "net_income_4q": null,
            "revenue": 150340,
            "revenue_4q": null,
            "common_shares": 820386,
            "book_valuer_per_share": 16.24,
            "book_valuer_per_share_4q_avg": 16.17,
            "equity": 1308261,
            "current_ratio": 604.9,
            "debt_ratio": 12.96,
            "inventory_turnover_ratio": 1.03,
            "account_receivable_turnover_ratio": 1.13,
            "reinvestment_rate": 29.13,
            "research_to_sale_ratio": 15.94,
            "price_fair": 57.05,
            "eps_avg_yearly": 1.63,
            "eps_latest_yearly": 2.24,
            "eps_growth_yearly": 154.42
        },
        "20103": {
            "year_quarter": 20103,
            "year": 2010,
            "quarter": 3,
            "eps": 0.43,
            "eps_growth_year": -23.26,
            "eps_4q": 1.93,
            "eps_4q_growth_year": 45.29,
            "roe": 2.67,
            "roe_4q": 12.100000000000001,
            "gross_profit": 92851,
            "gross_margin": 65.55,
            "gross_margin_4q_avg": 67.49,
            "net_income": 35473,
            "net_income_4q": null,
            "revenue": 141648,
            "revenue_4q": null,
            "common_shares": 840436,
            "book_valuer_per_share": 16.31,
            "book_valuer_per_share_4q_avg": 16.38,
            "equity": 1347198,
            "current_ratio": 1343.08,
            "debt_ratio": 6.4,
            "inventory_turnover_ratio": 1.06,
            "account_receivable_turnover_ratio": 1.08,
            "reinvestment_rate": 28.55,
            "research_to_sale_ratio": 15.87,
            "price_fair": 55.65,
            "eps_avg_yearly": 1.59,
            "eps_latest_yearly": 1.72,
            "eps_growth_yearly": 120.94
        },
        "20104": {
            "year_quarter": 20104,
            "year": 2010,
            "quarter": 4,
            "eps": 0.03,
            "eps_growth_year": -94,
            "eps_4q": 1.52,
            "eps_4q_growth_year": -5.25,
            "roe": 0.14,
            "roe_4q": 9.44,
            "gross_profit": 68377,
            "gross_margin": 62.59,
            "gross_margin_4q_avg": 66.37,
            "net_income": 1864,
            "net_income_4q": null,
            "revenue": 109250,
            "revenue_4q": null,
            "common_shares": 842276,
            "book_valuer_per_share": 16.21,
            "book_valuer_per_share_4q_avg": 16.37,
            "equity": 1341794,
            "current_ratio": 1318.1,
            "debt_ratio": 6.61,
            "inventory_turnover_ratio": 1.08,
            "account_receivable_turnover_ratio": 0.98,
            "reinvestment_rate": 25.32,
            "research_to_sale_ratio": 21.8,
            "price_fair": 53.99,
            "eps_avg_yearly": 1.54,
            "eps_latest_yearly": 0.12,
            "eps_growth_yearly": 113.36
        },
        "20111": {
            "year_quarter": 20111,
            "year": 2011,
            "quarter": 1,
            "eps": 0.17,
            "eps_growth_year": -67.92,
            "eps_4q": 1.17,
            "eps_4q_growth_year": -35.58,
            "roe": 0.98,
            "roe_4q": 7.24,
            "gross_profit": 59709,
            "gross_margin": 62.4,
            "gross_margin_4q_avg": 65.48,
            "net_income": 13297,
            "net_income_4q": null,
            "revenue": 95683,
            "revenue_4q": null,
            "common_shares": 830261,
            "book_valuer_per_share": 16.38,
            "book_valuer_per_share_4q_avg": 16.29,
            "equity": 1360429,
            "current_ratio": 1288.74,
            "debt_ratio": 6.75,
            "inventory_turnover_ratio": 1.01,
            "account_receivable_turnover_ratio": 1.01,
            "reinvestment_rate": 26.61,
            "research_to_sale_ratio": 26.29,
            "price_fair": 53.29,
            "eps_avg_yearly": 1.52,
            "eps_latest_yearly": 0.68,
            "eps_growth_yearly": 226.62
        },
        "20112": {
            "year_quarter": 20112,
            "year": 2011,
            "quarter": 2,
            "eps": 0.13,
            "eps_growth_year": -77.13,
            "eps_4q": 0.73,
            "eps_4q_growth_year": -64.13,
            "roe": 0.77,
            "roe_4q": 4.5600000000000005,
            "gross_profit": 63628,
            "gross_margin": 65.93,
            "gross_margin_4q_avg": 64.12,
            "net_income": 10120,
            "net_income_4q": null,
            "revenue": 96507,
            "revenue_4q": null,
            "common_shares": 834026,
            "book_valuer_per_share": 15.32,
            "book_valuer_per_share_4q_avg": 16.06,
            "equity": 1281284,
            "current_ratio": 728.82,
            "debt_ratio": 11.27,
            "inventory_turnover_ratio": 0.85,
            "account_receivable_turnover_ratio": 1.1,
            "reinvestment_rate": 21.77,
            "research_to_sale_ratio": 27.14,
            "price_fair": 50.4,
            "eps_avg_yearly": 1.44,
            "eps_latest_yearly": 0.52,
            "eps_growth_yearly": 199.73
        },
        "20113": {
            "year_quarter": 20113,
            "year": 2011,
            "quarter": 3,
            "eps": 0.27,
            "eps_growth_year": -36.77,
            "eps_4q": 0.59,
            "eps_4q_growth_year": -69.38,
            "roe": 1.7,
            "roe_4q": 3.59,
            "gross_profit": 60513,
            "gross_margin": 58.93,
            "gross_margin_4q_avg": 62.46,
            "net_income": 21833,
            "net_income_4q": null,
            "revenue": 102694,
            "revenue_4q": null,
            "common_shares": 851121,
            "book_valuer_per_share": 15.36,
            "book_valuer_per_share_4q_avg": 15.82,
            "equity": 1291787,
            "current_ratio": 704.97,
            "debt_ratio": 11.63,
            "inventory_turnover_ratio": 1.02,
            "account_receivable_turnover_ratio": 1.25,
            "reinvestment_rate": 23.15,
            "research_to_sale_ratio": 24.46,
            "price_fair": 46.03,
            "eps_avg_yearly": 1.32,
            "eps_latest_yearly": 1.08,
            "eps_growth_yearly": 209.81
        },
        "20114": {
            "year_quarter": 20114,
            "year": 2011,
            "quarter": 4,
            "eps": 0.05,
            "eps_growth_year": 70.42,
            "eps_4q": 0.62,
            "eps_4q_growth_year": -58.99,
            "roe": 0.23,
            "roe_4q": 3.68,
            "gross_profit": 45162,
            "gross_margin": 77.96,
            "gross_margin_4q_avg": 66.31,
            "net_income": 2936,
            "net_income_4q": null,
            "revenue": 57929,
            "revenue_4q": null,
            "common_shares": 851230,
            "book_valuer_per_share": 15.29,
            "book_valuer_per_share_4q_avg": 15.59,
            "equity": 1256514,
            "current_ratio": 2247.51,
            "debt_ratio": 4.74,
            "inventory_turnover_ratio": 0.29,
            "account_receivable_turnover_ratio": 0.72,
            "reinvestment_rate": 26.86,
            "research_to_sale_ratio": 39,
            "price_fair": 39.46,
            "eps_avg_yearly": 1.13,
            "eps_latest_yearly": 0.2,
            "eps_growth_yearly": 188.46
        },
        "20121": {
            "year_quarter": 20121,
            "year": 2012,
            "quarter": 1,
            "eps": 0.15,
            "eps_growth_year": -11.76,
            "eps_4q": 0.61,
            "eps_4q_growth_year": -48.2,
            "roe": 0.89,
            "roe_4q": 3.5900000000000003,
            "gross_profit": 61504,
            "gross_margin": 67.5,
            "gross_margin_4q_avg": 67.58,
            "net_income": 11203,
            "net_income_4q": null,
            "revenue": 91114,
            "revenue_4q": null,
            "common_shares": 852271,
            "book_valuer_per_share": 15.38,
            "book_valuer_per_share_4q_avg": 15.34,
            "equity": 1257786,
            "current_ratio": 2211.04,
            "debt_ratio": 4.69,
            "inventory_turnover_ratio": 0.72,
            "account_receivable_turnover_ratio": 1.23,
            "reinvestment_rate": 24.03,
            "research_to_sale_ratio": 23.85,
            "price_fair": 40.34,
            "eps_avg_yearly": 1.15,
            "eps_latest_yearly": 0.6,
            "eps_growth_yearly": 261.9
        },
        "20122": {
            "year_quarter": 20122,
            "year": 2012,
            "quarter": 2,
            "eps": 0.31,
            "eps_growth_year": 139.76,
            "eps_4q": 0.78,
            "eps_4q_growth_year": 6.58,
            "roe": 1.96,
            "roe_4q": 4.78,
            "gross_profit": 68743,
            "gross_margin": 69.2,
            "gross_margin_4q_avg": 68.4,
            "net_income": 24482,
            "net_income_4q": null,
            "revenue": 99338,
            "revenue_4q": null,
            "common_shares": 852590,
            "book_valuer_per_share": 15.1,
            "book_valuer_per_share_4q_avg": 15.28,
            "equity": 1235272,
            "current_ratio": 926.02,
            "debt_ratio": 9.34,
            "inventory_turnover_ratio": 0.8,
            "account_receivable_turnover_ratio": 1.42,
            "reinvestment_rate": 22.59,
            "research_to_sale_ratio": 25.28,
            "price_fair": 41.3,
            "eps_avg_yearly": 1.18,
            "eps_latest_yearly": 1.24,
            "eps_growth_yearly": 213.57
        },
        "20123": {
            "year_quarter": 20123,
            "year": 2012,
            "quarter": 3,
            "eps": 0.17,
            "eps_growth_year": -39.02,
            "eps_4q": 0.67,
            "eps_4q_growth_year": 12.85,
            "roe": 1.09,
            "roe_4q": 4.17,
            "gross_profit": 62193,
            "gross_margin": 68.01,
            "gross_margin_4q_avg": 70.67,
            "net_income": 13560,
            "net_income_4q": null,
            "revenue": 91445,
            "revenue_4q": null,
            "common_shares": 852891,
            "book_valuer_per_share": 15.22,
            "book_valuer_per_share_4q_avg": 15.25,
            "equity": 1245380,
            "current_ratio": 2177.3,
            "debt_ratio": 4.85,
            "inventory_turnover_ratio": 0.76,
            "account_receivable_turnover_ratio": 1.44,
            "reinvestment_rate": 22.91,
            "research_to_sale_ratio": 24.31,
            "price_fair": 40.08,
            "eps_avg_yearly": 1.15,
            "eps_latest_yearly": 0.68,
            "eps_growth_yearly": 188.53
        },
        "20124": {
            "year_quarter": 20124,
            "year": 2012,
            "quarter": 4,
            "eps": 0.13,
            "eps_growth_year": 181.26,
            "eps_4q": 0.75,
            "eps_4q_growth_year": 20.38,
            "roe": 0.85,
            "roe_4q": 4.79,
            "gross_profit": 59958,
            "gross_margin": 64.22,
            "gross_margin_4q_avg": 67.23,
            "net_income": 10597,
            "net_income_4q": null,
            "revenue": 93359,
            "revenue_4q": null,
            "common_shares": 852891,
            "book_valuer_per_share": 15.34,
            "book_valuer_per_share_4q_avg": 15.26,
            "equity": 1254969,
            "current_ratio": 1735.02,
            "debt_ratio": 5.71,
            "inventory_turnover_ratio": 0.97,
            "account_receivable_turnover_ratio": 1.51,
            "reinvestment_rate": 15.88,
            "research_to_sale_ratio": 22.38,
            "price_fair": 39.9,
            "eps_avg_yearly": 1.14,
            "eps_latest_yearly": 0.52,
            "eps_growth_yearly": 195.55
        },
        "20131": {
            "year_quarter": 20131,
            "year": 2013,
            "quarter": 1,
            "eps": 0.17,
            "eps_growth_year": 13.33,
            "eps_4q": 0.76,
            "eps_4q_growth_year": 25.16,
            "roe": 1.09,
            "roe_4q": 4.99,
            "gross_profit": 56868,
            "gross_margin": 70.11,
            "gross_margin_4q_avg": 67.89,
            "net_income": 13862,
            "net_income_4q": null,
            "revenue": 81111,
            "revenue_4q": null,
            "common_shares": 852891,
            "book_valuer_per_share": 15.53,
            "book_valuer_per_share_4q_avg": 15.3,
            "equity": 1289216,
            "current_ratio": 2197.36,
            "debt_ratio": 5.03,
            "inventory_turnover_ratio": 0.81,
            "account_receivable_turnover_ratio": 1.6,
            "reinvestment_rate": 15.22,
            "research_to_sale_ratio": 28.51,
            "price_fair": 38.68,
            "eps_avg_yearly": 1.11,
            "eps_latest_yearly": 0.68,
            "eps_growth_yearly": 176.57
        },
        "20132": {
            "year_quarter": 20132,
            "year": 2013,
            "quarter": 2,
            "eps": 0.21,
            "eps_growth_year": -31.37,
            "eps_4q": 0.67,
            "eps_4q_growth_year": -13.7,
            "roe": 1.42,
            "roe_4q": 4.45,
            "gross_profit": 64409,
            "gross_margin": 68.43,
            "gross_margin_4q_avg": 67.69,
            "net_income": 17848,
            "net_income_4q": null,
            "revenue": 94129,
            "revenue_4q": null,
            "common_shares": 852891,
            "book_valuer_per_share": 14.76,
            "book_valuer_per_share_4q_avg": 15.21,
            "equity": 1225217,
            "current_ratio": 769.15,
            "debt_ratio": 11.4,
            "inventory_turnover_ratio": 1.05,
            "account_receivable_turnover_ratio": 2.51,
            "reinvestment_rate": 8.54,
            "research_to_sale_ratio": 23.52,
            "price_fair": 37.8,
            "eps_avg_yearly": 1.08,
            "eps_latest_yearly": 0.84,
            "eps_growth_yearly": 182.46
        },
        "20133": {
            "year_quarter": 20133,
            "year": 2013,
            "quarter": 3,
            "eps": 0.24,
            "eps_growth_year": 44.84,
            "eps_4q": 0.75,
            "eps_4q_growth_year": 13.19,
            "roe": 1.65,
            "roe_4q": 5.01,
            "gross_profit": 66617,
            "gross_margin": 70.4,
            "gross_margin_4q_avg": 68.29,
            "net_income": 20314,
            "net_income_4q": null,
            "revenue": 94627,
            "revenue_4q": null,
            "common_shares": 852891,
            "book_valuer_per_share": 14.98,
            "book_valuer_per_share_4q_avg": 15.15,
            "equity": 1243842,
            "current_ratio": 1532.87,
            "debt_ratio": 6.6,
            "inventory_turnover_ratio": 0.9,
            "account_receivable_turnover_ratio": 2.38,
            "reinvestment_rate": -0.06,
            "research_to_sale_ratio": 22.64,
            "price_fair": 35,
            "eps_avg_yearly": 1,
            "eps_latest_yearly": 0.96,
            "eps_growth_yearly": 165.87
        },
        "20134": {
            "year_quarter": 20134,
            "year": 2013,
            "quarter": 4,
            "eps": 0.24,
            "eps_growth_year": 85.21,
            "eps_4q": 0.87,
            "eps_4q_growth_year": 15.58,
            "roe": 1.59,
            "roe_4q": 5.75,
            "gross_profit": 57423,
            "gross_margin": 66.67,
            "gross_margin_4q_avg": 68.9,
            "net_income": 19912,
            "net_income_4q": null,
            "revenue": 86136,
            "revenue_4q": null,
            "common_shares": 852891,
            "book_valuer_per_share": 15.24,
            "book_valuer_per_share_4q_avg": 15.13,
            "equity": 1265582,
            "current_ratio": 2047.86,
            "debt_ratio": 5.35,
            "inventory_turnover_ratio": 0.96,
            "account_receivable_turnover_ratio": 2.04,
            "reinvestment_rate": -36.4,
            "research_to_sale_ratio": 24.41,
            "price_fair": 33.16,
            "eps_avg_yearly": 0.95,
            "eps_latest_yearly": 0.96,
            "eps_growth_yearly": 170.78
        },
        "20141": {
            "year_quarter": 20141,
            "year": 2014,
            "quarter": 1,
            "eps": 0.25,
            "eps_growth_year": 47.06,
            "eps_4q": 0.95,
            "eps_4q_growth_year": 24.81,
            "roe": 1.61,
            "roe_4q": 6.27,
            "gross_profit": 53348,
            "gross_margin": 70.3,
            "gross_margin_4q_avg": 68.95,
            "net_income": 20597,
            "net_income_4q": null,
            "revenue": 75882,
            "revenue_4q": null,
            "common_shares": 852891,
            "book_valuer_per_share": 15.51,
            "book_valuer_per_share_4q_avg": 15.12,
            "equity": 1288255,
            "current_ratio": 1956.47,
            "debt_ratio": 5.44,
            "inventory_turnover_ratio": 0.94,
            "account_receivable_turnover_ratio": 1.65,
            "reinvestment_rate": -39.11,
            "research_to_sale_ratio": 27.03,
            "price_fair": 30.71,
            "eps_avg_yearly": 0.88,
            "eps_latest_yearly": 1,
            "eps_growth_yearly": 167.37
        },
        "20142": {
            "year_quarter": 20142,
            "year": 2014,
            "quarter": 2,
            "eps": 0.25,
            "eps_growth_year": 19.05,
            "eps_4q": 0.98,
            "eps_4q_growth_year": 46.24,
            "roe": 1.67,
            "roe_4q": 6.52,
            "gross_profit": 61540,
            "gross_margin": 71.04,
            "gross_margin_4q_avg": 69.6,
            "net_income": 20919,
            "net_income_4q": null,
            "revenue": 86624,
            "revenue_4q": null,
            "common_shares": 853461,
            "book_valuer_per_share": 14.66,
            "book_valuer_per_share_4q_avg": 15.1,
            "equity": 1217823,
            "current_ratio": 703.24,
            "debt_ratio": 12.38,
            "inventory_turnover_ratio": 1.03,
            "account_receivable_turnover_ratio": 1.83,
            "reinvestment_rate": -39.34,
            "research_to_sale_ratio": 24.96,
            "price_fair": 28,
            "eps_avg_yearly": 0.8,
            "eps_latest_yearly": 1,
            "eps_growth_yearly": 165.96
        },
        "20143": {
            "year_quarter": 20143,
            "year": 2014,
            "quarter": 3,
            "eps": 0.25,
            "eps_growth_year": 4.17,
            "eps_4q": 0.99,
            "eps_4q_growth_year": 30.73,
            "roe": 1.66,
            "roe_4q": 6.53,
            "gross_profit": 58000,
            "gross_margin": 70.47,
            "gross_margin_4q_avg": 69.62,
            "net_income": 20471,
            "net_income_4q": null,
            "revenue": 82305,
            "revenue_4q": null,
            "common_shares": 854521,
            "book_valuer_per_share": 14.94,
            "book_valuer_per_share_4q_avg": 15.09,
            "equity": 1243192,
            "current_ratio": 1977.18,
            "debt_ratio": 5.35,
            "inventory_turnover_ratio": 0.85,
            "account_receivable_turnover_ratio": 1.89,
            "reinvestment_rate": -31.6,
            "research_to_sale_ratio": 27.18,
            "price_fair": 26.43,
            "eps_avg_yearly": 0.76,
            "eps_latest_yearly": 1,
            "eps_growth_yearly": 171.76
        },
        "20144": {
            "year_quarter": 20144,
            "year": 2014,
            "quarter": 4,
            "eps": 0.25,
            "eps_growth_year": 5.55,
            "eps_4q": 1,
            "eps_4q_growth_year": 15.37,
            "roe": 1.69,
            "roe_4q": 6.63,
            "gross_profit": 52749,
            "gross_margin": 68.04,
            "gross_margin_4q_avg": 69.96,
            "net_income": 21202,
            "net_income_4q": null,
            "revenue": 77522,
            "revenue_4q": null,
            "common_shares": 832151,
            "book_valuer_per_share": 15.2,
            "book_valuer_per_share_4q_avg": 15.08,
            "equity": 1264882,
            "current_ratio": 1904.13,
            "debt_ratio": 5.63,
            "inventory_turnover_ratio": 0.79,
            "account_receivable_turnover_ratio": 1.79,
            "reinvestment_rate": -26.29,
            "research_to_sale_ratio": 28.69,
            "price_fair": 28.35,
            "eps_avg_yearly": 0.81,
            "eps_latest_yearly": 1,
            "eps_growth_yearly": 195.02
        },
        "20151": {
            "year_quarter": 20151,
            "year": 2015,
            "quarter": 1,
            "eps": 0.1,
            "eps_growth_year": -60,
            "eps_4q": 0.86,
            "eps_4q_growth_year": -9.7,
            "roe": 0.68,
            "roe_4q": 5.7,
            "gross_profit": 49015,
            "gross_margin": 68.77,
            "gross_margin_4q_avg": 69.58,
            "net_income": 8659,
            "net_income_4q": null,
            "revenue": 71275,
            "revenue_4q": null,
            "common_shares": 832551,
            "book_valuer_per_share": 15.37,
            "book_valuer_per_share_4q_avg": 15.04,
            "equity": 1279416,
            "current_ratio": 2130.23,
            "debt_ratio": 5.23,
            "inventory_turnover_ratio": 0.71,
            "account_receivable_turnover_ratio": 1.71,
            "reinvestment_rate": -27.83,
            "research_to_sale_ratio": 26.85,
            "price_fair": 27.74,
            "eps_avg_yearly": 0.79,
            "eps_latest_yearly": 0.4,
            "eps_growth_yearly": 63.35
        },
        "20152": {
            "year_quarter": 20152,
            "year": 2015,
            "quarter": 2,
            "eps": 0.33,
            "eps_growth_year": 32,
            "eps_4q": 0.93,
            "eps_4q_growth_year": -5.52,
            "roe": 2.18,
            "roe_4q": 6.210000000000001,
            "gross_profit": 60098,
            "gross_margin": 68.2,
            "gross_margin_4q_avg": 68.87,
            "net_income": 27070,
            "net_income_4q": null,
            "revenue": 88114,
            "revenue_4q": null,
            "common_shares": 832551,
            "book_valuer_per_share": 14.48,
            "book_valuer_per_share_4q_avg": 15,
            "equity": 1205357,
            "current_ratio": 714.95,
            "debt_ratio": 12.35,
            "inventory_turnover_ratio": 0.95,
            "account_receivable_turnover_ratio": 1.85,
            "reinvestment_rate": -20.76,
            "research_to_sale_ratio": 23.42,
            "price_fair": 29.49,
            "eps_avg_yearly": 0.84,
            "eps_latest_yearly": 1.32,
            "eps_growth_yearly": 126.73
        },
        "20153": {
            "year_quarter": 20153,
            "year": 2015,
            "quarter": 3,
            "eps": 0.34,
            "eps_growth_year": 36,
            "eps_4q": 1.02,
            "eps_4q_growth_year": 3.69,
            "roe": 2.33,
            "roe_4q": 6.879999999999999,
            "gross_profit": 53233,
            "gross_margin": 67.18,
            "gross_margin_4q_avg": 68.05,
            "net_income": 28339,
            "net_income_4q": null,
            "revenue": 79241,
            "revenue_4q": null,
            "common_shares": 832551,
            "book_valuer_per_share": 14.79,
            "book_valuer_per_share_4q_avg": 14.96,
            "equity": 1231109,
            "current_ratio": 1925.75,
            "debt_ratio": 5.72,
            "inventory_turnover_ratio": 0.84,
            "account_receivable_turnover_ratio": 1.49,
            "reinvestment_rate": -23.56,
            "research_to_sale_ratio": 26.97,
            "price_fair": 30.1,
            "eps_avg_yearly": 0.86,
            "eps_latest_yearly": 1.36,
            "eps_growth_yearly": 100.57
        },
        "20154": {
            "year_quarter": 20154,
            "year": 2015,
            "quarter": 4,
            "eps": 0.24,
            "eps_growth_year": -3.81,
            "eps_4q": 1.01,
            "eps_4q_growth_year": 1.34,
            "roe": 1.64,
            "roe_4q": 6.83,
            "gross_profit": 62317,
            "gross_margin": 69.04,
            "gross_margin_4q_avg": 68.3,
            "net_income": 20274,
            "net_income_4q": null,
            "revenue": 90267,
            "revenue_4q": null,
            "common_shares": 832551,
            "book_valuer_per_share": 14.99,
            "book_valuer_per_share_4q_avg": 14.91,
            "equity": 1248271,
            "current_ratio": 1739.02,
            "debt_ratio": 6.62,
            "inventory_turnover_ratio": 0.87,
            "account_receivable_turnover_ratio": 1.76,
            "reinvestment_rate": -21.44,
            "research_to_sale_ratio": 24.52,
            "price_fair": 31.76,
            "eps_avg_yearly": 0.91,
            "eps_latest_yearly": 0.96,
            "eps_growth_yearly": 113.59
        },
        "20161": {
            "year_quarter": 20161,
            "year": 2016,
            "quarter": 1,
            "eps": 0.22,
            "eps_growth_year": 120,
            "eps_4q": 1.13,
            "eps_4q_growth_year": 31.75,
            "roe": 1.44,
            "roe_4q": 7.59,
            "gross_profit": 56790,
            "gross_margin": 70.32,
            "gross_margin_4q_avg": 68.69,
            "net_income": 18187,
            "net_income_4q": null,
            "revenue": 80758,
            "revenue_4q": null,
            "common_shares": 832551,
            "book_valuer_per_share": 15.26,
            "book_valuer_per_share_4q_avg": 14.88,
            "equity": 1270694,
            "current_ratio": 1763.12,
            "debt_ratio": 5.92,
            "inventory_turnover_ratio": 0.77,
            "account_receivable_turnover_ratio": 1.59,
            "reinvestment_rate": -17.84,
            "research_to_sale_ratio": 22.98,
            "price_fair": 32.38,
            "eps_avg_yearly": 0.93,
            "eps_latest_yearly": 0.88,
            "eps_growth_yearly": 61.5
        },
        "20162": {
            "year_quarter": 20162,
            "year": 2016,
            "quarter": 2,
            "eps": 0.21,
            "eps_growth_year": -36.36,
            "eps_4q": 1.01,
            "eps_4q_growth_year": 8.73,
            "roe": 1.41,
            "roe_4q": 6.819999999999999,
            "gross_profit": 53675,
            "gross_margin": 69.04,
            "gross_margin_4q_avg": 68.9,
            "net_income": 17360,
            "net_income_4q": null,
            "revenue": 77744,
            "revenue_4q": null,
            "common_shares": 832551,
            "book_valuer_per_share": 14.26,
            "book_valuer_per_share_4q_avg": 14.83,
            "equity": 1187540,
            "current_ratio": 659.33,
            "debt_ratio": 13.3,
            "inventory_turnover_ratio": 0.75,
            "account_receivable_turnover_ratio": 1.74,
            "reinvestment_rate": -19.44,
            "research_to_sale_ratio": 25.61,
            "price_fair": 31.5,
            "eps_avg_yearly": 0.9,
            "eps_latest_yearly": 0.84,
            "eps_growth_yearly": 33.7
        },
        "20163": {
            "year_quarter": 20163,
            "year": 2016,
            "quarter": 3,
            "eps": 0.16,
            "eps_growth_year": -52.94,
            "eps_4q": 0.83,
            "eps_4q_growth_year": -18.89,
            "roe": 1.11,
            "roe_4q": 5.6,
            "gross_profit": 53214,
            "gross_margin": 69.61,
            "gross_margin_4q_avg": 69.5,
            "net_income": 13234,
            "net_income_4q": null,
            "revenue": 76450,
            "revenue_4q": null,
            "common_shares": 832551,
            "book_valuer_per_share": 14.39,
            "book_valuer_per_share_4q_avg": 14.73,
            "equity": 1198230,
            "current_ratio": 2126.33,
            "debt_ratio": 5.2,
            "inventory_turnover_ratio": 0.74,
            "account_receivable_turnover_ratio": 1.86,
            "reinvestment_rate": -19.33,
            "research_to_sale_ratio": 24.77,
            "price_fair": 31.41,
            "eps_avg_yearly": 0.9,
            "eps_latest_yearly": 0.64,
            "eps_growth_yearly": 39.04
        },
        "20164": {
            "year_quarter": 20164,
            "year": 2016,
            "quarter": 4,
            "eps": 0.27,
            "eps_growth_year": 10.93,
            "eps_4q": 0.86,
            "eps_4q_growth_year": -15.5,
            "roe": 1.83,
            "roe_4q": 5.790000000000001,
            "gross_profit": 53695,
            "gross_margin": 69.2,
            "gross_margin_4q_avg": 69.54,
            "net_income": 22105,
            "net_income_4q": null,
            "revenue": 77593,
            "revenue_4q": null,
            "common_shares": 832551,
            "book_valuer_per_share": 14.65,
            "book_valuer_per_share_4q_avg": 14.64,
            "equity": 1220622,
            "current_ratio": 1783.13,
            "debt_ratio": 6.07,
            "inventory_turnover_ratio": 0.82,
            "account_receivable_turnover_ratio": 1.84,
            "reinvestment_rate": -16.96,
            "research_to_sale_ratio": 26.28,
            "price_fair": 32.64,
            "eps_avg_yearly": 0.93,
            "eps_latest_yearly": 1.08,
            "eps_growth_yearly": 62.11
        },
        "20171": {
            "year_quarter": 20171,
            "year": 2017,
            "quarter": 1,
            "eps": 0.07,
            "eps_growth_year": -68.18,
            "eps_4q": 0.71,
            "eps_4q_growth_year": -37.28,
            "roe": 0.46,
            "roe_4q": 4.8100000000000005,
            "gross_profit": 49832,
            "gross_margin": 69.61,
            "gross_margin_4q_avg": 69.37,
            "net_income": 5641,
            "net_income_4q": null,
            "revenue": 71590,
            "revenue_4q": null,
            "common_shares": 832551,
            "book_valuer_per_share": 14.71,
            "book_valuer_per_share_4q_avg": 14.5,
            "equity": 1224798,
            "current_ratio": 1680.76,
            "debt_ratio": 5.81,
            "inventory_turnover_ratio": 0.77,
            "account_receivable_turnover_ratio": 1.71,
            "reinvestment_rate": -14.31,
            "research_to_sale_ratio": 25.54,
            "price_fair": 31.76,
            "eps_avg_yearly": 0.91,
            "eps_latest_yearly": 0.28,
            "eps_growth_yearly": 35.9
        },
        "20172": {
            "year_quarter": 20172,
            "year": 2017,
            "quarter": 2,
            "eps": 0.24,
            "eps_growth_year": 14.29,
            "eps_4q": 0.74,
            "eps_4q_growth_year": -26.84,
            "roe": 1.67,
            "roe_4q": 5.07,
            "gross_profit": 56930,
            "gross_margin": 67.65,
            "gross_margin_4q_avg": 69.02,
            "net_income": 19851,
            "net_income_4q": null,
            "revenue": 84149,
            "revenue_4q": null,
            "common_shares": 832551,
            "book_valuer_per_share": 13.86,
            "book_valuer_per_share_4q_avg": 14.4,
            "equity": 1154553,
            "current_ratio": 1768.43,
            "debt_ratio": 5.6,
            "inventory_turnover_ratio": 0.96,
            "account_receivable_turnover_ratio": 1.89,
            "reinvestment_rate": -6.55,
            "research_to_sale_ratio": 22.09,
            "price_fair": 32.03,
            "eps_avg_yearly": 0.92,
            "eps_latest_yearly": 0.96,
            "eps_growth_yearly": 90.73
        },
        "20173": {
            "year_quarter": 20173,
            "year": 2017,
            "quarter": 3,
            "eps": 0.22,
            "eps_growth_year": 37.5,
            "eps_4q": 0.79,
            "eps_4q_growth_year": -5.02,
            "roe": 1.55,
            "roe_4q": 5.51,
            "gross_profit": 55651,
            "gross_margin": 69.23,
            "gross_margin_4q_avg": 68.92,
            "net_income": 18165,
            "net_income_4q": null,
            "revenue": 80380,
            "revenue_4q": null,
            "common_shares": 832551,
            "book_valuer_per_share": 14.05,
            "book_valuer_per_share_4q_avg": 14.32,
            "equity": 1188289,
            "current_ratio": 2031.4,
            "debt_ratio": 5.06,
            "inventory_turnover_ratio": 0.81,
            "account_receivable_turnover_ratio": 1.79,
            "reinvestment_rate": -4.99,
            "research_to_sale_ratio": 24.45,
            "price_fair": 31.85,
            "eps_avg_yearly": 0.91,
            "eps_latest_yearly": 0.88,
            "eps_growth_yearly": 85.07
        },
        "20174": {
            "year_quarter": 20174,
            "year": 2017,
            "quarter": 4,
            "eps": 0.1,
            "eps_growth_year": -64.14,
            "eps_4q": 0.62,
            "eps_4q_growth_year": -27.8,
            "roe": 0.69,
            "roe_4q": 4.37,
            "gross_profit": 47659,
            "gross_margin": 66.92,
            "gross_margin_4q_avg": 68.35,
            "net_income": 8223,
            "net_income_4q": null,
            "revenue": 71223,
            "revenue_4q": null,
            "common_shares": 846551,
            "book_valuer_per_share": 14.17,
            "book_valuer_per_share_4q_avg": 14.2,
            "equity": 1200098,
            "current_ratio": 2016.59,
            "debt_ratio": 5.19,
            "inventory_turnover_ratio": 0.67,
            "account_receivable_turnover_ratio": 1.82,
            "reinvestment_rate": -3.79,
            "research_to_sale_ratio": 27.66,
            "price_fair": 30.63,
            "eps_avg_yearly": 0.88,
            "eps_latest_yearly": 0.4,
            "eps_growth_yearly": 71.44
        },
        "20181": {
            "year_quarter": 20181,
            "year": 2018,
            "quarter": 1,
            "eps": 0.04,
            "eps_growth_year": -42.86,
            "eps_4q": 0.59,
            "eps_4q_growth_year": -17.12,
            "roe": 0.27,
            "roe_4q": 4.18,
            "gross_profit": 39838,
            "gross_margin": 64.94,
            "gross_margin_4q_avg": 67.19,
            "net_income": 3252,
            "net_income_4q": null,
            "revenue": 61345,
            "revenue_4q": null,
            "common_shares": 846551,
            "book_valuer_per_share": 14.17,
            "book_valuer_per_share_4q_avg": 14.06,
            "equity": 1200187,
            "current_ratio": 2672.1,
            "debt_ratio": 4.29,
            "inventory_turnover_ratio": 0.57,
            "account_receivable_turnover_ratio": 1.64,
            "reinvestment_rate": -4.31,
            "research_to_sale_ratio": 31.79,
            "price_fair": 28.79,
            "eps_avg_yearly": 0.82,
            "eps_latest_yearly": 0.16,
            "eps_growth_yearly": 55.4
        },
        "20182": {
            "year_quarter": 20182,
            "year": 2018,
            "quarter": 2,
            "eps": 0.2,
            "eps_growth_year": -16.67,
            "eps_4q": 0.55,
            "eps_4q_growth_year": -25.19,
            "roe": 1.48,
            "roe_4q": 3.99,
            "gross_profit": 46367,
            "gross_margin": 64.78,
            "gross_margin_4q_avg": 66.47,
            "net_income": 17399,
            "net_income_4q": null,
            "revenue": 71574,
            "revenue_4q": null,
            "common_shares": 846551,
            "book_valuer_per_share": 13.52,
            "book_valuer_per_share_4q_avg": 13.98,
            "equity": 1145993,
            "current_ratio": 834.52,
            "debt_ratio": 10.69,
            "inventory_turnover_ratio": 0.7,
            "account_receivable_turnover_ratio": 1.83,
            "reinvestment_rate": -5.57,
            "research_to_sale_ratio": 31.42,
            "price_fair": 28.35,
            "eps_avg_yearly": 0.81,
            "eps_latest_yearly": 0.8,
            "eps_growth_yearly": 155.4
        },
        "20183": {
            "year_quarter": 20183,
            "year": 2018,
            "quarter": 3,
            "eps": 0.14,
            "eps_growth_year": -36.36,
            "eps_4q": 0.48,
            "eps_4q_growth_year": -39.58,
            "roe": 1.02,
            "roe_4q": 3.46,
            "gross_profit": 46002,
            "gross_margin": 67.9,
            "gross_margin_4q_avg": 66.14,
            "net_income": 11736,
            "net_income_4q": null,
            "revenue": 67748,
            "revenue_4q": null,
            "common_shares": 846551,
            "book_valuer_per_share": 13.68,
            "book_valuer_per_share_4q_avg": 13.89,
            "equity": 1158895,
            "current_ratio": 2394.29,
            "debt_ratio": 4.67,
            "inventory_turnover_ratio": 0.66,
            "account_receivable_turnover_ratio": 1.72,
            "reinvestment_rate": -14.84,
            "research_to_sale_ratio": 29.67,
            "price_fair": 27.39,
            "eps_avg_yearly": 0.78,
            "eps_latest_yearly": 0.56,
            "eps_growth_yearly": 147.9
        },
        "20184": {
            "year_quarter": 20184,
            "year": 2018,
            "quarter": 4,
            "eps": 0.07,
            "eps_growth_year": -31.68,
            "eps_4q": 0.45,
            "eps_4q_growth_year": -27.3,
            "roe": 0.48,
            "roe_4q": 3.25,
            "gross_profit": 41589,
            "gross_margin": 68.82,
            "gross_margin_4q_avg": 66.61,
            "net_income": 5536,
            "net_income_4q": null,
            "revenue": 60428,
            "revenue_4q": null,
            "common_shares": 846551,
            "book_valuer_per_share": 13.72,
            "book_valuer_per_share_4q_avg": 13.77,
            "equity": 1150433,
            "current_ratio": 2238.89,
            "debt_ratio": 4.87,
            "inventory_turnover_ratio": 0.57,
            "account_receivable_turnover_ratio": 1.51,
            "reinvestment_rate": -13.27,
            "research_to_sale_ratio": 35.94,
            "price_fair": 25.81,
            "eps_avg_yearly": 0.74,
            "eps_latest_yearly": 0.28,
            "eps_growth_yearly": 135.4
        },
        "20191": {
            "year_quarter": 20191,
            "year": 2019,
            "quarter": 1,
            "eps": 0.1,
            "eps_growth_year": 150,
            "eps_4q": 0.52,
            "eps_4q_growth_year": -11.48,
            "roe": 0.75,
            "roe_4q": 3.73,
            "gross_profit": 30518,
            "gross_margin": 64.41,
            "gross_margin_4q_avg": 66.48,
            "net_income": 8581,
            "net_income_4q": null,
            "revenue": 47382,
            "revenue_4q": null,
            "common_shares": 846551,
            "book_valuer_per_share": 13.82,
            "book_valuer_per_share_4q_avg": 13.69,
            "equity": 1149760,
            "current_ratio": 2560.43,
            "debt_ratio": 9.18,
            "inventory_turnover_ratio": 0.5,
            "account_receivable_turnover_ratio": 1.26,
            "reinvestment_rate": -4.71,
            "research_to_sale_ratio": 38.86,
            "price_fair": 25.81,
            "eps_avg_yearly": 0.74,
            "eps_latest_yearly": 0.4,
            "eps_growth_yearly": 161.11
        },
        "20192": {
            "year_quarter": 20192,
            "year": 2019,
            "quarter": 2,
            "eps": 0.09,
            "eps_growth_year": -55,
            "eps_4q": 0.4,
            "eps_4q_growth_year": -27.56,
            "roe": 0.67,
            "roe_4q": 2.92,
            "gross_profit": 39195,
            "gross_margin": 65.67,
            "gross_margin_4q_avg": 66.7,
            "net_income": 7466,
            "net_income_4q": null,
            "revenue": 59686,
            "revenue_4q": null,
            "common_shares": 846551,
            "book_valuer_per_share": 13.12,
            "book_valuer_per_share_4q_avg": 13.59,
            "equity": 1092163,
            "current_ratio": 857.68,
            "debt_ratio": 14.5,
            "inventory_turnover_ratio": 0.66,
            "account_receivable_turnover_ratio": 1.64,
            "reinvestment_rate": -0.3,
            "research_to_sale_ratio": 32.57,
            "price_fair": 23.71,
            "eps_avg_yearly": 0.68,
            "eps_latest_yearly": 0.36,
            "eps_growth_yearly": 101.11
        },
        "20193": {
            "year_quarter": 20193,
            "year": 2019,
            "quarter": 3,
            "eps": 0.11,
            "eps_growth_year": -21.43,
            "eps_4q": 0.37,
            "eps_4q_growth_year": -22.25,
            "roe": 0.84,
            "roe_4q": 2.7399999999999998,
            "gross_profit": 44345,
            "gross_margin": 68.21,
            "gross_margin_4q_avg": 66.78,
            "net_income": 9190,
            "net_income_4q": null,
            "revenue": 65010,
            "revenue_4q": null,
            "common_shares": 846551,
            "book_valuer_per_share": 13.23,
            "book_valuer_per_share_4q_avg": 13.47,
            "equity": 1101385,
            "current_ratio": 1938.07,
            "debt_ratio": 10.08,
            "inventory_turnover_ratio": 0.77,
            "account_receivable_turnover_ratio": 1.77,
            "reinvestment_rate": 2.36,
            "research_to_sale_ratio": 29.88,
            "price_fair": 21.7,
            "eps_avg_yearly": 0.62,
            "eps_latest_yearly": 0.44,
            "eps_growth_yearly": 105.91
        },
        "20194": {
            "year_quarter": 20194,
            "year": 2019,
            "quarter": 4,
            "eps": 0.19,
            "eps_growth_year": 193.9,
            "eps_4q": 0.5,
            "eps_4q_growth_year": 10.81,
            "roe": 1.47,
            "roe_4q": 3.73,
            "gross_profit": 46991,
            "gross_margin": 66.7,
            "gross_margin_4q_avg": 66.25,
            "net_income": 16196,
            "net_income_4q": null,
            "revenue": 70453,
            "revenue_4q": null,
            "common_shares": 846551,
            "book_valuer_per_share": 13.28,
            "book_valuer_per_share_4q_avg": 13.36,
            "equity": 1105468,
            "current_ratio": 1681.2,
            "debt_ratio": 10.48,
            "inventory_turnover_ratio": 0.89,
            "account_receivable_turnover_ratio": 2.07,
            "reinvestment_rate": 18.5,
            "research_to_sale_ratio": 27.96,
            "price_fair": 21.26,
            "eps_avg_yearly": 0.61,
            "eps_latest_yearly": 0.76,
            "eps_growth_yearly": 131.44
        },
        "20201": {
            "year_quarter": 20201,
            "year": 2020,
            "quarter": 1,
            "eps": 0.01,
            "eps_growth_year": -90,
            "eps_4q": 0.41,
            "eps_4q_growth_year": -21.62,
            "roe": 0.04,
            "roe_4q": 3.02,
            "gross_profit": 36129,
            "gross_margin": 73.32,
            "gross_margin_4q_avg": 68.48,
            "net_income": 463,
            "net_income_4q": null,
            "revenue": 49274,
            "revenue_4q": null,
            "common_shares": 846551,
            "book_valuer_per_share": 13.26,
            "book_valuer_per_share_4q_avg": 13.22,
            "equity": 1086402,
            "current_ratio": 2136.94,
            "debt_ratio": 9.82,
            "inventory_turnover_ratio": 0.41,
            "account_receivable_turnover_ratio": 1.48,
            "reinvestment_rate": 11.99,
            "research_to_sale_ratio": 33.25,
            "price_fair": 19.43,
            "eps_avg_yearly": 0.56,
            "eps_latest_yearly": 0.04,
            "eps_growth_yearly": 109.84
        },
        "20202": {
            "year_quarter": 20202,
            "year": 2020,
            "quarter": 2,
            "eps": 0.23,
            "eps_growth_year": 155.56,
            "eps_4q": 0.55,
            "eps_4q_growth_year": 36.47,
            "roe": 1.78,
            "roe_4q": 4.13,
            "gross_profit": 41929,
            "gross_margin": 65.24,
            "gross_margin_4q_avg": 68.37,
            "net_income": 18888,
            "net_income_4q": null,
            "revenue": 64267,
            "revenue_4q": null,
            "common_shares": 846551,
            "book_valuer_per_share": 12.65,
            "book_valuer_per_share_4q_avg": 13.11,
            "equity": 1035062,
            "current_ratio": 763.47,
            "debt_ratio": 15.27,
            "inventory_turnover_ratio": 0.66,
            "account_receivable_turnover_ratio": 1.72,
            "reinvestment_rate": 20.07,
            "research_to_sale_ratio": 27.68,
            "price_fair": 19.6,
            "eps_avg_yearly": 0.56,
            "eps_latest_yearly": 0.92,
            "eps_growth_yearly": 660.98
        },
        "20203": {
            "year_quarter": 20203,
            "year": 2020,
            "quarter": 3,
            "eps": 0.07,
            "eps_growth_year": -36.36,
            "eps_4q": 0.5,
            "eps_4q_growth_year": 36.08,
            "roe": 0.54,
            "roe_4q": 3.83,
            "gross_profit": 38345,
            "gross_margin": 67.1,
            "gross_margin_4q_avg": 68.09,
            "net_income": 5613,
            "net_income_4q": null,
            "revenue": 57149,
            "revenue_4q": null,
            "common_shares": 846321,
            "book_valuer_per_share": 12.69,
            "book_valuer_per_share_4q_avg": 12.97,
            "equity": 1037084,
            "current_ratio": 2283.21,
            "debt_ratio": 9.73,
            "inventory_turnover_ratio": 0.62,
            "account_receivable_turnover_ratio": 1.49,
            "reinvestment_rate": 24.46,
            "research_to_sale_ratio": 28.36,
            "price_fair": 18.81,
            "eps_avg_yearly": 0.54,
            "eps_latest_yearly": 0.28,
            "eps_growth_yearly": 649.54
        },
        "20204": {
            "year_quarter": 20204,
            "year": 2020,
            "quarter": 4,
            "eps": 0.1,
            "eps_growth_year": -46.7,
            "eps_4q": 0.41,
            "eps_4q_growth_year": -17.78,
            "roe": 0.81,
            "roe_4q": 3.17,
            "gross_profit": 40374,
            "gross_margin": 64.24,
            "gross_margin_4q_avg": 67.48,
            "net_income": 8472,
            "net_income_4q": null,
            "revenue": 62852,
            "revenue_4q": null,
            "common_shares": 846321,
            "book_valuer_per_share": 12.77,
            "book_valuer_per_share_4q_avg": 12.84,
            "equity": 1043786,
            "current_ratio": 1966.69,
            "debt_ratio": 10.05,
            "inventory_turnover_ratio": 0.83,
            "account_receivable_turnover_ratio": 1.82,
            "reinvestment_rate": 33.05,
            "research_to_sale_ratio": 27.22,
            "price_fair": 17.33,
            "eps_avg_yearly": 0.5,
            "eps_latest_yearly": 0.4,
            "eps_growth_yearly": 643.07
        },
        "20211": {
            "year_quarter": 20211,
            "year": 2021,
            "quarter": 1,
            "eps": 0.21,
            "eps_growth_year": 2000,
            "eps_4q": 0.61,
            "eps_4q_growth_year": 49.96,
            "roe": 1.6,
            "roe_4q": 4.73,
            "gross_profit": 45684,
            "gross_margin": 67.73,
            "gross_margin_4q_avg": 66.08,
            "net_income": 16841,
            "net_income_4q": null,
            "revenue": 67450,
            "revenue_4q": null,
            "common_shares": 846321,
            "book_valuer_per_share": 12.98,
            "book_valuer_per_share_4q_avg": 12.77,
            "equity": 1060807,
            "current_ratio": 1914.19,
            "debt_ratio": 10.1,
            "inventory_turnover_ratio": 0.88,
            "account_receivable_turnover_ratio": 1.98,
            "reinvestment_rate": 26.57,
            "research_to_sale_ratio": 25.42,
            "price_fair": 18.55,
            "eps_avg_yearly": 0.53,
            "eps_latest_yearly": 0.84,
            "eps_growth_yearly": 689.09
        },
        "20212": {
            "year_quarter": 20212,
            "year": 2021,
            "quarter": 2,
            "eps": 0.17,
            "eps_growth_year": -26.09,
            "eps_4q": 0.55,
            "eps_4q_growth_year": 0.18,
            "roe": 1.3,
            "roe_4q": 4.25,
            "gross_profit": 50442,
            "gross_margin": 68.57,
            "gross_margin_4q_avg": 66.91,
            "net_income": 13829,
            "net_income_4q": null,
            "revenue": 73558,
            "revenue_4q": null,
            "common_shares": 846321,
            "book_valuer_per_share": 13.12,
            "book_valuer_per_share_4q_avg": 12.89,
            "equity": 1072439,
            "current_ratio": 1687.25,
            "debt_ratio": 10.41,
            "inventory_turnover_ratio": 0.98,
            "account_receivable_turnover_ratio": 2.06,
            "reinvestment_rate": 30.36,
            "research_to_sale_ratio": 25.07,
            "price_fair": 17.94,
            "eps_avg_yearly": 0.51,
            "eps_latest_yearly": 0.68,
            "eps_growth_yearly": 623.61
        },
        "20213": {
            "year_quarter": 20213,
            "year": 2021,
            "quarter": 3,
            "eps": 0.26,
            "eps_growth_year": 271.43,
            "eps_4q": 0.73,
            "eps_4q_growth_year": 45.88,
            "roe": 1.99,
            "roe_4q": 5.700000000000001,
            "gross_profit": 57145,
            "gross_margin": 74.19,
            "gross_margin_4q_avg": 68.68,
            "net_income": 20890,
            "net_income_4q": null,
            "revenue": 77022,
            "revenue_4q": null,
            "common_shares": 846321,
            "book_valuer_per_share": 12.58,
            "book_valuer_per_share_4q_avg": 12.86,
            "equity": 1027923,
            "current_ratio": 1545.57,
            "debt_ratio": 10.91,
            "inventory_turnover_ratio": 0.76,
            "account_receivable_turnover_ratio": 1.92,
            "reinvestment_rate": 29.78,
            "research_to_sale_ratio": 24.48,
            "price_fair": 18.29,
            "eps_avg_yearly": 0.52,
            "eps_latest_yearly": 1.04,
            "eps_growth_yearly": 638.93
        },
        "20214": {
            "year_quarter": 20214,
            "year": 2021,
            "quarter": 4,
            "eps": 0.22,
            "eps_growth_year": 113.67,
            "eps_4q": 0.85,
            "eps_4q_growth_year": 108.24,
            "roe": 1.75,
            "roe_4q": 6.640000000000001,
            "gross_profit": 48296,
            "gross_margin": 73.8,
            "gross_margin_4q_avg": 71.07,
            "net_income": 18102,
            "net_income_4q": null,
            "revenue": 65440,
            "revenue_4q": null,
            "common_shares": 846321,
            "book_valuer_per_share": 12.79,
            "book_valuer_per_share_4q_avg": 12.87,
            "equity": 1045283,
            "current_ratio": 1492.66,
            "debt_ratio": 10.92,
            "inventory_turnover_ratio": 0.54,
            "account_receivable_turnover_ratio": 1.66,
            "reinvestment_rate": 17.73,
            "research_to_sale_ratio": 27.92,
            "price_fair": 19.34,
            "eps_avg_yearly": 0.55,
            "eps_latest_yearly": 0.88,
            "eps_growth_yearly": 648.72
        },
        "20221": {
            "year_quarter": 20221,
            "year": 2022,
            "quarter": 1,
            "eps": 0.25,
            "eps_growth_year": 19.05,
            "eps_4q": 0.89,
            "eps_4q_growth_year": 46.6,
            "roe": 1.91,
            "roe_4q": 6.95,
            "gross_profit": 54647,
            "gross_margin": 72.09,
            "gross_margin_4q_avg": 72.16,
            "net_income": 20231,
            "net_income_4q": null,
            "revenue": 75799,
            "revenue_4q": null,
            "common_shares": 831171,
            "book_valuer_per_share": 13.08,
            "book_valuer_per_share_4q_avg": 12.89,
            "equity": 1068598,
            "current_ratio": 1352.26,
            "debt_ratio": 10.6,
            "inventory_turnover_ratio": 0.58,
            "account_receivable_turnover_ratio": 2.18,
            "reinvestment_rate": 13.32,
            "research_to_sale_ratio": 22.7,
            "price_fair": 21.18,
            "eps_avg_yearly": 0.61,
            "eps_latest_yearly": 1,
            "eps_growth_yearly": 667.13
        },
        "20222": {
            "year_quarter": 20222,
            "year": 2022,
            "quarter": 2,
            "eps": 0.22,
            "eps_growth_year": 29.41,
            "eps_4q": 0.95,
            "eps_4q_growth_year": 72.64,
            "roe": 1.74,
            "roe_4q": 7.390000000000001,
            "gross_profit": 59139,
            "gross_margin": 72.73,
            "gross_margin_4q_avg": 73.2,
            "net_income": 18074,
            "net_income_4q": null,
            "revenue": 81312,
            "revenue_4q": null,
            "common_shares": 831171,
            "book_valuer_per_share": 12.34,
            "book_valuer_per_share_4q_avg": 12.7,
            "equity": 1008532,
            "current_ratio": 564.93,
            "debt_ratio": 17.66,
            "inventory_turnover_ratio": 0.52,
            "account_receivable_turnover_ratio": 2.27,
            "reinvestment_rate": 9.44,
            "research_to_sale_ratio": 22.71,
            "price_fair": 21.35,
            "eps_avg_yearly": 0.61,
            "eps_latest_yearly": 0.88,
            "eps_growth_yearly": 564.13
        },
        "20223": {
            "year_quarter": 20223,
            "year": 2022,
            "quarter": 3,
            "eps": 0.23,
            "eps_growth_year": -11.54,
            "eps_4q": 0.91,
            "eps_4q_growth_year": 24.39,
            "roe": 1.85,
            "roe_4q": 7.25,
            "gross_profit": 58947,
            "gross_margin": 73.15,
            "gross_margin_4q_avg": 72.94,
            "net_income": 19078,
            "net_income_4q": null,
            "revenue": 80589,
            "revenue_4q": null,
            "common_shares": 831171,
            "book_valuer_per_share": 12.77,
            "book_valuer_per_share_4q_avg": 12.75,
            "equity": 1054925,
            "current_ratio": 1699.57,
            "debt_ratio": 10.01,
            "inventory_turnover_ratio": 0.44,
            "account_receivable_turnover_ratio": 2.19,
            "reinvestment_rate": 7.26,
            "research_to_sale_ratio": 25.96,
            "price_fair": 22.14,
            "eps_avg_yearly": 0.63,
            "eps_latest_yearly": 0.92,
            "eps_growth_yearly": 572.76
        },
        "20224": {
            "year_quarter": 20224,
            "year": 2022,
            "quarter": 4,
            "eps": 0.14,
            "eps_growth_year": -36.35,
            "eps_4q": 0.84,
            "eps_4q_growth_year": -1.97,
            "roe": 1.1,
            "roe_4q": 6.6000000000000005,
            "gross_profit": 47106,
            "gross_margin": 67.89,
            "gross_margin_4q_avg": 71.47,
            "net_income": 11648,
            "net_income_4q": null,
            "revenue": 69390,
            "revenue_4q": null,
            "common_shares": 831171,
            "book_valuer_per_share": 12.89,
            "book_valuer_per_share_4q_avg": 12.77,
            "equity": 1064960,
            "current_ratio": 1697.16,
            "debt_ratio": 10.79,
            "inventory_turnover_ratio": 0.47,
            "account_receivable_turnover_ratio": 2.25,
            "reinvestment_rate": 4.3,
            "research_to_sale_ratio": 25.84,
            "price_fair": 22.75,
            "eps_avg_yearly": 0.65,
            "eps_latest_yearly": 0.56,
            "eps_growth_yearly": 575.48
        },
        "20231": {
            "year_quarter": 20231,
            "year": 2023,
            "quarter": 1,
            "eps": 0.18,
            "eps_growth_year": -28,
            "eps_4q": 0.77,
            "eps_4q_growth_year": -14.22,
            "roe": 1.36,
            "roe_4q": 6.050000000000001,
            "gross_profit": 46922,
            "gross_margin": 69.83,
            "gross_margin_4q_avg": 70.9,
            "net_income": 14547,
            "net_income_4q": null,
            "revenue": 67197,
            "revenue_4q": null,
            "common_shares": 831171,
            "book_valuer_per_share": 13.06,
            "book_valuer_per_share_4q_avg": 12.77,
            "equity": 1078651,
            "current_ratio": 1788.81,
            "debt_ratio": 10.52,
            "inventory_turnover_ratio": 0.5,
            "account_receivable_turnover_ratio": 2.78,
            "reinvestment_rate": -5.47,
            "research_to_sale_ratio": 26.25,
            "price_fair": 23.45,
            "eps_avg_yearly": 0.67,
            "eps_latest_yearly": 0.72,
            "eps_growth_yearly": 571.91
        },
        "20232": {
            "year_quarter": 20232,
            "year": 2023,
            "quarter": 2,
            "eps": 0.25,
            "eps_growth_year": 13.64,
            "eps_4q": 0.79,
            "eps_4q_growth_year": -16.02,
            "roe": 1.94,
            "roe_4q": 6.25,
            "gross_profit": 46476,
            "gross_margin": 66.89,
            "gross_margin_4q_avg": 69.44,
            "net_income": 20346,
            "net_income_4q": null,
            "revenue": 69478,
            "revenue_4q": null,
            "common_shares": 831171,
            "book_valuer_per_share": 12.33,
            "book_valuer_per_share_4q_avg": 12.76,
            "equity": 1018684,
            "current_ratio": 648.25,
            "debt_ratio": 17.16,
            "inventory_turnover_ratio": 0.61,
            "account_receivable_turnover_ratio": 2.82,
            "reinvestment_rate": -4.28,
            "research_to_sale_ratio": 24.32,
            "price_fair": 24.85,
            "eps_avg_yearly": 0.71,
            "eps_latest_yearly": 1,
            "eps_growth_yearly": 584.13
        },
        "20233": {
            "year_quarter": 20233,
            "year": 2023,
            "quarter": 3,
            "eps": 0.12,
            "eps_growth_year": -47.83,
            "eps_4q": 0.69,
            "eps_4q_growth_year": -24.89,
            "roe": 0.99,
            "roe_4q": 5.390000000000001,
            "gross_profit": 32328,
            "gross_margin": 68.81,
            "gross_margin_4q_avg": 68.36,
            "net_income": 10157,
            "net_income_4q": null,
            "revenue": 46983,
            "revenue_4q": null,
            "common_shares": 831171,
            "book_valuer_per_share": 12.5,
            "book_valuer_per_share_4q_avg": 12.7,
            "equity": 1032630,
            "current_ratio": 2014.21,
            "debt_ratio": 10.39,
            "inventory_turnover_ratio": 0.4,
            "account_receivable_turnover_ratio": 2,
            "reinvestment_rate": -2.62,
            "research_to_sale_ratio": 34.12,
            "price_fair": 24.94,
            "eps_avg_yearly": 0.71,
            "eps_latest_yearly": 0.48,
            "eps_growth_yearly": 565.58
        }
    },
    "months": {
        "2003-10": {
            "month": "2003-10",
            "price": "11.89",
            "revenue": 15457
        },
        "2003-11": {
            "month": "2003-11",
            "price": "11.59",
            "revenue": 21766
        },
        "2003-12": {
            "month": "2003-12",
            "price": "11.01",
            "revenue": 32625
        },
        "2004-01": {
            "month": "2004-01",
            "price": "11.89",
            "revenue": 26637
        },
        "2004-02": {
            "month": "2004-02",
            "price": "17.13",
            "revenue": 21019
        },
        "2004-03": {
            "month": "2004-03",
            "price": "15.85",
            "revenue": 21722
        },
        "2004-04": {
            "month": "2004-04",
            "price": "15.25",
            "revenue": 32405
        },
        "2004-05": {
            "month": "2004-05",
            "price": "14.52",
            "revenue": 21523
        },
        "2004-06": {
            "month": "2004-06",
            "price": "14.21",
            "revenue": 22444
        },
        "2004-07": {
            "month": "2004-07",
            "price": "12.22",
            "revenue": 10055
        },
        "2004-08": {
            "month": "2004-08",
            "price": "13.40",
            "revenue": 15299
        },
        "2004-09": {
            "month": "2004-09",
            "price": "10.92",
            "revenue": 16324
        },
        "2004-10": {
            "month": "2004-10",
            "price": "7.34",
            "revenue": 18342
        },
        "2004-11": {
            "month": "2004-11",
            "price": "8.18",
            "revenue": 28181
        },
        "2004-12": {
            "month": "2004-12",
            "price": "8.87",
            "revenue": 21418
        },
        "2005-01": {
            "month": "2005-01",
            "price": "8.20",
            "revenue": 21665
        },
        "2005-03": {
            "month": "2005-03",
            "price": "7.38",
            "revenue": 18560
        },
        "2005-04": {
            "month": "2005-04",
            "price": "7.51",
            "revenue": 23945
        },
        "2005-05": {
            "month": "2005-05",
            "price": "6.84",
            "revenue": 25683
        },
        "2005-06": {
            "month": "2005-06",
            "price": "7.62",
            "revenue": 22341
        },
        "2005-07": {
            "month": "2005-07",
            "price": "7.56",
            "revenue": 25463
        },
        "2005-08": {
            "month": "2005-08",
            "price": "8.06",
            "revenue": 26001
        },
        "2005-09": {
            "month": "2005-09",
            "price": "8.50",
            "revenue": 27520
        },
        "2005-10": {
            "month": "2005-10",
            "price": "9.02",
            "revenue": 22907
        },
        "2005-11": {
            "month": "2005-11",
            "price": "8.97",
            "revenue": 25421
        },
        "2005-12": {
            "month": "2005-12",
            "price": "8.25",
            "revenue": 54515
        },
        "2006-01": {
            "month": "2006-01",
            "price": "7.46",
            "revenue": 27552
        },
        "2006-02": {
            "month": "2006-02",
            "price": "7.87",
            "revenue": 27856
        },
        "2006-03": {
            "month": "2006-03",
            "price": "9.01",
            "revenue": 30906
        },
        "2006-04": {
            "month": "2006-04",
            "price": "9.21",
            "revenue": 36943
        },
        "2006-05": {
            "month": "2006-05",
            "price": "9.33",
            "revenue": 31522
        },
        "2006-06": {
            "month": "2006-06",
            "price": "9.22",
            "revenue": 34619
        },
        "2006-07": {
            "month": "2006-07",
            "price": "10.36",
            "revenue": 35068
        },
        "2006-08": {
            "month": "2006-08",
            "price": "12.79",
            "revenue": 41505
        },
        "2006-09": {
            "month": "2006-09",
            "price": "13.42",
            "revenue": 34508
        },
        "2006-10": {
            "month": "2006-10",
            "price": "12.90",
            "revenue": 34327
        },
        "2006-11": {
            "month": "2006-11",
            "price": "15.48",
            "revenue": 35019
        },
        "2006-12": {
            "month": "2006-12",
            "price": "19.75",
            "revenue": 45042
        },
        "2007-01": {
            "month": "2007-01",
            "price": "34.39",
            "revenue": 25659
        },
        "2007-02": {
            "month": "2007-02",
            "price": "33.02",
            "revenue": 23450
        },
        "2007-03": {
            "month": "2007-03",
            "price": "38.56",
            "revenue": 38758
        },
        "2007-04": {
            "month": "2007-04",
            "price": "45.06",
            "revenue": 35475
        },
        "2007-05": {
            "month": "2007-05",
            "price": "58.66",
            "revenue": 49066
        },
        "2007-06": {
            "month": "2007-06",
            "price": "85.14",
            "revenue": 44081
        },
        "2007-07": {
            "month": "2007-07",
            "price": "122.92",
            "revenue": 51083
        },
        "2007-08": {
            "month": "2007-08",
            "price": "101.46",
            "revenue": 57864
        },
        "2007-09": {
            "month": "2007-09",
            "price": "88.38",
            "revenue": 59332
        },
        "2007-10": {
            "month": "2007-10",
            "price": "86.26",
            "revenue": 61363
        },
        "2007-11": {
            "month": "2007-11",
            "price": "75.84",
            "revenue": 62941
        },
        "2007-12": {
            "month": "2007-12",
            "price": "73.77",
            "revenue": 64455
        },
        "2008-01": {
            "month": "2008-01",
            "price": "70.37",
            "revenue": 36851
        },
        "2008-02": {
            "month": "2008-02",
            "price": "51.16",
            "revenue": 38864
        },
        "2008-03": {
            "month": "2008-03",
            "price": "58.14",
            "revenue": 35889
        },
        "2008-04": {
            "month": "2008-04",
            "price": "60.14",
            "revenue": 34290
        },
        "2008-05": {
            "month": "2008-05",
            "price": "56.28",
            "revenue": 40176
        },
        "2008-06": {
            "month": "2008-06",
            "price": "41.84",
            "revenue": 31637
        },
        "2008-07": {
            "month": "2008-07",
            "price": "34.69",
            "revenue": 36060
        },
        "2008-08": {
            "month": "2008-08",
            "price": "36.33",
            "revenue": 30090
        },
        "2008-09": {
            "month": "2008-09",
            "price": "25.45",
            "revenue": 32245
        },
        "2008-10": {
            "month": "2008-10",
            "price": "21.42",
            "revenue": 36965
        },
        "2008-11": {
            "month": "2008-11",
            "price": "17.90",
            "revenue": 31070
        },
        "2008-12": {
            "month": "2008-12",
            "price": "16.16",
            "revenue": 36098
        },
        "2009-01": {
            "month": "2009-01",
            "price": "19.21",
            "revenue": 32143
        },
        "2009-02": {
            "month": "2009-02",
            "price": "20.28",
            "revenue": 35691
        },
        "2009-03": {
            "month": "2009-03",
            "price": "22.55",
            "revenue": 35423
        },
        "2009-04": {
            "month": "2009-04",
            "price": "24.50",
            "revenue": 39622
        },
        "2009-05": {
            "month": "2009-05",
            "price": "34.13",
            "revenue": 43212
        },
        "2009-06": {
            "month": "2009-06",
            "price": "34.06",
            "revenue": 44965
        },
        "2009-07": {
            "month": "2009-07",
            "price": "37.32",
            "revenue": 46962
        },
        "2009-08": {
            "month": "2009-08",
            "price": "38.59",
            "revenue": 50456
        },
        "2009-09": {
            "month": "2009-09",
            "price": "44.13",
            "revenue": 52440
        },
        "2009-10": {
            "month": "2009-10",
            "price": "43.58",
            "revenue": 43178
        },
        "2009-11": {
            "month": "2009-11",
            "price": "42.14",
            "revenue": 48057
        },
        "2009-12": {
            "month": "2009-12",
            "price": "46.70",
            "revenue": 47926
        },
        "2010-01": {
            "month": "2010-01",
            "price": "45.82",
            "revenue": 48146
        },
        "2010-02": {
            "month": "2010-02",
            "price": "39.89",
            "revenue": 37635
        },
        "2010-03": {
            "month": "2010-03",
            "price": "44.06",
            "revenue": 53177
        },
        "2010-04": {
            "month": "2010-04",
            "price": "48.02",
            "revenue": 51764
        },
        "2010-05": {
            "month": "2010-05",
            "price": "43.35",
            "revenue": 43885
        },
        "2010-06": {
            "month": "2010-06",
            "price": "43.11",
            "revenue": 48511
        },
        "2010-07": {
            "month": "2010-07",
            "price": "48.22",
            "revenue": 41751
        },
        "2010-08": {
            "month": "2010-08",
            "price": "45.79",
            "revenue": 49059
        },
        "2010-09": {
            "month": "2010-09",
            "price": "47.20",
            "revenue": 42970
        },
        "2010-10": {
            "month": "2010-10",
            "price": "45.83",
            "revenue": 41732
        },
        "2010-11": {
            "month": "2010-11",
            "price": "43.10",
            "revenue": 30741
        },
        "2010-12": {
            "month": "2010-12",
            "price": "43.51",
            "revenue": 34911
        },
        "2011-01": {
            "month": "2011-01",
            "price": "40.16",
            "revenue": 30677
        },
        "2011-02": {
            "month": "2011-02",
            "price": "34.65",
            "revenue": 28080
        },
        "2011-03": {
            "month": "2011-03",
            "price": "31.58",
            "revenue": 32714
        },
        "2011-04": {
            "month": "2011-04",
            "price": "33.41",
            "revenue": 25171
        },
        "2011-05": {
            "month": "2011-05",
            "price": "31.10",
            "revenue": 36536
        },
        "2011-06": {
            "month": "2011-06",
            "price": "28.20",
            "revenue": 30277
        },
        "2011-07": {
            "month": "2011-07",
            "price": "21.90",
            "revenue": 34362
        },
        "2011-08": {
            "month": "2011-08",
            "price": "18.93",
            "revenue": 28424
        },
        "2011-09": {
            "month": "2011-09",
            "price": "19.90",
            "revenue": 23354
        },
        "2011-10": {
            "month": "2011-10",
            "price": "22.29",
            "revenue": 22260
        },
        "2011-11": {
            "month": "2011-11",
            "price": "19.99",
            "revenue": 22336
        },
        "2011-12": {
            "month": "2011-12",
            "price": "17.76",
            "revenue": 23782
        },
        "2012-01": {
            "month": "2012-01",
            "price": "18.27",
            "revenue": 25277
        },
        "2012-02": {
            "month": "2012-02",
            "price": "22.92",
            "revenue": 29514
        },
        "2012-03": {
            "month": "2012-03",
            "price": "22.17",
            "revenue": 30786
        },
        "2012-04": {
            "month": "2012-04",
            "price": "18.68",
            "revenue": 31444
        },
        "2012-05": {
            "month": "2012-05",
            "price": "18.27",
            "revenue": 30938
        },
        "2012-06": {
            "month": "2012-06",
            "price": "16.93",
            "revenue": 30330
        },
        "2012-07": {
            "month": "2012-07",
            "price": "16.18",
            "revenue": 27715
        },
        "2012-08": {
            "month": "2012-08",
            "price": "16.68",
            "revenue": 32302
        },
        "2012-09": {
            "month": "2012-09",
            "price": "18.42",
            "revenue": 27748
        },
        "2012-10": {
            "month": "2012-10",
            "price": "16.45",
            "revenue": 30646
        },
        "2012-11": {
            "month": "2012-11",
            "price": "15.40",
            "revenue": 27803
        },
        "2012-12": {
            "month": "2012-12",
            "price": "16.70",
            "revenue": 30899
        },
        "2013-01": {
            "month": "2013-01",
            "price": "18.54",
            "revenue": 31792
        },
        "2013-02": {
            "month": "2013-02",
            "price": "20.93",
            "revenue": 22089
        },
        "2013-03": {
            "month": "2013-03",
            "price": "19.90",
            "revenue": 27231
        },
        "2013-04": {
            "month": "2013-04",
            "price": "19.12",
            "revenue": 31786
        },
        "2013-05": {
            "month": "2013-05",
            "price": "19.64",
            "revenue": 26805
        },
        "2013-06": {
            "month": "2013-06",
            "price": "18.68",
            "revenue": 29771
        },
        "2013-07": {
            "month": "2013-07",
            "price": "17.73",
            "revenue": 27795
        },
        "2013-08": {
            "month": "2013-08",
            "price": "17.73",
            "revenue": 33364
        },
        "2013-09": {
            "month": "2013-09",
            "price": "18.90",
            "revenue": 33468
        },
        "2013-10": {
            "month": "2013-10",
            "price": "19.69",
            "revenue": 31441
        },
        "2013-11": {
            "month": "2013-11",
            "price": "18.78",
            "revenue": 27337
        },
        "2013-12": {
            "month": "2013-12",
            "price": "20.17",
            "revenue": 27356
        },
        "2014-01": {
            "month": "2014-01",
            "price": "22.56",
            "revenue": 25339
        },
        "2014-02": {
            "month": "2014-02",
            "price": "22.82",
            "revenue": 23349
        },
        "2014-03": {
            "month": "2014-03",
            "price": "27.19",
            "revenue": 27194
        },
        "2014-04": {
            "month": "2014-04",
            "price": "35.16",
            "revenue": 28497
        },
        "2014-05": {
            "month": "2014-05",
            "price": "35.74",
            "revenue": 29371
        },
        "2014-06": {
            "month": "2014-06",
            "price": "44.74",
            "revenue": 28756
        },
        "2014-07": {
            "month": "2014-07",
            "price": "41.85",
            "revenue": 28131
        },
        "2014-08": {
            "month": "2014-08",
            "price": "38.18",
            "revenue": 27916
        },
        "2014-09": {
            "month": "2014-09",
            "price": "37.46",
            "revenue": 26257
        },
        "2014-10": {
            "month": "2014-10",
            "price": "31.88",
            "revenue": 23253
        },
        "2014-11": {
            "month": "2014-11",
            "price": "31.42",
            "revenue": 30223
        },
        "2014-12": {
            "month": "2014-12",
            "price": "34.87",
            "revenue": 24045
        },
        "2015-01": {
            "month": "2015-01",
            "price": "37.08",
            "revenue": 24125
        },
        "2015-02": {
            "month": "2015-02",
            "price": "34.40",
            "revenue": 18660
        },
        "2015-03": {
            "month": "2015-03",
            "price": "34.42",
            "revenue": 27688
        },
        "2015-04": {
            "month": "2015-04",
            "price": "31.60",
            "revenue": 30269
        },
        "2015-05": {
            "month": "2015-05",
            "price": "27.22",
            "revenue": 28296
        },
        "2015-06": {
            "month": "2015-06",
            "price": "25.70",
            "revenue": 30351
        },
        "2015-07": {
            "month": "2015-07",
            "price": "24.44",
            "revenue": 28714
        },
        "2015-08": {
            "month": "2015-08",
            "price": "20.35",
            "revenue": 26380
        },
        "2015-09": {
            "month": "2015-09",
            "price": "20.35",
            "revenue": 24147
        },
        "2015-10": {
            "month": "2015-10",
            "price": "25.00",
            "revenue": 29031
        },
        "2015-11": {
            "month": "2015-11",
            "price": "27.42",
            "revenue": 31815
        },
        "2015-12": {
            "month": "2015-12",
            "price": "26.96",
            "revenue": 29420
        },
        "2016-01": {
            "month": "2016-01",
            "price": "23.84",
            "revenue": 25579
        },
        "2016-02": {
            "month": "2016-02",
            "price": "24.72",
            "revenue": 24641
        },
        "2016-03": {
            "month": "2016-03",
            "price": "26.06",
            "revenue": 30539
        },
        "2016-04": {
            "month": "2016-04",
            "price": "24.70",
            "revenue": 25906
        },
        "2016-05": {
            "month": "2016-05",
            "price": "21.90",
            "revenue": 27389
        },
        "2016-06": {
            "month": "2016-06",
            "price": "22.24",
            "revenue": 24448
        },
        "2016-07": {
            "month": "2016-07",
            "price": "22.16",
            "revenue": 25171
        },
        "2016-08": {
            "month": "2016-08",
            "price": "24.12",
            "revenue": 26029
        },
        "2016-09": {
            "month": "2016-09",
            "price": "23.31",
            "revenue": 25250
        },
        "2016-10": {
            "month": "2016-10",
            "price": "21.93",
            "revenue": 27342
        },
        "2016-11": {
            "month": "2016-11",
            "price": "20.22",
            "revenue": 26973
        },
        "2016-12": {
            "month": "2016-12",
            "price": "21.17",
            "revenue": 23278
        },
        "2017-01": {
            "month": "2017-01",
            "price": "21.47",
            "revenue": 23911
        },
        "2017-02": {
            "month": "2017-02",
            "price": "22.36",
            "revenue": 21485
        },
        "2017-03": {
            "month": "2017-03",
            "price": "22.79",
            "revenue": 26195
        },
        "2017-04": {
            "month": "2017-04",
            "price": "22.93",
            "revenue": 28003
        },
        "2017-05": {
            "month": "2017-05",
            "price": "22.94",
            "revenue": 28089
        },
        "2017-06": {
            "month": "2017-06",
            "price": "25.10",
            "revenue": 28058
        },
        "2017-07": {
            "month": "2017-07",
            "price": "22.83",
            "revenue": 26290
        },
        "2017-08": {
            "month": "2017-08",
            "price": "23.02",
            "revenue": 26891
        },
        "2017-09": {
            "month": "2017-09",
            "price": "23.41",
            "revenue": 27199
        },
        "2017-10": {
            "month": "2017-10",
            "price": "23.18",
            "revenue": 24428
        },
        "2017-11": {
            "month": "2017-11",
            "price": "23.83",
            "revenue": 23511
        },
        "2017-12": {
            "month": "2017-12",
            "price": "24.95",
            "revenue": 23284
        },
        "2018-01": {
            "month": "2018-01",
            "price": "25.69",
            "revenue": 21770
        },
        "2018-02": {
            "month": "2018-02",
            "price": "23.53",
            "revenue": 17139
        },
        "2018-03": {
            "month": "2018-03",
            "price": "23.21",
            "revenue": 22436
        },
        "2018-04": {
            "month": "2018-04",
            "price": "22.57",
            "revenue": 23361
        },
        "2018-05": {
            "month": "2018-05",
            "price": "22.48",
            "revenue": 26630
        },
        "2018-06": {
            "month": "2018-06",
            "price": "23.38",
            "revenue": 21582
        },
        "2018-07": {
            "month": "2018-07",
            "price": "22.25",
            "revenue": 23137
        },
        "2018-08": {
            "month": "2018-08",
            "price": "21.07",
            "revenue": 22898
        },
        "2018-09": {
            "month": "2018-09",
            "price": "19.65",
            "revenue": 21713
        },
        "2018-10": {
            "month": "2018-10",
            "price": "16.61",
            "revenue": 18173
        },
        "2018-11": {
            "month": "2018-11",
            "price": "16.03",
            "revenue": 21964
        },
        "2018-12": {
            "month": "2018-12",
            "price": "17.75",
            "revenue": 20291
        },
        "2019-01": {
            "month": "2019-01",
            "price": "18.58",
            "revenue": 15716
        },
        "2019-02": {
            "month": "2019-02",
            "price": "19.17",
            "revenue": 15078
        },
        "2019-03": {
            "month": "2019-03",
            "price": "19.27",
            "revenue": 16588
        },
        "2019-04": {
            "month": "2019-04",
            "price": "19.30",
            "revenue": 18111
        },
        "2019-05": {
            "month": "2019-05",
            "price": "17.99",
            "revenue": 22051
        },
        "2019-06": {
            "month": "2019-06",
            "price": "17.86",
            "revenue": 19525
        },
        "2019-07": {
            "month": "2019-07",
            "price": "17.61",
            "revenue": 21535
        },
        "2019-08": {
            "month": "2019-08",
            "price": "16.85",
            "revenue": 21955
        },
        "2019-09": {
            "month": "2019-09",
            "price": "17.13",
            "revenue": 21520
        },
        "2019-10": {
            "month": "2019-10",
            "price": "17.15",
            "revenue": 20481
        },
        "2019-11": {
            "month": "2019-11",
            "price": "16.72",
            "revenue": 23484
        },
        "2019-12": {
            "month": "2019-12",
            "price": "17.76",
            "revenue": 26488
        },
        "2020-01": {
            "month": "2020-01",
            "price": "19.23",
            "revenue": 17838
        },
        "2020-02": {
            "month": "2020-02",
            "price": "18.15",
            "revenue": 13054
        },
        "2020-03": {
            "month": "2020-03",
            "price": "16.79",
            "revenue": 18381
        },
        "2020-04": {
            "month": "2020-04",
            "price": "16.37",
            "revenue": 24401
        },
        "2020-05": {
            "month": "2020-05",
            "price": "17.78",
            "revenue": 21719
        },
        "2020-06": {
            "month": "2020-06",
            "price": "20.19",
            "revenue": 18148
        },
        "2020-07": {
            "month": "2020-07",
            "price": "22.47",
            "revenue": 17901
        },
        "2020-08": {
            "month": "2020-08",
            "price": "20.61",
            "revenue": 18070
        },
        "2020-09": {
            "month": "2020-09",
            "price": "20.06",
            "revenue": 21179
        },
        "2020-10": {
            "month": "2020-10",
            "price": "21.50",
            "revenue": 21079
        },
        "2020-11": {
            "month": "2020-11",
            "price": "21.95",
            "revenue": 19453
        },
        "2020-12": {
            "month": "2020-12",
            "price": "23.27",
            "revenue": 22320
        },
        "2021-01": {
            "month": "2021-01",
            "price": "24.56",
            "revenue": 24115
        },
        "2021-02": {
            "month": "2021-02",
            "price": "26.50",
            "revenue": 19787
        },
        "2021-03": {
            "month": "2021-03",
            "price": "34.79",
            "revenue": 23548
        },
        "2021-04": {
            "month": "2021-04",
            "price": "40.06",
            "revenue": 29001
        },
        "2021-05": {
            "month": "2021-05",
            "price": "32.47",
            "revenue": 23490
        },
        "2021-06": {
            "month": "2021-06",
            "price": "34.45",
            "revenue": 21067
        },
        "2021-07": {
            "month": "2021-07",
            "price": "36.61",
            "revenue": 25652
        },
        "2021-08": {
            "month": "2021-08",
            "price": "35.08",
            "revenue": 26815
        },
        "2021-09": {
            "month": "2021-09",
            "price": "33.54",
            "revenue": 24555
        },
        "2021-10": {
            "month": "2021-10",
            "price": "30.25",
            "revenue": 20528
        },
        "2021-11": {
            "month": "2021-11",
            "price": "34.09",
            "revenue": 21860
        },
        "2021-12": {
            "month": "2021-12",
            "price": "36.71",
            "revenue": 23052
        },
        "2022-01": {
            "month": "2022-01",
            "price": "38.36",
            "revenue": 26929
        },
        "2022-02": {
            "month": "2022-02",
            "price": "36.50",
            "revenue": 21270
        },
        "2022-03": {
            "month": "2022-03",
            "price": "33.93",
            "revenue": 27600
        },
        "2022-04": {
            "month": "2022-04",
            "price": "31.29",
            "revenue": 27584
        },
        "2022-05": {
            "month": "2022-05",
            "price": "29.69",
            "revenue": 23150
        },
        "2022-06": {
            "month": "2022-06",
            "price": "28.52",
            "revenue": 30578
        },
        "2022-07": {
            "month": "2022-07",
            "price": "26.30",
            "revenue": 27352
        },
        "2022-08": {
            "month": "2022-08",
            "price": "28.28",
            "revenue": 26385
        },
        "2022-09": {
            "month": "2022-09",
            "price": "27.78",
            "revenue": 26853
        },
        "2022-10": {
            "month": "2022-10",
            "price": "24.24",
            "revenue": 25147
        },
        "2022-11": {
            "month": "2022-11",
            "price": "25.62",
            "revenue": 21589
        },
        "2022-12": {
            "month": "2022-12",
            "price": "25.11",
            "revenue": 22654
        },
        "2023-01": {
            "month": "2023-01",
            "price": "25.01",
            "revenue": 20773
        },
        "2023-02": {
            "month": "2023-02",
            "price": "29.01",
            "revenue": 24668
        },
        "2023-03": {
            "month": "2023-03",
            "price": "33.13",
            "revenue": 21755
        },
        "2023-04": {
            "month": "2023-04",
            "price": "33.50",
            "revenue": 27841
        },
        "2023-05": {
            "month": "2023-05",
            "price": "34.28",
            "revenue": 20427
        },
        "2023-06": {
            "month": "2023-06",
            "price": "34.07",
            "revenue": 21209
        },
        "2023-07": {
            "month": "2023-07",
            "price": "31.32",
            "revenue": 16195
        },
        "2023-08": {
            "month": "2023-08",
            "price": "31.76",
            "revenue": 15810
        },
        "2023-09": {
            "month": "2023-09",
            "price": "34.25",
            "revenue": 14978
        },
        "2023-10": {
            "month": "2023-10",
            "price": "36.20",
            "revenue": 18295
        },
        "2023-11": {
            "month": "2023-11",
            "price": "38.74",
            "revenue": 20648
        },
        "2023-12": {
            "month": "2023-12",
            "price": "39.20",
            "revenue": 19971
        }
    }
}
