{
    "summary": {
        "stock_name": "及成",
        "stock_id": "3095",
        "category": "通信網路",
        "main_business": "各種精密五金、塑膠電子零組件、精密嵌件(INSERT PARTS)之產製。<br>五金模具、塑膠模具之設計、製造。<br>上述相關材料之加工及買賣。",
        "website_url": "http://www.chicheng.com.tw",
        "ceo": "張正寬(兼任)",
        "pe_ratio": -6,
        "report_year_from": 2001,
        "report_year_to": 2023,
        "age": 23,
        "eps_negative_percentage": 52,
        "eps_growth_avg": {
            "last_all": -37.14,
            "last_2y": null,
            "last_4y": -52.78,
            "last_8y": -60.92,
            "last_12y": -70.69,
            "last_16y": -76.71,
            "last_20y": null,
            "at_2006_last_3y": null,
            "at_2007_last_3y": 25.38,
            "at_2008_last_3y": -22.17,
            "at_2009_last_3y": -40.67,
            "at_2010_last_3y": -84.74,
            "at_2011_last_3y": -95.1,
            "at_2012_last_3y": -100,
            "at_2013_last_3y": -100,
            "at_2014_last_3y": -100,
            "at_2015_last_3y": -100,
            "at_2016_last_3y": null,
            "at_2017_last_3y": null,
            "at_2018_last_3y": -77.22,
            "at_2019_last_3y": -41.39,
            "at_2020_last_3y": -60.92,
            "at_2021_last_3y": -60.92,
            "at_2022_last_3y": -52.78,
            "at_2023_last_3y": -100,
            "at_2024_last_3y": -100,
            "at_2006_last_all": 55.18,
            "at_2007_last_all": 25.38,
            "at_2008_last_all": 2.27,
            "at_2009_last_all": -14.78,
            "at_2010_last_all": -14.78,
            "at_2011_last_all": -14.78,
            "at_2012_last_all": -26.95,
            "at_2013_last_all": -26.95,
            "at_2014_last_all": -26.95,
            "at_2015_last_all": -26.95,
            "at_2016_last_all": -26.95,
            "at_2017_last_all": -26.95,
            "at_2018_last_all": -33.23,
            "at_2019_last_all": -30.16,
            "at_2020_last_all": -37.14,
            "at_2021_last_all": -37.14,
            "at_2022_last_all": -37.14,
            "at_2023_last_all": -37.14,
            "at_2024_last_all": -37.14
        },
        "latest_eps": -4.54,
        "latest_price": 29,
        "latest_roe": -92.28,
        "latest_gross_margin": 27.7,
        "latest_equity": 46603,
        "latest_revenue": 129268,
        "latest_gross_profit": 35810,
        "latest_net_income": 9842,
        "latest_debt_ratio": 94.48,
        "latest_current_ratio": 153.15,
        "latest_account_receivable_turnover_ratio": 1.44,
        "latest_inventory_turnover_ratio": 1.75,
        "latest_reinvestment_rate": null,
        "latest_research_to_sale_ratio": null
    },
    "eps_dividends": {
        "2001": {
            "cash": 0,
            "stock": 0,
            "eps": 0
        },
        "2002": {
            "cash": 0,
            "stock": 0,
            "eps": 0
        },
        "2003": {
            "cash": 1,
            "stock": 0,
            "eps": 1.45
        },
        "2004": {
            "cash": 1.4,
            "stock": 0,
            "eps": 4
        },
        "2005": {
            "cash": 1.6,
            "stock": 0.5,
            "eps": 2.96
        },
        "2006": {
            "cash": 1.1,
            "stock": 0.3,
            "eps": 5.67
        },
        "2007": {
            "cash": 2.5,
            "stock": 1,
            "eps": 2.04
        },
        "2008": {
            "cash": 1,
            "stock": 1,
            "eps": 0.2
        },
        "2009": {
            "cash": 0,
            "stock": 0,
            "eps": -3.28
        },
        "2010": {
            "cash": 0,
            "stock": 0,
            "eps": -4.57
        },
        "2011": {
            "cash": 0,
            "stock": 0,
            "eps": 0.01
        },
        "2012": {
            "cash": 0,
            "stock": 0,
            "eps": -5.18
        },
        "2013": {
            "cash": 0,
            "stock": 0,
            "eps": -4.62
        },
        "2014": {
            "cash": 0,
            "stock": 0,
            "eps": -3.72
        },
        "2015": {
            "cash": 0,
            "stock": 0,
            "eps": -1.76
        },
        "2016": {
            "cash": 0,
            "stock": 0,
            "eps": -4.7
        },
        "2017": {
            "cash": 0,
            "stock": 0,
            "eps": 0.79
        },
        "2018": {
            "cash": 0,
            "stock": 0,
            "eps": 0.18
        },
        "2019": {
            "cash": 0,
            "stock": 0,
            "eps": 0.17
        },
        "2020": {
            "cash": 0,
            "stock": 0,
            "eps": -0.6
        },
        "2021": {
            "cash": 0,
            "stock": 0,
            "eps": -0.29
        },
        "2022": {
            "cash": 0,
            "stock": 0,
            "eps": -1.87
        },
        "2023": {
            "cash": 0,
            "stock": 0,
            "eps": -1.97
        }
    },
    "dividends": {
        "2003-06-27": {
            "cash": 1,
            "stock": 0
        },
        "2004-04-12": {
            "cash": 1.4,
            "stock": 0
        },
        "2005-03-25": {
            "cash": 1.6,
            "stock": 0.5
        },
        "2006-04-25": {
            "cash": 1.1,
            "stock": 0.3
        },
        "2007-04-27": {
            "cash": 2.5,
            "stock": 1
        },
        "2008-04-21": {
            "cash": 1,
            "stock": 1
        }
    },
    "prices": {
        "200101": "無",
        "200102": "無",
        "200103": "無",
        "200104": "無",
        "200105": "無",
        "200106": "無",
        "200107": "無",
        "200108": "無",
        "200109": "無",
        "200110": "無",
        "200111": "無",
        "200112": "無",
        "200201": "無",
        "200202": "無",
        "200203": "無",
        "200204": "無",
        "200205": "無",
        "200206": "無",
        "200207": "無",
        "200208": "無",
        "200209": "無",
        "200210": "無",
        "200211": "無",
        "200212": "無",
        "200301": "無",
        "200302": "無",
        "200303": "無",
        "200304": "無",
        "200305": "無",
        "200306": "無",
        "200307": "無",
        "200308": "無",
        "200309": "無",
        "200310": "13.72",
        "200311": "12.99",
        "200312": "14.92",
        "200401": "17.19",
        "200402": "22.28",
        "200403": "28.97",
        "200404": "35.36",
        "200405": "38.77",
        "200406": "38.23",
        "200407": "31.32",
        "200408": "30.52",
        "200409": "32.12",
        "200410": "31.57",
        "200411": "33.28",
        "200412": "34.99",
        "200501": "34.70",
        "200502": "36.71",
        "200503": "37.94",
        "200504": "38.94",
        "200505": "33.72",
        "200506": "35.77",
        "200507": "47.34",
        "200508": "45.63",
        "200509": "43.65",
        "200510": "37.20",
        "200511": "37.94",
        "200512": "51.05",
        "200601": "67.29",
        "200602": "61.56",
        "200603": "78.16",
        "200604": "89.68",
        "200605": "83.53",
        "200606": "71.67",
        "200607": "70.23",
        "200608": "79.07",
        "200609": "86.90",
        "200610": "90.94",
        "200611": "84.30",
        "200612": "81.56",
        "200701": "110.15",
        "200702": "116.29",
        "200703": "102.57",
        "200704": "107.92",
        "200705": "113.41",
        "200706": "111.70",
        "200707": "102.16",
        "200708": "79.43",
        "200709": "68.23",
        "200710": "72.83",
        "200711": "50.70",
        "200712": "46.80",
        "200801": "38.91",
        "200802": "29.94",
        "200803": "33.25",
        "200804": "35.62",
        "200805": "35.02",
        "200806": "31.88",
        "200807": "22.17",
        "200808": "23.70",
        "200809": "17.29",
        "200810": "13.38",
        "200811": "9.27",
        "200812": "7.69",
        "200901": "7.60",
        "200902": "8.78",
        "200903": "11.24",
        "200904": "13.61",
        "200905": "13.89",
        "200906": "12.44",
        "200907": "13.95",
        "200908": "16.74",
        "200909": "23.43",
        "200910": "28.78",
        "200911": "26.83",
        "200912": "27.70",
        "201001": "26.47",
        "201002": "22.05",
        "201003": "22.51",
        "201004": "24.01",
        "201005": "19.04",
        "201006": "18.43",
        "201007": "20.19",
        "201008": "18.55",
        "201009": "15.62",
        "201010": "14.84",
        "201011": "13.35",
        "201012": "14.85",
        "201101": "16.01",
        "201102": "18.11",
        "201103": "16.83",
        "201104": "17.01",
        "201105": "16.96",
        "201106": "16.35",
        "201107": "14.44",
        "201108": "12.35",
        "201109": "13.20",
        "201110": "13.60",
        "201111": "12.67",
        "201112": "10.24",
        "201201": "10.06",
        "201202": "12.82",
        "201203": "12.43",
        "201204": "10.64",
        "201205": "9.10",
        "201206": "7.93",
        "201207": "7.48",
        "201208": "7.98",
        "201209": "7.89",
        "201210": "6.16",
        "201211": "5.22",
        "201212": "5.79",
        "201301": "5.93",
        "201302": "5.76",
        "201303": "6.41",
        "201304": "6.83",
        "201305": "6.73",
        "201306": "6.66",
        "201307": "6.32",
        "201308": "5.64",
        "201309": "6.38",
        "201310": "6.39",
        "201311": "5.63",
        "201312": "5.46",
        "201401": "6.32",
        "201402": "6.19",
        "201403": "6.27",
        "201404": "5.58",
        "201405": "5.04",
        "201406": "5.47",
        "201407": "5.41",
        "201408": "4.22",
        "201409": "4.38",
        "201410": "4.54",
        "201411": "4.96",
        "201412": "5.82",
        "201501": "7.14",
        "201502": "11.52",
        "201503": "15.43",
        "201504": "12.22",
        "201505": "13.47",
        "201506": "13.50",
        "201507": "10.36",
        "201508": "8.43",
        "201509": "8.75",
        "201510": "7.70",
        "201511": "6.42",
        "201512": "5.68",
        "201601": "4.91",
        "201602": "5.42",
        "201603": "5.23",
        "201604": "4.64",
        "201605": "3.49",
        "201606": "2.66",
        "201607": "3.25",
        "201608": "2.66",
        "201609": "2.11",
        "201610": "1.75",
        "201611": "1.80",
        "201612": "2.62",
        "201701": "2.71",
        "201702": "2.82",
        "201703": "2.94",
        "201704": "2.88",
        "201705": "2.38",
        "201706": "2.72",
        "201707": "2.40",
        "201708": "2.54",
        "201709": "2.51",
        "201710": "2.75",
        "201711": "2.76",
        "201712": "2.60",
        "201801": "2.61",
        "201802": "2.51",
        "201803": "2.64",
        "201804": "3.79",
        "201805": "3.53",
        "201806": "3.81",
        "201807": "3.62",
        "201808": "3.46",
        "201809": "3.38",
        "201810": "3.16",
        "201811": "3.03",
        "201812": "2.99",
        "201901": "2.80",
        "201902": "3.00",
        "201903": "2.97",
        "201904": "2.61",
        "201905": "2.73",
        "201906": "2.91",
        "201907": "2.67",
        "201908": "2.70",
        "201909": "2.89",
        "201910": "2.91",
        "201911": "2.65",
        "201912": "2.08",
        "202001": "1.83",
        "202002": "1.86",
        "202003": "1.86",
        "202004": "1.92",
        "202005": "1.99",
        "202006": "1.96",
        "202007": "2.09",
        "202008": "2.19",
        "202009": "3.85",
        "202010": "3.48",
        "202011": "2.86",
        "202012": "2.87",
        "202101": "2.72",
        "202102": "2.61",
        "202103": "2.85",
        "202104": "3.09",
        "202105": "3.21",
        "202106": "2.95",
        "202107": "3.15",
        "202108": "3.09",
        "202109": "2.96",
        "202110": "3.00",
        "202111": "2.98",
        "202112": "2.99",
        "202201": "3.89",
        "202202": "3.81",
        "202203": "3.35",
        "202204": "2.95",
        "202205": "2.86",
        "202206": "3.10",
        "202207": "2.81",
        "202208": "2.97",
        "202209": "3.02",
        "202210": "4.84",
        "202211": "31.91",
        "202212": "36.88",
        "202301": "35.54",
        "202302": "33.79",
        "202303": "31.04",
        "202304": "23.48",
        "202305": "21.78",
        "202306": "23.63",
        "202307": "24.20",
        "202308": "23.87",
        "202309": "24.18",
        "202310": "26.82",
        "202311": "28.97",
        "202312": "30.33"
    },
    "quarters": {
        "20011": {
            "year_quarter": 20011,
            "year": 2001,
            "quarter": 1,
            "eps": null,
            "eps_growth_year": null,
            "eps_4q": null,
            "eps_4q_growth_year": null,
            "roe": null,
            "roe_4q": 0,
            "gross_profit": null,
            "gross_margin": null,
            "gross_margin_4q_avg": 0,
            "net_income": null,
            "net_income_4q": null,
            "revenue": null,
            "revenue_4q": null,
            "common_shares": null,
            "book_valuer_per_share": null,
            "book_valuer_per_share_4q_avg": 0,
            "equity": null,
            "current_ratio": null,
            "debt_ratio": null,
            "inventory_turnover_ratio": null,
            "account_receivable_turnover_ratio": null,
            "reinvestment_rate": null,
            "research_to_sale_ratio": null,
            "price_fair": 0,
            "eps_avg_yearly": 0,
            "eps_latest_yearly": 0,
            "eps_growth_yearly": 0
        },
        "20012": {
            "year_quarter": 20012,
            "year": 2001,
            "quarter": 2,
            "eps": null,
            "eps_growth_year": null,
            "eps_4q": null,
            "eps_4q_growth_year": null,
            "roe": null,
            "roe_4q": 0,
            "gross_profit": null,
            "gross_margin": null,
            "gross_margin_4q_avg": 0,
            "net_income": null,
            "net_income_4q": null,
            "revenue": null,
            "revenue_4q": null,
            "common_shares": null,
            "book_valuer_per_share": null,
            "book_valuer_per_share_4q_avg": 0,
            "equity": null,
            "current_ratio": null,
            "debt_ratio": null,
            "inventory_turnover_ratio": null,
            "account_receivable_turnover_ratio": null,
            "reinvestment_rate": null,
            "research_to_sale_ratio": null,
            "price_fair": 0,
            "eps_avg_yearly": 0,
            "eps_latest_yearly": 0,
            "eps_growth_yearly": 0
        },
        "20013": {
            "year_quarter": 20013,
            "year": 2001,
            "quarter": 3,
            "eps": null,
            "eps_growth_year": null,
            "eps_4q": null,
            "eps_4q_growth_year": null,
            "roe": null,
            "roe_4q": 0,
            "gross_profit": null,
            "gross_margin": null,
            "gross_margin_4q_avg": 0,
            "net_income": null,
            "net_income_4q": null,
            "revenue": null,
            "revenue_4q": null,
            "common_shares": null,
            "book_valuer_per_share": null,
            "book_valuer_per_share_4q_avg": 0,
            "equity": null,
            "current_ratio": null,
            "debt_ratio": null,
            "inventory_turnover_ratio": null,
            "account_receivable_turnover_ratio": null,
            "reinvestment_rate": null,
            "research_to_sale_ratio": null,
            "price_fair": 0,
            "eps_avg_yearly": 0,
            "eps_latest_yearly": 0,
            "eps_growth_yearly": 0
        },
        "20014": {
            "year_quarter": 20014,
            "year": 2001,
            "quarter": 4,
            "eps": null,
            "eps_growth_year": null,
            "eps_4q": null,
            "eps_4q_growth_year": null,
            "roe": null,
            "roe_4q": 0,
            "gross_profit": null,
            "gross_margin": null,
            "gross_margin_4q_avg": 0,
            "net_income": null,
            "net_income_4q": null,
            "revenue": null,
            "revenue_4q": null,
            "common_shares": 919888,
            "book_valuer_per_share": 20.25,
            "book_valuer_per_share_4q_avg": 5.06,
            "equity": 1874968,
            "current_ratio": 128.05,
            "debt_ratio": 33.72,
            "inventory_turnover_ratio": null,
            "account_receivable_turnover_ratio": null,
            "reinvestment_rate": null,
            "research_to_sale_ratio": null,
            "price_fair": 0,
            "eps_avg_yearly": 0,
            "eps_latest_yearly": 0,
            "eps_growth_yearly": 0
        },
        "20021": {
            "year_quarter": 20021,
            "year": 2002,
            "quarter": 1,
            "eps": null,
            "eps_growth_year": null,
            "eps_4q": null,
            "eps_4q_growth_year": null,
            "roe": null,
            "roe_4q": 0,
            "gross_profit": null,
            "gross_margin": null,
            "gross_margin_4q_avg": 0,
            "net_income": null,
            "net_income_4q": null,
            "revenue": null,
            "revenue_4q": null,
            "common_shares": null,
            "book_valuer_per_share": null,
            "book_valuer_per_share_4q_avg": 5.06,
            "equity": null,
            "current_ratio": null,
            "debt_ratio": null,
            "inventory_turnover_ratio": null,
            "account_receivable_turnover_ratio": null,
            "reinvestment_rate": null,
            "research_to_sale_ratio": null,
            "price_fair": 0,
            "eps_avg_yearly": 0,
            "eps_latest_yearly": 0,
            "eps_growth_yearly": 0
        },
        "20022": {
            "year_quarter": 20022,
            "year": 2002,
            "quarter": 2,
            "eps": null,
            "eps_growth_year": null,
            "eps_4q": null,
            "eps_4q_growth_year": null,
            "roe": null,
            "roe_4q": 0,
            "gross_profit": null,
            "gross_margin": null,
            "gross_margin_4q_avg": 0,
            "net_income": null,
            "net_income_4q": null,
            "revenue": null,
            "revenue_4q": null,
            "common_shares": null,
            "book_valuer_per_share": null,
            "book_valuer_per_share_4q_avg": 5.06,
            "equity": null,
            "current_ratio": null,
            "debt_ratio": null,
            "inventory_turnover_ratio": null,
            "account_receivable_turnover_ratio": null,
            "reinvestment_rate": null,
            "research_to_sale_ratio": null,
            "price_fair": 0,
            "eps_avg_yearly": 0,
            "eps_latest_yearly": 0,
            "eps_growth_yearly": 0
        },
        "20023": {
            "year_quarter": 20023,
            "year": 2002,
            "quarter": 3,
            "eps": null,
            "eps_growth_year": null,
            "eps_4q": null,
            "eps_4q_growth_year": null,
            "roe": null,
            "roe_4q": 0,
            "gross_profit": null,
            "gross_margin": null,
            "gross_margin_4q_avg": 0,
            "net_income": null,
            "net_income_4q": null,
            "revenue": null,
            "revenue_4q": null,
            "common_shares": null,
            "book_valuer_per_share": null,
            "book_valuer_per_share_4q_avg": 5.06,
            "equity": null,
            "current_ratio": null,
            "debt_ratio": null,
            "inventory_turnover_ratio": null,
            "account_receivable_turnover_ratio": null,
            "reinvestment_rate": null,
            "research_to_sale_ratio": null,
            "price_fair": 0,
            "eps_avg_yearly": 0,
            "eps_latest_yearly": 0,
            "eps_growth_yearly": 0
        },
        "20024": {
            "year_quarter": 20024,
            "year": 2002,
            "quarter": 4,
            "eps": null,
            "eps_growth_year": null,
            "eps_4q": null,
            "eps_4q_growth_year": null,
            "roe": null,
            "roe_4q": 0,
            "gross_profit": null,
            "gross_margin": null,
            "gross_margin_4q_avg": 0,
            "net_income": null,
            "net_income_4q": null,
            "revenue": null,
            "revenue_4q": null,
            "common_shares": 970000,
            "book_valuer_per_share": 19.61,
            "book_valuer_per_share_4q_avg": 4.9,
            "equity": 1918529,
            "current_ratio": 116.52,
            "debt_ratio": 35.89,
            "inventory_turnover_ratio": null,
            "account_receivable_turnover_ratio": null,
            "reinvestment_rate": null,
            "research_to_sale_ratio": null,
            "price_fair": 0,
            "eps_avg_yearly": 0,
            "eps_latest_yearly": 0,
            "eps_growth_yearly": 0
        },
        "20031": {
            "year_quarter": 20031,
            "year": 2003,
            "quarter": 1,
            "eps": 0.15,
            "eps_growth_year": null,
            "eps_4q": null,
            "eps_4q_growth_year": null,
            "roe": 0.78,
            "roe_4q": 0.78,
            "gross_profit": 35565,
            "gross_margin": 14.1,
            "gross_margin_4q_avg": 3.53,
            "net_income": 14894,
            "net_income_4q": null,
            "revenue": 252192,
            "revenue_4q": null,
            "common_shares": 970000,
            "book_valuer_per_share": 19.84,
            "book_valuer_per_share_4q_avg": 9.86,
            "equity": 1924780,
            "current_ratio": 114.69,
            "debt_ratio": 32.15,
            "inventory_turnover_ratio": 1.26,
            "account_receivable_turnover_ratio": null,
            "reinvestment_rate": null,
            "research_to_sale_ratio": null,
            "price_fair": 0,
            "eps_avg_yearly": 0,
            "eps_latest_yearly": 0,
            "eps_growth_yearly": 0
        },
        "20032": {
            "year_quarter": 20032,
            "year": 2003,
            "quarter": 2,
            "eps": 0.21,
            "eps_growth_year": null,
            "eps_4q": null,
            "eps_4q_growth_year": null,
            "roe": 1.09,
            "roe_4q": 1.87,
            "gross_profit": 55842,
            "gross_margin": 19.15,
            "gross_margin_4q_avg": 8.31,
            "net_income": 20790,
            "net_income_4q": null,
            "revenue": 291578,
            "revenue_4q": null,
            "common_shares": 970000,
            "book_valuer_per_share": 19.53,
            "book_valuer_per_share_4q_avg": 14.75,
            "equity": 1894584,
            "current_ratio": 111.66,
            "debt_ratio": 32.33,
            "inventory_turnover_ratio": 2.98,
            "account_receivable_turnover_ratio": null,
            "reinvestment_rate": null,
            "research_to_sale_ratio": null,
            "price_fair": 29.4,
            "eps_avg_yearly": 0.84,
            "eps_latest_yearly": 0.84,
            "eps_growth_yearly": 160
        },
        "20033": {
            "year_quarter": 20033,
            "year": 2003,
            "quarter": 3,
            "eps": 0.2,
            "eps_growth_year": null,
            "eps_4q": null,
            "eps_4q_growth_year": null,
            "roe": 1.02,
            "roe_4q": 2.8900000000000006,
            "gross_profit": 55656,
            "gross_margin": 15.66,
            "gross_margin_4q_avg": 12.23,
            "net_income": 19127,
            "net_income_4q": null,
            "revenue": 355337,
            "revenue_4q": null,
            "common_shares": 973800,
            "book_valuer_per_share": 18.93,
            "book_valuer_per_share_4q_avg": 19.48,
            "equity": 1843115,
            "current_ratio": 112.09,
            "debt_ratio": 37.06,
            "inventory_turnover_ratio": 3.63,
            "account_receivable_turnover_ratio": null,
            "reinvestment_rate": null,
            "research_to_sale_ratio": null,
            "price_fair": 28.7,
            "eps_avg_yearly": 0.82,
            "eps_latest_yearly": 0.8,
            "eps_growth_yearly": 70.48
        },
        "20034": {
            "year_quarter": 20034,
            "year": 2003,
            "quarter": 4,
            "eps": 0.89,
            "eps_growth_year": null,
            "eps_4q": 1.45,
            "eps_4q_growth_year": null,
            "roe": 4.59,
            "roe_4q": 7.4799999999999995,
            "gross_profit": 90609,
            "gross_margin": 17.03,
            "gross_margin_4q_avg": 16.49,
            "net_income": 86837,
            "net_income_4q": null,
            "revenue": 531983,
            "revenue_4q": null,
            "common_shares": 973800,
            "book_valuer_per_share": 19.68,
            "book_valuer_per_share_4q_avg": 19.5,
            "equity": 1937989,
            "current_ratio": 104.29,
            "debt_ratio": 47.19,
            "inventory_turnover_ratio": 1.46,
            "account_receivable_turnover_ratio": null,
            "reinvestment_rate": null,
            "research_to_sale_ratio": null,
            "price_fair": 60.67,
            "eps_avg_yearly": 1.73,
            "eps_latest_yearly": 3.56,
            "eps_growth_yearly": 506.98
        },
        "20041": {
            "year_quarter": 20041,
            "year": 2004,
            "quarter": 1,
            "eps": 1.11,
            "eps_growth_year": 640,
            "eps_4q": 2.41,
            "eps_4q_growth_year": null,
            "roe": 5.52,
            "roe_4q": 12.219999999999999,
            "gross_profit": 148534,
            "gross_margin": 30.34,
            "gross_margin_4q_avg": 20.55,
            "net_income": 108471,
            "net_income_4q": null,
            "revenue": 489526,
            "revenue_4q": null,
            "common_shares": 973800,
            "book_valuer_per_share": 20.45,
            "book_valuer_per_share_4q_avg": 19.65,
            "equity": 1991280,
            "current_ratio": 102.04,
            "debt_ratio": 39.68,
            "inventory_turnover_ratio": 1.04,
            "account_receivable_turnover_ratio": null,
            "reinvestment_rate": null,
            "research_to_sale_ratio": null,
            "price_fair": 84.35,
            "eps_avg_yearly": 2.41,
            "eps_latest_yearly": 4.44,
            "eps_growth_yearly": 404.96
        },
        "20042": {
            "year_quarter": 20042,
            "year": 2004,
            "quarter": 2,
            "eps": 1.31,
            "eps_growth_year": 523.81,
            "eps_4q": 3.51,
            "eps_4q_growth_year": null,
            "roe": 6.44,
            "roe_4q": 17.57,
            "gross_profit": 106649,
            "gross_margin": 23.77,
            "gross_margin_4q_avg": 21.7,
            "net_income": 127730,
            "net_income_4q": null,
            "revenue": 448616,
            "revenue_4q": null,
            "common_shares": 973800,
            "book_valuer_per_share": 20.28,
            "book_valuer_per_share_4q_avg": 19.84,
            "equity": 1975276,
            "current_ratio": 93.04,
            "debt_ratio": 43.14,
            "inventory_turnover_ratio": 2.67,
            "account_receivable_turnover_ratio": null,
            "reinvestment_rate": null,
            "research_to_sale_ratio": null,
            "price_fair": 104.16,
            "eps_avg_yearly": 2.98,
            "eps_latest_yearly": 5.24,
            "eps_growth_yearly": 338.38
        },
        "20043": {
            "year_quarter": 20043,
            "year": 2004,
            "quarter": 3,
            "eps": 1.55,
            "eps_growth_year": 675,
            "eps_4q": 4.86,
            "eps_4q_growth_year": null,
            "roe": 7.32,
            "roe_4q": 23.87,
            "gross_profit": 87009,
            "gross_margin": 20.47,
            "gross_margin_4q_avg": 22.9,
            "net_income": 151385,
            "net_income_4q": null,
            "revenue": 425084,
            "revenue_4q": null,
            "common_shares": 973800,
            "book_valuer_per_share": 22.17,
            "book_valuer_per_share_4q_avg": 20.65,
            "equity": 2159241,
            "current_ratio": 93.31,
            "debt_ratio": 40.84,
            "inventory_turnover_ratio": 2.69,
            "account_receivable_turnover_ratio": null,
            "reinvestment_rate": null,
            "research_to_sale_ratio": null,
            "price_fair": 122.97,
            "eps_avg_yearly": 3.51,
            "eps_latest_yearly": 6.2,
            "eps_growth_yearly": 294.2
        },
        "20044": {
            "year_quarter": 20044,
            "year": 2004,
            "quarter": 4,
            "eps": 0.03,
            "eps_growth_year": -96.63,
            "eps_4q": 4.38,
            "eps_4q_growth_year": 201.48,
            "roe": 0.13,
            "roe_4q": 19.41,
            "gross_profit": 32623,
            "gross_margin": 8.8,
            "gross_margin_4q_avg": 20.85,
            "net_income": 2675,
            "net_income_4q": null,
            "revenue": 370748,
            "revenue_4q": null,
            "common_shares": 973800,
            "book_valuer_per_share": 21.13,
            "book_valuer_per_share_4q_avg": 21.01,
            "equity": 2090512,
            "current_ratio": 112.1,
            "debt_ratio": 54.81,
            "inventory_turnover_ratio": 0.93,
            "account_receivable_turnover_ratio": null,
            "reinvestment_rate": null,
            "research_to_sale_ratio": null,
            "price_fair": 106,
            "eps_avg_yearly": 3.03,
            "eps_latest_yearly": 0.12,
            "eps_growth_yearly": 196.13
        },
        "20051": {
            "year_quarter": 20051,
            "year": 2005,
            "quarter": 1,
            "eps": 0.18,
            "eps_growth_year": -83.78,
            "eps_4q": 3.09,
            "eps_4q_growth_year": 28.48,
            "roe": 0.84,
            "roe_4q": 14.73,
            "gross_profit": 41582,
            "gross_margin": 15.22,
            "gross_margin_4q_avg": 17.07,
            "net_income": 17415,
            "net_income_4q": null,
            "revenue": 273137,
            "revenue_4q": null,
            "common_shares": 973800,
            "book_valuer_per_share": 21.11,
            "book_valuer_per_share_4q_avg": 21.17,
            "equity": 2055450,
            "current_ratio": 105.7,
            "debt_ratio": 43.36,
            "inventory_turnover_ratio": 0.59,
            "account_receivable_turnover_ratio": null,
            "reinvestment_rate": null,
            "research_to_sale_ratio": null,
            "price_fair": 95.9,
            "eps_avg_yearly": 2.74,
            "eps_latest_yearly": 0.72,
            "eps_growth_yearly": 421.62
        },
        "20052": {
            "year_quarter": 20052,
            "year": 2005,
            "quarter": 2,
            "eps": 0.28,
            "eps_growth_year": -78.63,
            "eps_4q": 1.9,
            "eps_4q_growth_year": -45.86,
            "roe": 1.34,
            "roe_4q": 9.63,
            "gross_profit": 39438,
            "gross_margin": 13.5,
            "gross_margin_4q_avg": 14.5,
            "net_income": 29637,
            "net_income_4q": null,
            "revenue": 292131,
            "revenue_4q": null,
            "common_shares": 1103640,
            "book_valuer_per_share": 21.47,
            "book_valuer_per_share_4q_avg": 21.47,
            "equity": 2369522,
            "current_ratio": 124.55,
            "debt_ratio": 39.26,
            "inventory_turnover_ratio": 1.37,
            "account_receivable_turnover_ratio": null,
            "reinvestment_rate": null,
            "research_to_sale_ratio": null,
            "price_fair": 89.6,
            "eps_avg_yearly": 2.56,
            "eps_latest_yearly": 1.12,
            "eps_growth_yearly": 399.46
        },
        "20053": {
            "year_quarter": 20053,
            "year": 2005,
            "quarter": 3,
            "eps": 1.59,
            "eps_growth_year": 2.58,
            "eps_4q": 2.04,
            "eps_4q_growth_year": -57.97,
            "roe": 7.01,
            "roe_4q": 9.32,
            "gross_profit": 16906,
            "gross_margin": 5.13,
            "gross_margin_4q_avg": 10.66,
            "net_income": 175125,
            "net_income_4q": null,
            "revenue": 329681,
            "revenue_4q": null,
            "common_shares": 1163000,
            "book_valuer_per_share": 22.56,
            "book_valuer_per_share_4q_avg": 21.57,
            "equity": 2624198,
            "current_ratio": 126.3,
            "debt_ratio": 39.07,
            "inventory_turnover_ratio": 1.63,
            "account_receivable_turnover_ratio": null,
            "reinvestment_rate": null,
            "research_to_sale_ratio": null,
            "price_fair": 102.9,
            "eps_avg_yearly": 2.94,
            "eps_latest_yearly": 6.36,
            "eps_growth_yearly": 546.66
        },
        "20054": {
            "year_quarter": 20054,
            "year": 2005,
            "quarter": 4,
            "eps": 0.91,
            "eps_growth_year": 2933.33,
            "eps_4q": 2.91,
            "eps_4q_growth_year": -33.42,
            "roe": 3.76,
            "roe_4q": 12.95,
            "gross_profit": 47789,
            "gross_margin": 8.5,
            "gross_margin_4q_avg": 10.59,
            "net_income": 100886,
            "net_income_4q": null,
            "revenue": 562126,
            "revenue_4q": null,
            "common_shares": 1163000,
            "book_valuer_per_share": 23.17,
            "book_valuer_per_share_4q_avg": 22.08,
            "equity": 2744101,
            "current_ratio": 105.87,
            "debt_ratio": 56.55,
            "inventory_turnover_ratio": 0.89,
            "account_receivable_turnover_ratio": null,
            "reinvestment_rate": null,
            "research_to_sale_ratio": null,
            "price_fair": 105.13,
            "eps_avg_yearly": 3,
            "eps_latest_yearly": 3.64,
            "eps_growth_yearly": 481.41
        },
        "20061": {
            "year_quarter": 20061,
            "year": 2006,
            "quarter": 1,
            "eps": 1.56,
            "eps_growth_year": 766.67,
            "eps_4q": 4.19,
            "eps_4q_growth_year": 35.52,
            "roe": 6.44,
            "roe_4q": 18.55,
            "gross_profit": 29891,
            "gross_margin": 5.2,
            "gross_margin_4q_avg": 8.08,
            "net_income": 181215,
            "net_income_4q": null,
            "revenue": 574472,
            "revenue_4q": null,
            "common_shares": 1163000,
            "book_valuer_per_share": 24.76,
            "book_valuer_per_share_4q_avg": 22.99,
            "equity": 2879565,
            "current_ratio": 110.05,
            "debt_ratio": 37.13,
            "inventory_turnover_ratio": 0.97,
            "account_receivable_turnover_ratio": null,
            "reinvestment_rate": null,
            "research_to_sale_ratio": null,
            "price_fair": 114.57,
            "eps_avg_yearly": 3.27,
            "eps_latest_yearly": 6.24,
            "eps_growth_yearly": 465.1
        },
        "20062": {
            "year_quarter": 20062,
            "year": 2006,
            "quarter": 2,
            "eps": 1.13,
            "eps_growth_year": 303.57,
            "eps_4q": 5.04,
            "eps_4q_growth_year": 165.51,
            "roe": 4.58,
            "roe_4q": 21.79,
            "gross_profit": 111816,
            "gross_margin": 18.46,
            "gross_margin_4q_avg": 9.32,
            "net_income": 131977,
            "net_income_4q": null,
            "revenue": 605760,
            "revenue_4q": null,
            "common_shares": 1163000,
            "book_valuer_per_share": 24.75,
            "book_valuer_per_share_4q_avg": 23.81,
            "equity": 2878144,
            "current_ratio": 95.98,
            "debt_ratio": 37.9,
            "inventory_turnover_ratio": 2.96,
            "account_receivable_turnover_ratio": null,
            "reinvestment_rate": null,
            "research_to_sale_ratio": null,
            "price_fair": 117.92,
            "eps_avg_yearly": 3.37,
            "eps_latest_yearly": 4.52,
            "eps_growth_yearly": 420.84
        },
        "20063": {
            "year_quarter": 20063,
            "year": 2006,
            "quarter": 3,
            "eps": 1,
            "eps_growth_year": -37.11,
            "eps_4q": 4.44,
            "eps_4q_growth_year": 117.57,
            "roe": 4.05,
            "roe_4q": 18.83,
            "gross_profit": 62122,
            "gross_margin": 9.31,
            "gross_margin_4q_avg": 10.37,
            "net_income": 120316,
            "net_income_4q": null,
            "revenue": 667157,
            "revenue_4q": null,
            "common_shares": 1163000,
            "book_valuer_per_share": 26.29,
            "book_valuer_per_share_4q_avg": 24.74,
            "equity": 3057436,
            "current_ratio": 189.94,
            "debt_ratio": 48.51,
            "inventory_turnover_ratio": 3.31,
            "account_receivable_turnover_ratio": null,
            "reinvestment_rate": null,
            "research_to_sale_ratio": null,
            "price_fair": 119.5,
            "eps_avg_yearly": 3.41,
            "eps_latest_yearly": 4,
            "eps_growth_yearly": 387.5
        },
        "20064": {
            "year_quarter": 20064,
            "year": 2006,
            "quarter": 4,
            "eps": 1.98,
            "eps_growth_year": 117.58,
            "eps_4q": 5.58,
            "eps_4q_growth_year": 91.59,
            "roe": 7.41,
            "roe_4q": 22.48,
            "gross_profit": -49193,
            "gross_margin": -6.76,
            "gross_margin_4q_avg": 6.55,
            "net_income": 238233,
            "net_income_4q": null,
            "revenue": 727636,
            "revenue_4q": null,
            "common_shares": 1200550,
            "book_valuer_per_share": 27.45,
            "book_valuer_per_share_4q_avg": 25.81,
            "equity": 3376264,
            "current_ratio": 131.53,
            "debt_ratio": 64.04,
            "inventory_turnover_ratio": 1.13,
            "account_receivable_turnover_ratio": null,
            "reinvestment_rate": 167.58,
            "research_to_sale_ratio": null,
            "price_fair": 130.01,
            "eps_avg_yearly": 3.71,
            "eps_latest_yearly": 7.92,
            "eps_growth_yearly": 387.8
        },
        "20071": {
            "year_quarter": 20071,
            "year": 2007,
            "quarter": 1,
            "eps": 0.98,
            "eps_growth_year": -37.18,
            "eps_4q": 5.06,
            "eps_4q_growth_year": 20.61,
            "roe": 3.16,
            "roe_4q": 19.200000000000003,
            "gross_profit": 14704,
            "gross_margin": 2.91,
            "gross_margin_4q_avg": 5.98,
            "net_income": 117965,
            "net_income_4q": null,
            "revenue": 505990,
            "revenue_4q": null,
            "common_shares": 1202029,
            "book_valuer_per_share": 34.12,
            "book_valuer_per_share_4q_avg": 28.15,
            "equity": 4101417,
            "current_ratio": 202.56,
            "debt_ratio": 33.61,
            "inventory_turnover_ratio": 0.73,
            "account_receivable_turnover_ratio": null,
            "reinvestment_rate": 0.91,
            "research_to_sale_ratio": null,
            "price_fair": 130.46,
            "eps_avg_yearly": 3.73,
            "eps_latest_yearly": 3.92,
            "eps_growth_yearly": 350.93
        },
        "20072": {
            "year_quarter": 20072,
            "year": 2007,
            "quarter": 2,
            "eps": 0.82,
            "eps_growth_year": -27.43,
            "eps_4q": 4.61,
            "eps_4q_growth_year": -8.67,
            "roe": 2.52,
            "roe_4q": 17.14,
            "gross_profit": -21981,
            "gross_margin": -11.22,
            "gross_margin_4q_avg": -1.44,
            "net_income": 103173,
            "net_income_4q": null,
            "revenue": 195931,
            "revenue_4q": null,
            "common_shares": 1272492,
            "book_valuer_per_share": 32.06,
            "book_valuer_per_share_4q_avg": 29.98,
            "equity": 4079411,
            "current_ratio": 65.04,
            "debt_ratio": 43.94,
            "inventory_turnover_ratio": 1.73,
            "account_receivable_turnover_ratio": null,
            "reinvestment_rate": 0.54,
            "research_to_sale_ratio": null,
            "price_fair": 135.8,
            "eps_avg_yearly": 3.88,
            "eps_latest_yearly": 3.28,
            "eps_growth_yearly": 336.85
        },
        "20073": {
            "year_quarter": 20073,
            "year": 2007,
            "quarter": 3,
            "eps": 0.91,
            "eps_growth_year": -9,
            "eps_4q": 4.13,
            "eps_4q_growth_year": -6.9,
            "roe": 3.13,
            "roe_4q": 16.22,
            "gross_profit": -566,
            "gross_margin": -0.4,
            "gross_margin_4q_avg": -3.87,
            "net_income": 129625,
            "net_income_4q": null,
            "revenue": 139958,
            "revenue_4q": null,
            "common_shares": 1450447,
            "book_valuer_per_share": 29.06,
            "book_valuer_per_share_4q_avg": 30.67,
            "equity": 4215630,
            "current_ratio": 48.26,
            "debt_ratio": 41.63,
            "inventory_turnover_ratio": 1.61,
            "account_receivable_turnover_ratio": null,
            "reinvestment_rate": -0.66,
            "research_to_sale_ratio": null,
            "price_fair": 142.01,
            "eps_avg_yearly": 4.06,
            "eps_latest_yearly": 3.64,
            "eps_growth_yearly": 340.79
        },
        "20074": {
            "year_quarter": 20074,
            "year": 2007,
            "quarter": 4,
            "eps": -0.67,
            "eps_growth_year": -133.84,
            "eps_4q": 1.66,
            "eps_4q_growth_year": -70.24,
            "roe": -2.21,
            "roe_4q": 6.6,
            "gross_profit": -10722,
            "gross_margin": -7.41,
            "gross_margin_4q_avg": -4.03,
            "net_income": -96618,
            "net_income_4q": null,
            "revenue": 144722,
            "revenue_4q": null,
            "common_shares": 1450527,
            "book_valuer_per_share": 28.58,
            "book_valuer_per_share_4q_avg": 30.96,
            "equity": 4523274,
            "current_ratio": 100.06,
            "debt_ratio": 62.6,
            "inventory_turnover_ratio": 0.32,
            "account_receivable_turnover_ratio": null,
            "reinvestment_rate": 215.08,
            "research_to_sale_ratio": null,
            "price_fair": 143.17,
            "eps_avg_yearly": 4.09,
            "eps_latest_yearly": 3.64,
            "eps_growth_yearly": 271.5
        },
        "20081": {
            "year_quarter": 20081,
            "year": 2008,
            "quarter": 1,
            "eps": 1.5,
            "eps_growth_year": 53.06,
            "eps_4q": 2.46,
            "eps_4q_growth_year": -51.32,
            "roe": 4.76,
            "roe_4q": 8.2,
            "gross_profit": 283067,
            "gross_margin": 18.26,
            "gross_margin_4q_avg": -0.19,
            "net_income": 215913,
            "net_income_4q": null,
            "revenue": 1550518,
            "revenue_4q": null,
            "common_shares": 1450527,
            "book_valuer_per_share": 28.81,
            "book_valuer_per_share_4q_avg": 29.63,
            "equity": 4546839,
            "current_ratio": 99.35,
            "debt_ratio": 59.34,
            "inventory_turnover_ratio": 1.52,
            "account_receivable_turnover_ratio": null,
            "reinvestment_rate": 263.48,
            "research_to_sale_ratio": null,
            "price_fair": 142.3,
            "eps_avg_yearly": 4.07,
            "eps_latest_yearly": 3.64,
            "eps_growth_yearly": 283.84
        },
        "20082": {
            "year_quarter": 20082,
            "year": 2008,
            "quarter": 2,
            "eps": -0.61,
            "eps_growth_year": -174.39,
            "eps_4q": 1.05,
            "eps_4q_growth_year": -77.18,
            "roe": -2.79,
            "roe_4q": 2.8899999999999997,
            "gross_profit": 132278,
            "gross_margin": 9.19,
            "gross_margin_4q_avg": 4.91,
            "net_income": -123314,
            "net_income_4q": null,
            "revenue": 1439262,
            "revenue_4q": null,
            "common_shares": 1452022,
            "book_valuer_per_share": 27.13,
            "book_valuer_per_share_4q_avg": 28.4,
            "equity": 4283861,
            "current_ratio": 87.96,
            "debt_ratio": 63.49,
            "inventory_turnover_ratio": 1.66,
            "account_receivable_turnover_ratio": null,
            "reinvestment_rate": 307.65,
            "research_to_sale_ratio": null,
            "price_fair": 139.14,
            "eps_avg_yearly": 3.98,
            "eps_latest_yearly": 3.64,
            "eps_growth_yearly": 300.12
        },
        "20083": {
            "year_quarter": 20083,
            "year": 2008,
            "quarter": 3,
            "eps": 0.7,
            "eps_growth_year": -23.08,
            "eps_4q": 1.42,
            "eps_4q_growth_year": -65.77,
            "roe": 1.47,
            "roe_4q": 1.2299999999999995,
            "gross_profit": 371479,
            "gross_margin": 14.59,
            "gross_margin_4q_avg": 8.66,
            "net_income": 67526,
            "net_income_4q": null,
            "revenue": 2545601,
            "revenue_4q": null,
            "common_shares": 1452777,
            "book_valuer_per_share": 29.63,
            "book_valuer_per_share_4q_avg": 28.54,
            "equity": 4932512,
            "current_ratio": 87.59,
            "debt_ratio": 63.27,
            "inventory_turnover_ratio": 2.2,
            "account_receivable_turnover_ratio": null,
            "reinvestment_rate": 378.81,
            "research_to_sale_ratio": null,
            "price_fair": 132.65,
            "eps_avg_yearly": 3.79,
            "eps_latest_yearly": 3.64,
            "eps_growth_yearly": 319.03
        },
        "20084": {
            "year_quarter": 20084,
            "year": 2008,
            "quarter": 4,
            "eps": -1.39,
            "eps_growth_year": null,
            "eps_4q": 0,
            "eps_4q_growth_year": -99.74,
            "roe": -6.32,
            "roe_4q": -2.880000000000001,
            "gross_profit": 129026,
            "gross_margin": 7.29,
            "gross_margin_4q_avg": 12.33,
            "net_income": -305110,
            "net_income_4q": null,
            "revenue": 1770166,
            "revenue_4q": null,
            "common_shares": 1605859,
            "book_valuer_per_share": 26.38,
            "book_valuer_per_share_4q_avg": 27.99,
            "equity": 4724706,
            "current_ratio": 72.85,
            "debt_ratio": 63.66,
            "inventory_turnover_ratio": 1.52,
            "account_receivable_turnover_ratio": 1.61,
            "reinvestment_rate": 377.94,
            "research_to_sale_ratio": null,
            "price_fair": 144.33,
            "eps_avg_yearly": 4.12,
            "eps_latest_yearly": 3.64,
            "eps_growth_yearly": 383.69
        },
        "20091": {
            "year_quarter": 20091,
            "year": 2009,
            "quarter": 1,
            "eps": -1.03,
            "eps_growth_year": -168.67,
            "eps_4q": -2.24,
            "eps_4q_growth_year": -190.84,
            "roe": -4.41,
            "roe_4q": -12.05,
            "gross_profit": 111383,
            "gross_margin": 6.96,
            "gross_margin_4q_avg": 9.51,
            "net_income": -211040,
            "net_income_4q": null,
            "revenue": 1600722,
            "revenue_4q": null,
            "common_shares": 1725859,
            "book_valuer_per_share": 25.41,
            "book_valuer_per_share_4q_avg": 27.14,
            "equity": 4851441,
            "current_ratio": 73.78,
            "debt_ratio": 63.16,
            "inventory_turnover_ratio": 1.56,
            "account_receivable_turnover_ratio": 0.75,
            "reinvestment_rate": 622.63,
            "research_to_sale_ratio": null,
            "price_fair": 156.24,
            "eps_avg_yearly": 4.46,
            "eps_latest_yearly": 3.64,
            "eps_growth_yearly": 222.06
        },
        "20092": {
            "year_quarter": 20092,
            "year": 2009,
            "quarter": 2,
            "eps": -0.62,
            "eps_growth_year": null,
            "eps_4q": -2.09,
            "eps_4q_growth_year": -298.91,
            "roe": -3.19,
            "roe_4q": -12.45,
            "gross_profit": 160371,
            "gross_margin": 10.8,
            "gross_margin_4q_avg": 9.91,
            "net_income": -146931,
            "net_income_4q": null,
            "revenue": 1485298,
            "revenue_4q": null,
            "common_shares": 1905859,
            "book_valuer_per_share": 20.6,
            "book_valuer_per_share_4q_avg": 25.51,
            "equity": 4346334,
            "current_ratio": 72.23,
            "debt_ratio": 64.16,
            "inventory_turnover_ratio": 1.53,
            "account_receivable_turnover_ratio": 0.73,
            "reinvestment_rate": 700.62,
            "research_to_sale_ratio": null,
            "price_fair": 169.24,
            "eps_avg_yearly": 4.84,
            "eps_latest_yearly": 3.64,
            "eps_growth_yearly": 222.04
        },
        "20093": {
            "year_quarter": 20093,
            "year": 2009,
            "quarter": 3,
            "eps": -2.12,
            "eps_growth_year": -402.86,
            "eps_4q": -4.73,
            "eps_4q_growth_year": -433.94,
            "roe": -8.26,
            "roe_4q": -22.18,
            "gross_profit": 374003,
            "gross_margin": 18.09,
            "gross_margin_4q_avg": 10.79,
            "net_income": -371505,
            "net_income_4q": null,
            "revenue": 2067615,
            "revenue_4q": null,
            "common_shares": 1905859,
            "book_valuer_per_share": 22.11,
            "book_valuer_per_share_4q_avg": 23.63,
            "equity": 4647907,
            "current_ratio": 91.82,
            "debt_ratio": 64.25,
            "inventory_turnover_ratio": 1.89,
            "account_receivable_turnover_ratio": 1.02,
            "reinvestment_rate": 2141.64,
            "research_to_sale_ratio": null,
            "price_fair": 120.16,
            "eps_avg_yearly": 4.65,
            "eps_latest_yearly": 3.64,
            "eps_growth_yearly": 15.87
        },
        "20094": {
            "year_quarter": 20094,
            "year": 2009,
            "quarter": 4,
            "eps": 0.49,
            "eps_growth_year": null,
            "eps_4q": -2.29,
            "eps_4q_growth_year": -53076.32,
            "roe": 1.59,
            "roe_4q": -14.27,
            "gross_profit": 384028,
            "gross_margin": 18,
            "gross_margin_4q_avg": 13.46,
            "net_income": 74886,
            "net_income_4q": null,
            "revenue": 2132984,
            "revenue_4q": null,
            "common_shares": 1905859,
            "book_valuer_per_share": 20.01,
            "book_valuer_per_share_4q_avg": 22.03,
            "equity": 4742995,
            "current_ratio": 96.7,
            "debt_ratio": 60.96,
            "inventory_turnover_ratio": 1.8,
            "account_receivable_turnover_ratio": 1.85,
            "reinvestment_rate": 1538.32,
            "research_to_sale_ratio": null,
            "price_fair": 167.6,
            "eps_avg_yearly": 4.79,
            "eps_latest_yearly": 3.64,
            "eps_growth_yearly": 42.57
        },
        "20101": {
            "year_quarter": 20101,
            "year": 2010,
            "quarter": 1,
            "eps": 0.01,
            "eps_growth_year": null,
            "eps_4q": -1.87,
            "eps_4q_growth_year": null,
            "roe": 0.06,
            "roe_4q": -9.799999999999999,
            "gross_profit": 255299,
            "gross_margin": 13.21,
            "gross_margin_4q_avg": 15.03,
            "net_income": 2749,
            "net_income_4q": null,
            "revenue": 1931995,
            "revenue_4q": null,
            "common_shares": 2176619,
            "book_valuer_per_share": 19.92,
            "book_valuer_per_share_4q_avg": 20.66,
            "equity": 4725333,
            "current_ratio": 99.04,
            "debt_ratio": 62.92,
            "inventory_turnover_ratio": 1.69,
            "account_receivable_turnover_ratio": 0.8,
            "reinvestment_rate": 32402.91,
            "research_to_sale_ratio": null,
            "price_fair": 11.71,
            "eps_avg_yearly": 3.9,
            "eps_latest_yearly": 0.04,
            "eps_growth_yearly": -54.22
        },
        "20102": {
            "year_quarter": 20102,
            "year": 2010,
            "quarter": 2,
            "eps": -1.92,
            "eps_growth_year": null,
            "eps_4q": -3.28,
            "eps_4q_growth_year": null,
            "roe": -9.8,
            "roe_4q": -16.41,
            "gross_profit": 9069,
            "gross_margin": 0.45,
            "gross_margin_4q_avg": 12.44,
            "net_income": -445412,
            "net_income_4q": null,
            "revenue": 2002694,
            "revenue_4q": null,
            "common_shares": 2176619,
            "book_valuer_per_share": 18.38,
            "book_valuer_per_share_4q_avg": 20.11,
            "equity": 4369351,
            "current_ratio": 90.73,
            "debt_ratio": 63.01,
            "inventory_turnover_ratio": 1.9,
            "account_receivable_turnover_ratio": 0.77,
            "reinvestment_rate": null,
            "research_to_sale_ratio": null,
            "price_fair": 11.4,
            "eps_avg_yearly": 3.8,
            "eps_latest_yearly": 0.04,
            "eps_growth_yearly": -44.88
        },
        "20103": {
            "year_quarter": 20103,
            "year": 2010,
            "quarter": 3,
            "eps": -0.25,
            "eps_growth_year": null,
            "eps_4q": -1.75,
            "eps_4q_growth_year": null,
            "roe": -2.15,
            "roe_4q": -10.3,
            "gross_profit": 198352,
            "gross_margin": 8.98,
            "gross_margin_4q_avg": 10.16,
            "net_income": -92029,
            "net_income_4q": null,
            "revenue": 2210016,
            "revenue_4q": null,
            "common_shares": 2176813,
            "book_valuer_per_share": 17.85,
            "book_valuer_per_share_4q_avg": 19.04,
            "equity": 4202841,
            "current_ratio": 85.24,
            "debt_ratio": 63.97,
            "inventory_turnover_ratio": 1.85,
            "account_receivable_turnover_ratio": 0.85,
            "reinvestment_rate": null,
            "research_to_sale_ratio": null,
            "price_fair": 11.28,
            "eps_avg_yearly": 3.76,
            "eps_latest_yearly": 0.04,
            "eps_growth_yearly": -44.65
        },
        "20104": {
            "year_quarter": 20104,
            "year": 2010,
            "quarter": 4,
            "eps": -2.41,
            "eps_growth_year": -591.91,
            "eps_4q": -4.57,
            "eps_4q_growth_year": null,
            "roe": -16.29,
            "roe_4q": -28.18,
            "gross_profit": 230462,
            "gross_margin": 11.54,
            "gross_margin_4q_avg": 8.55,
            "net_income": -613792,
            "net_income_4q": null,
            "revenue": 1997836,
            "revenue_4q": null,
            "common_shares": 2176813,
            "book_valuer_per_share": 14.33,
            "book_valuer_per_share_4q_avg": 17.62,
            "equity": 3334277,
            "current_ratio": 83.38,
            "debt_ratio": 68.97,
            "inventory_turnover_ratio": 1.87,
            "account_receivable_turnover_ratio": 0.82,
            "reinvestment_rate": null,
            "research_to_sale_ratio": null,
            "price_fair": 8.16,
            "eps_avg_yearly": 2.72,
            "eps_latest_yearly": 0.04,
            "eps_growth_yearly": -153.82
        },
        "20111": {
            "year_quarter": 20111,
            "year": 2011,
            "quarter": 1,
            "eps": 0.21,
            "eps_growth_year": 2000,
            "eps_4q": -4.38,
            "eps_4q_growth_year": null,
            "roe": 1.4,
            "roe_4q": -26.84,
            "gross_profit": 288330,
            "gross_margin": 14.18,
            "gross_margin_4q_avg": 8.79,
            "net_income": 47746,
            "net_income_4q": null,
            "revenue": 2034073,
            "revenue_4q": null,
            "common_shares": 2176813,
            "book_valuer_per_share": 14.94,
            "book_valuer_per_share_4q_avg": 16.38,
            "equity": 3483766,
            "current_ratio": 92.39,
            "debt_ratio": 67.96,
            "inventory_turnover_ratio": 2.24,
            "account_receivable_turnover_ratio": 0.83,
            "reinvestment_rate": null,
            "research_to_sale_ratio": null,
            "price_fair": 6.96,
            "eps_avg_yearly": 2.32,
            "eps_latest_yearly": 0.04,
            "eps_growth_yearly": -137.75
        },
        "20112": {
            "year_quarter": 20112,
            "year": 2011,
            "quarter": 2,
            "eps": -0.19,
            "eps_growth_year": null,
            "eps_4q": -2.64,
            "eps_4q_growth_year": null,
            "roe": -1.32,
            "roe_4q": -18.36,
            "gross_profit": 291227,
            "gross_margin": 15.66,
            "gross_margin_4q_avg": 12.59,
            "net_income": -45221,
            "net_income_4q": null,
            "revenue": 1859864,
            "revenue_4q": null,
            "common_shares": 2176813,
            "book_valuer_per_share": 14.51,
            "book_valuer_per_share_4q_avg": 15.41,
            "equity": 3379458,
            "current_ratio": 87.16,
            "debt_ratio": 67.54,
            "inventory_turnover_ratio": 1.92,
            "account_receivable_turnover_ratio": 0.81,
            "reinvestment_rate": null,
            "research_to_sale_ratio": null,
            "price_fair": 5.52,
            "eps_avg_yearly": 1.84,
            "eps_latest_yearly": 0.04,
            "eps_growth_yearly": -173.97
        },
        "20113": {
            "year_quarter": 20113,
            "year": 2011,
            "quarter": 3,
            "eps": -0.02,
            "eps_growth_year": null,
            "eps_4q": -2.41,
            "eps_4q_growth_year": null,
            "roe": 0.04,
            "roe_4q": -16.169999999999998,
            "gross_profit": 341159,
            "gross_margin": 15.55,
            "gross_margin_4q_avg": 14.23,
            "net_income": 1419,
            "net_income_4q": null,
            "revenue": 2194572,
            "revenue_4q": null,
            "common_shares": 2176813,
            "book_valuer_per_share": 15.55,
            "book_valuer_per_share_4q_avg": 14.83,
            "equity": 3627379,
            "current_ratio": 85.04,
            "debt_ratio": 66.37,
            "inventory_turnover_ratio": 1.98,
            "account_receivable_turnover_ratio": 1.02,
            "reinvestment_rate": null,
            "research_to_sale_ratio": null,
            "price_fair": 0.12,
            "eps_avg_yearly": 0.04,
            "eps_latest_yearly": 0.04,
            "eps_growth_yearly": -391.84
        },
        "20114": {
            "year_quarter": 20114,
            "year": 2011,
            "quarter": 4,
            "eps": 0.01,
            "eps_growth_year": null,
            "eps_4q": 0.02,
            "eps_4q_growth_year": null,
            "roe": 0.33,
            "roe_4q": 0.44999999999999984,
            "gross_profit": 333952,
            "gross_margin": 16.09,
            "gross_margin_4q_avg": 15.37,
            "net_income": 11963,
            "net_income_4q": null,
            "revenue": 2075958,
            "revenue_4q": null,
            "common_shares": 2176813,
            "book_valuer_per_share": 15.56,
            "book_valuer_per_share_4q_avg": 15.14,
            "equity": 3635742,
            "current_ratio": 85.45,
            "debt_ratio": 65.07,
            "inventory_turnover_ratio": 1.61,
            "account_receivable_turnover_ratio": 0.98,
            "reinvestment_rate": null,
            "research_to_sale_ratio": null,
            "price_fair": 0.12,
            "eps_avg_yearly": 0.04,
            "eps_latest_yearly": 0.04,
            "eps_growth_yearly": -391.84
        },
        "20121": {
            "year_quarter": 20121,
            "year": 2012,
            "quarter": 1,
            "eps": -0.74,
            "eps_growth_year": -452.38,
            "eps_4q": -0.93,
            "eps_4q_growth_year": null,
            "roe": -4.65,
            "roe_4q": -5.6000000000000005,
            "gross_profit": 130104,
            "gross_margin": 7.3,
            "gross_margin_4q_avg": 13.65,
            "net_income": -163143,
            "net_income_4q": null,
            "revenue": 1781041,
            "revenue_4q": null,
            "common_shares": 2176813,
            "book_valuer_per_share": 14.45,
            "book_valuer_per_share_4q_avg": 15.02,
            "equity": 3388207,
            "current_ratio": 79.61,
            "debt_ratio": 64.49,
            "inventory_turnover_ratio": 1.66,
            "account_receivable_turnover_ratio": 0.95,
            "reinvestment_rate": null,
            "research_to_sale_ratio": null,
            "price_fair": 0.12,
            "eps_avg_yearly": 0.04,
            "eps_latest_yearly": 0.04,
            "eps_growth_yearly": -391.84
        },
        "20122": {
            "year_quarter": 20122,
            "year": 2012,
            "quarter": 2,
            "eps": -0.71,
            "eps_growth_year": null,
            "eps_4q": -1.46,
            "eps_4q_growth_year": null,
            "roe": -4.72,
            "roe_4q": -9.000000000000002,
            "gross_profit": 96519,
            "gross_margin": 6.34,
            "gross_margin_4q_avg": 11.32,
            "net_income": -156875,
            "net_income_4q": null,
            "revenue": 1522891,
            "revenue_4q": null,
            "common_shares": 2176813,
            "book_valuer_per_share": 13.86,
            "book_valuer_per_share_4q_avg": 14.86,
            "equity": 3258236,
            "current_ratio": 77.05,
            "debt_ratio": 64.58,
            "inventory_turnover_ratio": 1.76,
            "account_receivable_turnover_ratio": 0.91,
            "reinvestment_rate": null,
            "research_to_sale_ratio": null,
            "price_fair": 0.12,
            "eps_avg_yearly": 0.04,
            "eps_latest_yearly": 0.04,
            "eps_growth_yearly": -391.84
        },
        "20123": {
            "year_quarter": 20123,
            "year": 2012,
            "quarter": 3,
            "eps": -0.62,
            "eps_growth_year": null,
            "eps_4q": -2.06,
            "eps_4q_growth_year": null,
            "roe": -4.38,
            "roe_4q": -13.42,
            "gross_profit": 168860,
            "gross_margin": 11.42,
            "gross_margin_4q_avg": 10.29,
            "net_income": -138600,
            "net_income_4q": null,
            "revenue": 1479132,
            "revenue_4q": null,
            "common_shares": 2176813,
            "book_valuer_per_share": 13.03,
            "book_valuer_per_share_4q_avg": 14.23,
            "equity": 3064304,
            "current_ratio": 78.71,
            "debt_ratio": 65.35,
            "inventory_turnover_ratio": 1.57,
            "account_receivable_turnover_ratio": 0.88,
            "reinvestment_rate": null,
            "research_to_sale_ratio": null,
            "price_fair": 0.12,
            "eps_avg_yearly": 0.04,
            "eps_latest_yearly": 0.04,
            "eps_growth_yearly": -391.84
        },
        "20124": {
            "year_quarter": 20124,
            "year": 2012,
            "quarter": 4,
            "eps": -3.11,
            "eps_growth_year": -25773.31,
            "eps_4q": -5.19,
            "eps_4q_growth_year": -34325.48,
            "roe": -25.47,
            "roe_4q": -39.22,
            "gross_profit": -433922,
            "gross_margin": -42.23,
            "gross_margin_4q_avg": -4.29,
            "net_income": -691156,
            "net_income_4q": null,
            "revenue": 1027485,
            "revenue_4q": null,
            "common_shares": 2176813,
            "book_valuer_per_share": 9.86,
            "book_valuer_per_share_4q_avg": 12.8,
            "equity": 2362175,
            "current_ratio": 67.09,
            "debt_ratio": 70.52,
            "inventory_turnover_ratio": 2.03,
            "account_receivable_turnover_ratio": 0.69,
            "reinvestment_rate": null,
            "research_to_sale_ratio": null,
            "price_fair": 0.12,
            "eps_avg_yearly": 0.04,
            "eps_latest_yearly": 0.04,
            "eps_growth_yearly": -391.84
        },
        "20131": {
            "year_quarter": 20131,
            "year": 2013,
            "quarter": 1,
            "eps": -0.94,
            "eps_growth_year": null,
            "eps_4q": -5.39,
            "eps_4q_growth_year": null,
            "roe": -9.27,
            "roe_4q": -43.839999999999996,
            "gross_profit": 25661,
            "gross_margin": 2.54,
            "gross_margin_4q_avg": -5.48,
            "net_income": -212086,
            "net_income_4q": null,
            "revenue": 1009942,
            "revenue_4q": null,
            "common_shares": 2176813,
            "book_valuer_per_share": 9.21,
            "book_valuer_per_share_4q_avg": 11.49,
            "equity": 2214341,
            "current_ratio": 65.61,
            "debt_ratio": 71.32,
            "inventory_turnover_ratio": 1.77,
            "account_receivable_turnover_ratio": 0.89,
            "reinvestment_rate": null,
            "research_to_sale_ratio": null,
            "price_fair": 0.12,
            "eps_avg_yearly": 0.04,
            "eps_latest_yearly": 0.04,
            "eps_growth_yearly": -391.84
        },
        "20132": {
            "year_quarter": 20132,
            "year": 2013,
            "quarter": 2,
            "eps": -1.12,
            "eps_growth_year": null,
            "eps_4q": -5.79,
            "eps_4q_growth_year": null,
            "roe": -11.99,
            "roe_4q": -51.11,
            "gross_profit": 31946,
            "gross_margin": 2.68,
            "gross_margin_4q_avg": -6.4,
            "net_income": -251912,
            "net_income_4q": null,
            "revenue": 1192846,
            "revenue_4q": null,
            "common_shares": 2176813,
            "book_valuer_per_share": 8.19,
            "book_valuer_per_share_4q_avg": 10.07,
            "equity": 1986517,
            "current_ratio": 62.18,
            "debt_ratio": 73.52,
            "inventory_turnover_ratio": 2.07,
            "account_receivable_turnover_ratio": 1.07,
            "reinvestment_rate": null,
            "research_to_sale_ratio": null,
            "price_fair": 0.12,
            "eps_avg_yearly": 0.04,
            "eps_latest_yearly": 0.04,
            "eps_growth_yearly": -391.84
        },
        "20133": {
            "year_quarter": 20133,
            "year": 2013,
            "quarter": 3,
            "eps": -0.81,
            "eps_growth_year": null,
            "eps_4q": -5.73,
            "eps_4q_growth_year": null,
            "roe": -9.35,
            "roe_4q": -56.08,
            "gross_profit": 73884,
            "gross_margin": 4.57,
            "gross_margin_4q_avg": -8.11,
            "net_income": -178251,
            "net_income_4q": null,
            "revenue": 1616658,
            "revenue_4q": null,
            "common_shares": 2276813,
            "book_valuer_per_share": 7.14,
            "book_valuer_per_share_4q_avg": 8.6,
            "equity": 1828062,
            "current_ratio": 66.83,
            "debt_ratio": 77.31,
            "inventory_turnover_ratio": 2.35,
            "account_receivable_turnover_ratio": 1.15,
            "reinvestment_rate": null,
            "research_to_sale_ratio": null,
            "price_fair": 0.12,
            "eps_avg_yearly": 0.04,
            "eps_latest_yearly": 0.04,
            "eps_growth_yearly": -391.84
        },
        "20134": {
            "year_quarter": 20134,
            "year": 2013,
            "quarter": 4,
            "eps": -1.75,
            "eps_growth_year": null,
            "eps_4q": -4.5,
            "eps_4q_growth_year": null,
            "roe": -24.88,
            "roe_4q": -55.489999999999995,
            "gross_profit": 128294,
            "gross_margin": 8.38,
            "gross_margin_4q_avg": 4.54,
            "net_income": -406460,
            "net_income_4q": null,
            "revenue": 1531852,
            "revenue_4q": null,
            "common_shares": 2276813,
            "book_valuer_per_share": 5.46,
            "book_valuer_per_share_4q_avg": 7.5,
            "equity": 1439574,
            "current_ratio": 63.7,
            "debt_ratio": 81.69,
            "inventory_turnover_ratio": 1.82,
            "account_receivable_turnover_ratio": 0.95,
            "reinvestment_rate": null,
            "research_to_sale_ratio": null,
            "price_fair": 0.12,
            "eps_avg_yearly": 0.04,
            "eps_latest_yearly": 0.04,
            "eps_growth_yearly": -391.84
        },
        "20141": {
            "year_quarter": 20141,
            "year": 2014,
            "quarter": 1,
            "eps": -0.49,
            "eps_growth_year": null,
            "eps_4q": -4.09,
            "eps_4q_growth_year": null,
            "roe": -8.13,
            "roe_4q": -54.35,
            "gross_profit": 70156,
            "gross_margin": 6.18,
            "gross_margin_4q_avg": 5.45,
            "net_income": -113558,
            "net_income_4q": null,
            "revenue": 1134757,
            "revenue_4q": null,
            "common_shares": 2276813,
            "book_valuer_per_share": 5.08,
            "book_valuer_per_share_4q_avg": 6.47,
            "equity": 1353000,
            "current_ratio": 57.94,
            "debt_ratio": 80.96,
            "inventory_turnover_ratio": 1.51,
            "account_receivable_turnover_ratio": 0.88,
            "reinvestment_rate": null,
            "research_to_sale_ratio": null,
            "price_fair": 0,
            "eps_avg_yearly": 0,
            "eps_latest_yearly": 0,
            "eps_growth_yearly": 0
        },
        "20142": {
            "year_quarter": 20142,
            "year": 2014,
            "quarter": 2,
            "eps": -0.74,
            "eps_growth_year": null,
            "eps_4q": -3.38,
            "eps_4q_growth_year": null,
            "roe": -6.14,
            "roe_4q": -48.5,
            "gross_profit": 166045,
            "gross_margin": 12.93,
            "gross_margin_4q_avg": 8.02,
            "net_income": -79848,
            "net_income_4q": null,
            "revenue": 1283789,
            "revenue_4q": null,
            "common_shares": 2276813,
            "book_valuer_per_share": 4.62,
            "book_valuer_per_share_4q_avg": 5.58,
            "equity": 1246415,
            "current_ratio": 59.64,
            "debt_ratio": 81.65,
            "inventory_turnover_ratio": 1.8,
            "account_receivable_turnover_ratio": 1.08,
            "reinvestment_rate": null,
            "research_to_sale_ratio": null,
            "price_fair": 0,
            "eps_avg_yearly": 0,
            "eps_latest_yearly": 0,
            "eps_growth_yearly": 0
        },
        "20143": {
            "year_quarter": 20143,
            "year": 2014,
            "quarter": 3,
            "eps": -0.82,
            "eps_growth_year": null,
            "eps_4q": -6.22,
            "eps_4q_growth_year": null,
            "roe": -7.56,
            "roe_4q": -46.709999999999994,
            "gross_profit": 67298,
            "gross_margin": 5.85,
            "gross_margin_4q_avg": 8.34,
            "net_income": -91419,
            "net_income_4q": null,
            "revenue": 1150098,
            "revenue_4q": null,
            "common_shares": 1092763,
            "book_valuer_per_share": 8.94,
            "book_valuer_per_share_4q_avg": 6.03,
            "equity": 1173129,
            "current_ratio": 56.99,
            "debt_ratio": 82.22,
            "inventory_turnover_ratio": 1.93,
            "account_receivable_turnover_ratio": 0.92,
            "reinvestment_rate": null,
            "research_to_sale_ratio": null,
            "price_fair": 0,
            "eps_avg_yearly": 0,
            "eps_latest_yearly": 0,
            "eps_growth_yearly": 0
        },
        "20144": {
            "year_quarter": 20144,
            "year": 2014,
            "quarter": 4,
            "eps": -1.67,
            "eps_growth_year": null,
            "eps_4q": -4.25,
            "eps_4q_growth_year": null,
            "roe": -15.84,
            "roe_4q": -37.67,
            "gross_profit": 366078,
            "gross_margin": 21.4,
            "gross_margin_4q_avg": 11.59,
            "net_income": -176316,
            "net_income_4q": null,
            "revenue": 1710399,
            "revenue_4q": null,
            "common_shares": 1092763,
            "book_valuer_per_share": 7.82,
            "book_valuer_per_share_4q_avg": 6.62,
            "equity": 1053451,
            "current_ratio": 60.27,
            "debt_ratio": 84.84,
            "inventory_turnover_ratio": 2.64,
            "account_receivable_turnover_ratio": 1.17,
            "reinvestment_rate": null,
            "research_to_sale_ratio": null,
            "price_fair": 0,
            "eps_avg_yearly": 0,
            "eps_latest_yearly": 0,
            "eps_growth_yearly": 0
        },
        "20151": {
            "year_quarter": 20151,
            "year": 2015,
            "quarter": 1,
            "eps": 1.36,
            "eps_growth_year": null,
            "eps_4q": -1.88,
            "eps_4q_growth_year": null,
            "roe": 13.85,
            "roe_4q": -15.690000000000001,
            "gross_profit": 357570,
            "gross_margin": 22.51,
            "gross_margin_4q_avg": 15.67,
            "net_income": 152769,
            "net_income_4q": null,
            "revenue": 1588737,
            "revenue_4q": null,
            "common_shares": 1092763,
            "book_valuer_per_share": 8.72,
            "book_valuer_per_share_4q_avg": 7.53,
            "equity": 1152683,
            "current_ratio": 60.97,
            "debt_ratio": 82.89,
            "inventory_turnover_ratio": 2.84,
            "account_receivable_turnover_ratio": 0.95,
            "reinvestment_rate": null,
            "research_to_sale_ratio": null,
            "price_fair": 0,
            "eps_avg_yearly": 0,
            "eps_latest_yearly": 0,
            "eps_growth_yearly": 0
        },
        "20152": {
            "year_quarter": 20152,
            "year": 2015,
            "quarter": 2,
            "eps": -1.11,
            "eps_growth_year": null,
            "eps_4q": -2.24,
            "eps_4q_growth_year": null,
            "roe": -11.7,
            "roe_4q": -21.25,
            "gross_profit": -3483,
            "gross_margin": -0.53,
            "gross_margin_4q_avg": 12.31,
            "net_income": -125851,
            "net_income_4q": null,
            "revenue": 653514,
            "revenue_4q": null,
            "common_shares": 1092763,
            "book_valuer_per_share": 7.38,
            "book_valuer_per_share_4q_avg": 8.22,
            "equity": 999044,
            "current_ratio": 50.09,
            "debt_ratio": 82.35,
            "inventory_turnover_ratio": 2.03,
            "account_receivable_turnover_ratio": 0.55,
            "reinvestment_rate": null,
            "research_to_sale_ratio": null,
            "price_fair": 0,
            "eps_avg_yearly": 0,
            "eps_latest_yearly": 0,
            "eps_growth_yearly": 0
        },
        "20153": {
            "year_quarter": 20153,
            "year": 2015,
            "quarter": 3,
            "eps": -2.41,
            "eps_growth_year": null,
            "eps_4q": -3.83,
            "eps_4q_growth_year": null,
            "roe": -30.69,
            "roe_4q": -44.379999999999995,
            "gross_profit": 211626,
            "gross_margin": 19.21,
            "gross_margin_4q_avg": 15.65,
            "net_income": -268001,
            "net_income_4q": null,
            "revenue": 1101566,
            "revenue_4q": null,
            "common_shares": 1092763,
            "book_valuer_per_share": 5.08,
            "book_valuer_per_share_4q_avg": 7.25,
            "equity": 747420,
            "current_ratio": 51.51,
            "debt_ratio": 86.1,
            "inventory_turnover_ratio": 2.77,
            "account_receivable_turnover_ratio": 1.17,
            "reinvestment_rate": null,
            "research_to_sale_ratio": null,
            "price_fair": 0,
            "eps_avg_yearly": 0,
            "eps_latest_yearly": 0,
            "eps_growth_yearly": 0
        },
        "20154": {
            "year_quarter": 20154,
            "year": 2015,
            "quarter": 4,
            "eps": 0.4,
            "eps_growth_year": null,
            "eps_4q": -1.76,
            "eps_4q_growth_year": null,
            "roe": 6.49,
            "roe_4q": -22.050000000000004,
            "gross_profit": 173714,
            "gross_margin": 18.11,
            "gross_margin_4q_avg": 14.83,
            "net_income": 48806,
            "net_income_4q": null,
            "revenue": 958996,
            "revenue_4q": null,
            "common_shares": 1092763,
            "book_valuer_per_share": 5.17,
            "book_valuer_per_share_4q_avg": 6.59,
            "equity": 756400,
            "current_ratio": 69.88,
            "debt_ratio": 84.43,
            "inventory_turnover_ratio": 2.71,
            "account_receivable_turnover_ratio": 0.92,
            "reinvestment_rate": null,
            "research_to_sale_ratio": null,
            "price_fair": 0,
            "eps_avg_yearly": 0,
            "eps_latest_yearly": 0,
            "eps_growth_yearly": 0
        },
        "20161": {
            "year_quarter": 20161,
            "year": 2016,
            "quarter": 1,
            "eps": -1.26,
            "eps_growth_year": -192.65,
            "eps_4q": -4.37,
            "eps_4q_growth_year": null,
            "roe": -19.59,
            "roe_4q": -55.489999999999995,
            "gross_profit": 7001,
            "gross_margin": 1.7,
            "gross_margin_4q_avg": 9.62,
            "net_income": -136602,
            "net_income_4q": null,
            "revenue": 410695,
            "revenue_4q": null,
            "common_shares": 1092763,
            "book_valuer_per_share": 4.08,
            "book_valuer_per_share_4q_avg": 5.43,
            "equity": 637919,
            "current_ratio": 62.46,
            "debt_ratio": 84.82,
            "inventory_turnover_ratio": 1.84,
            "account_receivable_turnover_ratio": 0.57,
            "reinvestment_rate": null,
            "research_to_sale_ratio": null,
            "price_fair": 0,
            "eps_avg_yearly": 0,
            "eps_latest_yearly": 0,
            "eps_growth_yearly": 0
        },
        "20162": {
            "year_quarter": 20162,
            "year": 2016,
            "quarter": 2,
            "eps": -3.11,
            "eps_growth_year": null,
            "eps_4q": -6.37,
            "eps_4q_growth_year": null,
            "roe": -79.16,
            "roe_4q": -122.95,
            "gross_profit": -45940,
            "gross_margin": -12.36,
            "gross_margin_4q_avg": 6.67,
            "net_income": -352982,
            "net_income_4q": null,
            "revenue": 371595,
            "revenue_4q": null,
            "common_shares": 1092763,
            "book_valuer_per_share": 0.91,
            "book_valuer_per_share_4q_avg": 3.81,
            "equity": 253844,
            "current_ratio": 52.24,
            "debt_ratio": 92.56,
            "inventory_turnover_ratio": 2.71,
            "account_receivable_turnover_ratio": 0.98,
            "reinvestment_rate": null,
            "research_to_sale_ratio": null,
            "price_fair": 0,
            "eps_avg_yearly": 0,
            "eps_latest_yearly": 0,
            "eps_growth_yearly": 0
        },
        "20163": {
            "year_quarter": 20163,
            "year": 2016,
            "quarter": 3,
            "eps": -0.33,
            "eps_growth_year": null,
            "eps_4q": -4.3,
            "eps_4q_growth_year": null,
            "roe": -17.17,
            "roe_4q": -109.43,
            "gross_profit": 49459,
            "gross_margin": 18.44,
            "gross_margin_4q_avg": 6.47,
            "net_income": -37645,
            "net_income_4q": null,
            "revenue": 268164,
            "revenue_4q": null,
            "common_shares": 1092763,
            "book_valuer_per_share": 0.32,
            "book_valuer_per_share_4q_avg": 2.62,
            "equity": 184657,
            "current_ratio": 102.12,
            "debt_ratio": 94.47,
            "inventory_turnover_ratio": 2.18,
            "account_receivable_turnover_ratio": 0.88,
            "reinvestment_rate": null,
            "research_to_sale_ratio": null,
            "price_fair": 0,
            "eps_avg_yearly": 0,
            "eps_latest_yearly": 0,
            "eps_growth_yearly": 0
        },
        "20164": {
            "year_quarter": 20164,
            "year": 2016,
            "quarter": 4,
            "eps": null,
            "eps_growth_year": null,
            "eps_4q": null,
            "eps_4q_growth_year": null,
            "roe": null,
            "roe_4q": -115.92,
            "gross_profit": null,
            "gross_margin": null,
            "gross_margin_4q_avg": 1.95,
            "net_income": null,
            "net_income_4q": null,
            "revenue": null,
            "revenue_4q": null,
            "common_shares": null,
            "book_valuer_per_share": null,
            "book_valuer_per_share_4q_avg": 1.33,
            "equity": null,
            "current_ratio": null,
            "debt_ratio": null,
            "inventory_turnover_ratio": null,
            "account_receivable_turnover_ratio": null,
            "reinvestment_rate": null,
            "research_to_sale_ratio": null,
            "price_fair": 0,
            "eps_avg_yearly": 0,
            "eps_latest_yearly": 0,
            "eps_growth_yearly": 0
        },
        "20171": {
            "year_quarter": 20171,
            "year": 2017,
            "quarter": 1,
            "eps": 0.11,
            "eps_growth_year": null,
            "eps_4q": null,
            "eps_4q_growth_year": null,
            "roe": 2.94,
            "roe_4q": -93.39,
            "gross_profit": 42409,
            "gross_margin": 19.79,
            "gross_margin_4q_avg": 6.47,
            "net_income": 6294,
            "net_income_4q": null,
            "revenue": 214345,
            "revenue_4q": null,
            "common_shares": 1092763,
            "book_valuer_per_share": 0.81,
            "book_valuer_per_share_4q_avg": 0.51,
            "equity": 213989,
            "current_ratio": 111.13,
            "debt_ratio": 82.25,
            "inventory_turnover_ratio": 2.34,
            "account_receivable_turnover_ratio": 0.98,
            "reinvestment_rate": null,
            "research_to_sale_ratio": null,
            "price_fair": 0,
            "eps_avg_yearly": 0,
            "eps_latest_yearly": 0,
            "eps_growth_yearly": 0
        },
        "20172": {
            "year_quarter": 20172,
            "year": 2017,
            "quarter": 2,
            "eps": 0.09,
            "eps_growth_year": null,
            "eps_4q": null,
            "eps_4q_growth_year": null,
            "roe": 2.46,
            "roe_4q": -11.770000000000001,
            "gross_profit": 47874,
            "gross_margin": 20.53,
            "gross_margin_4q_avg": 14.69,
            "net_income": 5443,
            "net_income_4q": null,
            "revenue": 233237,
            "revenue_4q": null,
            "common_shares": 1092763,
            "book_valuer_per_share": 0.97,
            "book_valuer_per_share_4q_avg": 0.53,
            "equity": 229229,
            "current_ratio": 115.95,
            "debt_ratio": 81.3,
            "inventory_turnover_ratio": 2.62,
            "account_receivable_turnover_ratio": 0.97,
            "reinvestment_rate": null,
            "research_to_sale_ratio": null,
            "price_fair": 1.08,
            "eps_avg_yearly": 0.36,
            "eps_latest_yearly": 0.36,
            "eps_growth_yearly": -72.73
        },
        "20173": {
            "year_quarter": 20173,
            "year": 2017,
            "quarter": 3,
            "eps": 0.09,
            "eps_growth_year": null,
            "eps_4q": null,
            "eps_4q_growth_year": null,
            "roe": 1.38,
            "roe_4q": 6.779999999999999,
            "gross_profit": 35526,
            "gross_margin": 16.68,
            "gross_margin_4q_avg": 14.25,
            "net_income": 3219,
            "net_income_4q": null,
            "revenue": 212947,
            "revenue_4q": null,
            "common_shares": 1092763,
            "book_valuer_per_share": 1.09,
            "book_valuer_per_share_4q_avg": 0.72,
            "equity": 237364,
            "current_ratio": 132.26,
            "debt_ratio": 80.26,
            "inventory_turnover_ratio": 2.45,
            "account_receivable_turnover_ratio": 0.88,
            "reinvestment_rate": null,
            "research_to_sale_ratio": null,
            "price_fair": 1.08,
            "eps_avg_yearly": 0.36,
            "eps_latest_yearly": 0.36,
            "eps_growth_yearly": -36.36
        },
        "20174": {
            "year_quarter": 20174,
            "year": 2017,
            "quarter": 4,
            "eps": 0.5,
            "eps_growth_year": null,
            "eps_4q": 0.79,
            "eps_4q_growth_year": null,
            "roe": -12.4,
            "roe_4q": -5.619999999999999,
            "gross_profit": 6446,
            "gross_margin": 3.64,
            "gross_margin_4q_avg": 15.16,
            "net_income": -27721,
            "net_income_4q": null,
            "revenue": 177054,
            "revenue_4q": null,
            "common_shares": 1092763,
            "book_valuer_per_share": 1.59,
            "book_valuer_per_share_4q_avg": 1.12,
            "equity": 209738,
            "current_ratio": 148.45,
            "debt_ratio": 83.08,
            "inventory_turnover_ratio": 2.46,
            "account_receivable_turnover_ratio": 0.86,
            "reinvestment_rate": null,
            "research_to_sale_ratio": null,
            "price_fair": 31.73,
            "eps_avg_yearly": 0.91,
            "eps_latest_yearly": 2,
            "eps_growth_yearly": 583.16
        },
        "20181": {
            "year_quarter": 20181,
            "year": 2018,
            "quarter": 1,
            "eps": 0.04,
            "eps_growth_year": -63.64,
            "eps_4q": 0.71,
            "eps_4q_growth_year": null,
            "roe": 1.75,
            "roe_4q": -6.81,
            "gross_profit": 29919,
            "gross_margin": 22.33,
            "gross_margin_4q_avg": 15.8,
            "net_income": 3763,
            "net_income_4q": null,
            "revenue": 133965,
            "revenue_4q": null,
            "common_shares": 1092763,
            "book_valuer_per_share": 1.68,
            "book_valuer_per_share_4q_avg": 1.33,
            "equity": 219863,
            "current_ratio": 145.79,
            "debt_ratio": 79.01,
            "inventory_turnover_ratio": 1.85,
            "account_receivable_turnover_ratio": 0.91,
            "reinvestment_rate": null,
            "research_to_sale_ratio": null,
            "price_fair": 25.2,
            "eps_avg_yearly": 0.72,
            "eps_latest_yearly": 0.16,
            "eps_growth_yearly": 345.37
        },
        "20182": {
            "year_quarter": 20182,
            "year": 2018,
            "quarter": 2,
            "eps": 0.08,
            "eps_growth_year": -11.11,
            "eps_4q": 0.7,
            "eps_4q_growth_year": null,
            "roe": 4.87,
            "roe_4q": -4.4,
            "gross_profit": 30867,
            "gross_margin": 22.64,
            "gross_margin_4q_avg": 16.32,
            "net_income": 10905,
            "net_income_4q": null,
            "revenue": 136358,
            "revenue_4q": null,
            "common_shares": 1092763,
            "book_valuer_per_share": 1.76,
            "book_valuer_per_share_4q_avg": 1.53,
            "equity": 227864,
            "current_ratio": 142.91,
            "debt_ratio": 78.85,
            "inventory_turnover_ratio": 1.93,
            "account_receivable_turnover_ratio": 1.16,
            "reinvestment_rate": null,
            "research_to_sale_ratio": null,
            "price_fair": 22.4,
            "eps_avg_yearly": 0.64,
            "eps_latest_yearly": 0.32,
            "eps_growth_yearly": 356.3
        },
        "20183": {
            "year_quarter": 20183,
            "year": 2018,
            "quarter": 3,
            "eps": 0.23,
            "eps_growth_year": 155.56,
            "eps_4q": 0.84,
            "eps_4q_growth_year": null,
            "roe": 13.96,
            "roe_4q": 8.180000000000001,
            "gross_profit": 29733,
            "gross_margin": 20.23,
            "gross_margin_4q_avg": 17.21,
            "net_income": 31371,
            "net_income_4q": null,
            "revenue": 146965,
            "revenue_4q": null,
            "common_shares": 1092763,
            "book_valuer_per_share": 1.7,
            "book_valuer_per_share_4q_avg": 1.68,
            "equity": 221478,
            "current_ratio": 166.63,
            "debt_ratio": 79.67,
            "inventory_turnover_ratio": 1.95,
            "account_receivable_turnover_ratio": 1.15,
            "reinvestment_rate": null,
            "research_to_sale_ratio": null,
            "price_fair": 24.03,
            "eps_avg_yearly": 0.69,
            "eps_latest_yearly": 0.92,
            "eps_growth_yearly": 421.92
        },
        "20184": {
            "year_quarter": 20184,
            "year": 2018,
            "quarter": 4,
            "eps": -0.17,
            "eps_growth_year": -133.44,
            "eps_4q": 0.18,
            "eps_4q_growth_year": -77.76,
            "roe": -8.5,
            "roe_4q": 12.080000000000002,
            "gross_profit": 37219,
            "gross_margin": 27.59,
            "gross_margin_4q_avg": 23.2,
            "net_income": -17901,
            "net_income_4q": null,
            "revenue": 134917,
            "revenue_4q": null,
            "common_shares": 1092763,
            "book_valuer_per_share": 1.51,
            "book_valuer_per_share_4q_avg": 1.66,
            "equity": 199768,
            "current_ratio": 159.06,
            "debt_ratio": 81.29,
            "inventory_turnover_ratio": 1.67,
            "account_receivable_turnover_ratio": 1.1,
            "reinvestment_rate": null,
            "research_to_sale_ratio": null,
            "price_fair": 24.03,
            "eps_avg_yearly": 0.69,
            "eps_latest_yearly": 0.92,
            "eps_growth_yearly": 421.92
        },
        "20191": {
            "year_quarter": 20191,
            "year": 2019,
            "quarter": 1,
            "eps": 0.19,
            "eps_growth_year": 375,
            "eps_4q": 0.33,
            "eps_4q_growth_year": -53.8,
            "roe": 5.09,
            "roe_4q": 15.420000000000002,
            "gross_profit": 25959,
            "gross_margin": 19.03,
            "gross_margin_4q_avg": 22.37,
            "net_income": 10231,
            "net_income_4q": null,
            "revenue": 136445,
            "revenue_4q": null,
            "common_shares": 1092763,
            "book_valuer_per_share": 1.54,
            "book_valuer_per_share_4q_avg": 1.63,
            "equity": 202583,
            "current_ratio": 162.45,
            "debt_ratio": 80.77,
            "inventory_turnover_ratio": 1.95,
            "account_receivable_turnover_ratio": 1.19,
            "reinvestment_rate": null,
            "research_to_sale_ratio": null,
            "price_fair": 24.03,
            "eps_avg_yearly": 0.69,
            "eps_latest_yearly": 0.92,
            "eps_growth_yearly": 421.92
        },
        "20192": {
            "year_quarter": 20192,
            "year": 2019,
            "quarter": 2,
            "eps": 0.15,
            "eps_growth_year": 87.5,
            "eps_4q": 0.4,
            "eps_4q_growth_year": -42.5,
            "roe": 8.52,
            "roe_4q": 19.07,
            "gross_profit": 36488,
            "gross_margin": 26.45,
            "gross_margin_4q_avg": 23.33,
            "net_income": 17280,
            "net_income_4q": null,
            "revenue": 137963,
            "revenue_4q": null,
            "common_shares": 1092763,
            "book_valuer_per_share": 1.68,
            "book_valuer_per_share_4q_avg": 1.61,
            "equity": 203220,
            "current_ratio": 168.41,
            "debt_ratio": 80.17,
            "inventory_turnover_ratio": 1.74,
            "account_receivable_turnover_ratio": 1.25,
            "reinvestment_rate": null,
            "research_to_sale_ratio": null,
            "price_fair": 23.6,
            "eps_avg_yearly": 0.67,
            "eps_latest_yearly": 0.6,
            "eps_growth_yearly": 349.61
        },
        "20193": {
            "year_quarter": 20193,
            "year": 2019,
            "quarter": 3,
            "eps": -0.01,
            "eps_growth_year": -104.35,
            "eps_4q": 0.17,
            "eps_4q_growth_year": -79.95,
            "roe": -0.32,
            "roe_4q": 4.789999999999999,
            "gross_profit": 19067,
            "gross_margin": 16.1,
            "gross_margin_4q_avg": 22.29,
            "net_income": -634,
            "net_income_4q": null,
            "revenue": 118412,
            "revenue_4q": null,
            "common_shares": 1092763,
            "book_valuer_per_share": 1.64,
            "book_valuer_per_share_4q_avg": 1.59,
            "equity": 198825,
            "current_ratio": 166.92,
            "debt_ratio": 80.25,
            "inventory_turnover_ratio": 1.59,
            "account_receivable_turnover_ratio": 1.14,
            "reinvestment_rate": null,
            "research_to_sale_ratio": null,
            "price_fair": 23.6,
            "eps_avg_yearly": 0.67,
            "eps_latest_yearly": 0.6,
            "eps_growth_yearly": 349.61
        },
        "20194": {
            "year_quarter": 20194,
            "year": 2019,
            "quarter": 4,
            "eps": -0.16,
            "eps_growth_year": null,
            "eps_4q": 0.18,
            "eps_4q_growth_year": 1.11,
            "roe": -9.26,
            "roe_4q": 4.029999999999999,
            "gross_profit": 27007,
            "gross_margin": 19.97,
            "gross_margin_4q_avg": 20.39,
            "net_income": -16593,
            "net_income_4q": null,
            "revenue": 135231,
            "revenue_4q": null,
            "common_shares": 1092763,
            "book_valuer_per_share": 1.46,
            "book_valuer_per_share_4q_avg": 1.58,
            "equity": 159452,
            "current_ratio": 180.55,
            "debt_ratio": 83.35,
            "inventory_turnover_ratio": 1.77,
            "account_receivable_turnover_ratio": 1.37,
            "reinvestment_rate": null,
            "research_to_sale_ratio": null,
            "price_fair": 23.6,
            "eps_avg_yearly": 0.67,
            "eps_latest_yearly": 0.6,
            "eps_growth_yearly": 349.61
        },
        "20201": {
            "year_quarter": 20201,
            "year": 2020,
            "quarter": 1,
            "eps": 0.01,
            "eps_growth_year": -94.74,
            "eps_4q": -0,
            "eps_4q_growth_year": -100.99,
            "roe": 0.88,
            "roe_4q": -0.17999999999999972,
            "gross_profit": 17266,
            "gross_margin": 16.41,
            "gross_margin_4q_avg": 19.73,
            "net_income": 1374,
            "net_income_4q": null,
            "revenue": 105235,
            "revenue_4q": null,
            "common_shares": 1092763,
            "book_valuer_per_share": 1.41,
            "book_valuer_per_share_4q_avg": 1.55,
            "equity": 153556,
            "current_ratio": 58.06,
            "debt_ratio": 83.24,
            "inventory_turnover_ratio": 1.49,
            "account_receivable_turnover_ratio": 1.15,
            "reinvestment_rate": null,
            "research_to_sale_ratio": null,
            "price_fair": 23.6,
            "eps_avg_yearly": 0.67,
            "eps_latest_yearly": 0.6,
            "eps_growth_yearly": 349.61
        },
        "20202": {
            "year_quarter": 20202,
            "year": 2020,
            "quarter": 2,
            "eps": -0.1,
            "eps_growth_year": -166.67,
            "eps_4q": -0.26,
            "eps_4q_growth_year": -163.12,
            "roe": -7.47,
            "roe_4q": -16.169999999999998,
            "gross_profit": 10174,
            "gross_margin": 11.72,
            "gross_margin_4q_avg": 16.05,
            "net_income": -10987,
            "net_income_4q": null,
            "revenue": 86779,
            "revenue_4q": null,
            "common_shares": 1092763,
            "book_valuer_per_share": 1.29,
            "book_valuer_per_share_4q_avg": 1.45,
            "equity": 140685,
            "current_ratio": 52.39,
            "debt_ratio": 83.61,
            "inventory_turnover_ratio": 1.12,
            "account_receivable_turnover_ratio": 1.13,
            "reinvestment_rate": null,
            "research_to_sale_ratio": null,
            "price_fair": 23.6,
            "eps_avg_yearly": 0.67,
            "eps_latest_yearly": 0.6,
            "eps_growth_yearly": 349.61
        },
        "20203": {
            "year_quarter": 20203,
            "year": 2020,
            "quarter": 3,
            "eps": -0.36,
            "eps_growth_year": null,
            "eps_4q": -0.61,
            "eps_4q_growth_year": -459.17,
            "roe": -32.19,
            "roe_4q": -48.03999999999999,
            "gross_profit": 7888,
            "gross_margin": 7.78,
            "gross_margin_4q_avg": 13.97,
            "net_income": -39262,
            "net_income_4q": null,
            "revenue": 101429,
            "revenue_4q": null,
            "common_shares": 1092763,
            "book_valuer_per_share": 0.94,
            "book_valuer_per_share_4q_avg": 1.28,
            "equity": 103239,
            "current_ratio": 54.56,
            "debt_ratio": 87.79,
            "inventory_turnover_ratio": 1.42,
            "account_receivable_turnover_ratio": 1.38,
            "reinvestment_rate": null,
            "research_to_sale_ratio": null,
            "price_fair": 23.6,
            "eps_avg_yearly": 0.67,
            "eps_latest_yearly": 0.6,
            "eps_growth_yearly": 349.61
        },
        "20204": {
            "year_quarter": 20204,
            "year": 2020,
            "quarter": 4,
            "eps": -0.15,
            "eps_growth_year": null,
            "eps_4q": -0.59,
            "eps_4q_growth_year": -435.69,
            "roe": -16.51,
            "roe_4q": -55.29,
            "gross_profit": 11593,
            "gross_margin": 10.64,
            "gross_margin_4q_avg": 11.64,
            "net_income": -16122,
            "net_income_4q": null,
            "revenue": 108934,
            "revenue_4q": null,
            "common_shares": 1092763,
            "book_valuer_per_share": 0.84,
            "book_valuer_per_share_4q_avg": 1.12,
            "equity": 92075,
            "current_ratio": 52.66,
            "debt_ratio": 88.95,
            "inventory_turnover_ratio": 1.86,
            "account_receivable_turnover_ratio": 1.46,
            "reinvestment_rate": 852.29,
            "research_to_sale_ratio": null,
            "price_fair": 23.6,
            "eps_avg_yearly": 0.67,
            "eps_latest_yearly": 0.6,
            "eps_growth_yearly": 349.61
        },
        "20211": {
            "year_quarter": 20211,
            "year": 2021,
            "quarter": 1,
            "eps": -0.01,
            "eps_growth_year": -200,
            "eps_4q": -0.61,
            "eps_4q_growth_year": null,
            "roe": -0.81,
            "roe_4q": -56.98,
            "gross_profit": 20852,
            "gross_margin": 18.68,
            "gross_margin_4q_avg": 12.21,
            "net_income": -726,
            "net_income_4q": null,
            "revenue": 111634,
            "revenue_4q": null,
            "common_shares": 1092763,
            "book_valuer_per_share": 0.79,
            "book_valuer_per_share_4q_avg": 0.97,
            "equity": 86750,
            "current_ratio": 174.91,
            "debt_ratio": 89.54,
            "inventory_turnover_ratio": 1.67,
            "account_receivable_turnover_ratio": 1.44,
            "reinvestment_rate": -181.66,
            "research_to_sale_ratio": null,
            "price_fair": 23.6,
            "eps_avg_yearly": 0.67,
            "eps_latest_yearly": 0.6,
            "eps_growth_yearly": 349.61
        },
        "20212": {
            "year_quarter": 20212,
            "year": 2021,
            "quarter": 2,
            "eps": -0.01,
            "eps_growth_year": null,
            "eps_4q": -0.52,
            "eps_4q_growth_year": null,
            "roe": -1.15,
            "roe_4q": -50.66,
            "gross_profit": 25355,
            "gross_margin": 21.23,
            "gross_margin_4q_avg": 14.58,
            "net_income": -980,
            "net_income_4q": null,
            "revenue": 119441,
            "revenue_4q": null,
            "common_shares": 1092763,
            "book_valuer_per_share": 0.76,
            "book_valuer_per_share_4q_avg": 0.83,
            "equity": 83421,
            "current_ratio": 161.95,
            "debt_ratio": 90,
            "inventory_turnover_ratio": 1.38,
            "account_receivable_turnover_ratio": 1.32,
            "reinvestment_rate": -213,
            "research_to_sale_ratio": null,
            "price_fair": 25.43,
            "eps_avg_yearly": 0.73,
            "eps_latest_yearly": 0.6,
            "eps_growth_yearly": 420
        },
        "20213": {
            "year_quarter": 20213,
            "year": 2021,
            "quarter": 3,
            "eps": -0.01,
            "eps_growth_year": null,
            "eps_4q": -0.17,
            "eps_4q_growth_year": null,
            "roe": -0.82,
            "roe_4q": -19.290000000000003,
            "gross_profit": 18494,
            "gross_margin": 16.93,
            "gross_margin_4q_avg": 16.87,
            "net_income": -678,
            "net_income_4q": null,
            "revenue": 109268,
            "revenue_4q": null,
            "common_shares": 1092763,
            "book_valuer_per_share": 0.75,
            "book_valuer_per_share_4q_avg": 0.79,
            "equity": 81455,
            "current_ratio": 152.67,
            "debt_ratio": 90.23,
            "inventory_turnover_ratio": 1.1,
            "account_receivable_turnover_ratio": 1.17,
            "reinvestment_rate": -299.64,
            "research_to_sale_ratio": null,
            "price_fair": 28,
            "eps_avg_yearly": 0.8,
            "eps_latest_yearly": 0.6,
            "eps_growth_yearly": 504
        },
        "20214": {
            "year_quarter": 20214,
            "year": 2021,
            "quarter": 4,
            "eps": -0.26,
            "eps_growth_year": null,
            "eps_4q": -0.28,
            "eps_4q_growth_year": null,
            "roe": -42.38,
            "roe_4q": -45.160000000000004,
            "gross_profit": -567,
            "gross_margin": -0.49,
            "gross_margin_4q_avg": 14.09,
            "net_income": -28410,
            "net_income_4q": null,
            "revenue": 115265,
            "revenue_4q": null,
            "common_shares": 1092763,
            "book_valuer_per_share": 0.48,
            "book_valuer_per_share_4q_avg": 0.7,
            "equity": 52623,
            "current_ratio": 131.17,
            "debt_ratio": 93.57,
            "inventory_turnover_ratio": 1.32,
            "account_receivable_turnover_ratio": 1.26,
            "reinvestment_rate": null,
            "research_to_sale_ratio": null,
            "price_fair": 17.5,
            "eps_avg_yearly": 0.5,
            "eps_latest_yearly": 0.6,
            "eps_growth_yearly": 174.45
        },
        "20221": {
            "year_quarter": 20221,
            "year": 2022,
            "quarter": 1,
            "eps": -0.08,
            "eps_growth_year": null,
            "eps_4q": -0.35,
            "eps_4q_growth_year": null,
            "roe": -17.05,
            "roe_4q": -61.400000000000006,
            "gross_profit": 15516,
            "gross_margin": 13.09,
            "gross_margin_4q_avg": 12.69,
            "net_income": -8563,
            "net_income_4q": null,
            "revenue": 118549,
            "revenue_4q": null,
            "common_shares": 1092763,
            "book_valuer_per_share": 0.44,
            "book_valuer_per_share_4q_avg": 0.61,
            "equity": 47847,
            "current_ratio": 119.13,
            "debt_ratio": 94.08,
            "inventory_turnover_ratio": 1.24,
            "account_receivable_turnover_ratio": 1.25,
            "reinvestment_rate": null,
            "research_to_sale_ratio": null,
            "price_fair": 21.47,
            "eps_avg_yearly": 0.61,
            "eps_latest_yearly": 0.6,
            "eps_growth_yearly": 355.26
        },
        "20222": {
            "year_quarter": 20222,
            "year": 2022,
            "quarter": 2,
            "eps": -0.06,
            "eps_growth_year": null,
            "eps_4q": -0.4,
            "eps_4q_growth_year": null,
            "roe": -13.93,
            "roe_4q": -74.17999999999999,
            "gross_profit": 19001,
            "gross_margin": 16.98,
            "gross_margin_4q_avg": 11.63,
            "net_income": -6143,
            "net_income_4q": null,
            "revenue": 111894,
            "revenue_4q": null,
            "common_shares": 1092763,
            "book_valuer_per_share": 0.37,
            "book_valuer_per_share_4q_avg": 0.51,
            "equity": 40372,
            "current_ratio": 126.19,
            "debt_ratio": 94.78,
            "inventory_turnover_ratio": 1.31,
            "account_receivable_turnover_ratio": 1.22,
            "reinvestment_rate": null,
            "research_to_sale_ratio": null,
            "price_fair": 26.6,
            "eps_avg_yearly": 0.76,
            "eps_latest_yearly": 0.6,
            "eps_growth_yearly": 332.89
        },
        "20223": {
            "year_quarter": 20223,
            "year": 2022,
            "quarter": 3,
            "eps": 0.85,
            "eps_growth_year": null,
            "eps_4q": -3.46,
            "eps_4q_growth_year": null,
            "roe": 18.43,
            "roe_4q": -54.93000000000001,
            "gross_profit": 24739,
            "gross_margin": 22.49,
            "gross_margin_4q_avg": 13.02,
            "net_income": 8487,
            "net_income_4q": null,
            "revenue": 110015,
            "revenue_4q": null,
            "common_shares": 100000,
            "book_valuer_per_share": 5.17,
            "book_valuer_per_share_4q_avg": 1.62,
            "equity": 51746,
            "current_ratio": 132.56,
            "debt_ratio": 93.26,
            "inventory_turnover_ratio": 1.62,
            "account_receivable_turnover_ratio": 1.2,
            "reinvestment_rate": null,
            "research_to_sale_ratio": null,
            "price_fair": 1.8,
            "eps_avg_yearly": 0.6,
            "eps_latest_yearly": 0.6,
            "eps_growth_yearly": -84.21
        },
        "20224": {
            "year_quarter": 20224,
            "year": 2022,
            "quarter": 4,
            "eps": -2.58,
            "eps_growth_year": null,
            "eps_4q": -3.2,
            "eps_4q_growth_year": null,
            "roe": -56.46,
            "roe_4q": -69.01,
            "gross_profit": 2133,
            "gross_margin": 2.37,
            "gross_margin_4q_avg": 13.73,
            "net_income": -25785,
            "net_income_4q": null,
            "revenue": 90147,
            "revenue_4q": null,
            "common_shares": 100000,
            "book_valuer_per_share": 3.82,
            "book_valuer_per_share_4q_avg": 2.45,
            "equity": 39599,
            "current_ratio": 157.43,
            "debt_ratio": 95.46,
            "inventory_turnover_ratio": 1.76,
            "account_receivable_turnover_ratio": 0.94,
            "reinvestment_rate": null,
            "research_to_sale_ratio": null,
            "price_fair": 1.8,
            "eps_avg_yearly": 0.6,
            "eps_latest_yearly": 0.6,
            "eps_growth_yearly": -84.21
        },
        "20231": {
            "year_quarter": 20231,
            "year": 2023,
            "quarter": 1,
            "eps": -1.67,
            "eps_growth_year": null,
            "eps_4q": -4.01,
            "eps_4q_growth_year": null,
            "roe": -54.65,
            "roe_4q": -106.61000000000001,
            "gross_profit": 15389,
            "gross_margin": 17.19,
            "gross_margin_4q_avg": 14.76,
            "net_income": -16657,
            "net_income_4q": null,
            "revenue": 89519,
            "revenue_4q": null,
            "common_shares": 100000,
            "book_valuer_per_share": 2.06,
            "book_valuer_per_share_4q_avg": 2.86,
            "equity": 21360,
            "current_ratio": 142.28,
            "debt_ratio": 97.44,
            "inventory_turnover_ratio": 1.26,
            "account_receivable_turnover_ratio": 1.03,
            "reinvestment_rate": null,
            "research_to_sale_ratio": null,
            "price_fair": 1.8,
            "eps_avg_yearly": 0.6,
            "eps_latest_yearly": 0.6,
            "eps_growth_yearly": -84.21
        },
        "20232": {
            "year_quarter": 20232,
            "year": 2023,
            "quarter": 2,
            "eps": -1.28,
            "eps_growth_year": null,
            "eps_4q": -4.67,
            "eps_4q_growth_year": null,
            "roe": -47.09,
            "roe_4q": -139.77,
            "gross_profit": 15287,
            "gross_margin": 14.73,
            "gross_margin_4q_avg": 14.2,
            "net_income": -12779,
            "net_income_4q": null,
            "revenue": 103778,
            "revenue_4q": null,
            "common_shares": 100000,
            "book_valuer_per_share": 2.82,
            "book_valuer_per_share_4q_avg": 3.47,
            "equity": 32918,
            "current_ratio": 149.24,
            "debt_ratio": 95.98,
            "inventory_turnover_ratio": 1.57,
            "account_receivable_turnover_ratio": 1.3,
            "reinvestment_rate": null,
            "research_to_sale_ratio": null,
            "price_fair": 0,
            "eps_avg_yearly": 0,
            "eps_latest_yearly": 0,
            "eps_growth_yearly": 0
        },
        "20233": {
            "year_quarter": 20233,
            "year": 2023,
            "quarter": 3,
            "eps": 0.98,
            "eps_growth_year": 15.29,
            "eps_4q": -4.54,
            "eps_4q_growth_year": null,
            "roe": 24.75,
            "roe_4q": -133.45000000000002,
            "gross_profit": 35810,
            "gross_margin": 27.7,
            "gross_margin_4q_avg": 15.5,
            "net_income": 9842,
            "net_income_4q": null,
            "revenue": 129268,
            "revenue_4q": null,
            "common_shares": 100000,
            "book_valuer_per_share": 3.99,
            "book_valuer_per_share_4q_avg": 3.17,
            "equity": 46603,
            "current_ratio": 153.15,
            "debt_ratio": 94.48,
            "inventory_turnover_ratio": 1.75,
            "account_receivable_turnover_ratio": 1.44,
            "reinvestment_rate": null,
            "research_to_sale_ratio": null,
            "price_fair": 0,
            "eps_avg_yearly": 0,
            "eps_latest_yearly": 0,
            "eps_growth_yearly": 0
        }
    },
    "months": {
        "2003-10": {
            "month": "2003-10",
            "price": "13.72",
            "revenue": 204192
        },
        "2003-11": {
            "month": "2003-11",
            "price": "12.99",
            "revenue": 173085
        },
        "2003-12": {
            "month": "2003-12",
            "price": "14.92",
            "revenue": 164428
        },
        "2004-01": {
            "month": "2004-01",
            "price": "17.19",
            "revenue": 135620
        },
        "2004-02": {
            "month": "2004-02",
            "price": "22.28",
            "revenue": 152352
        },
        "2004-03": {
            "month": "2004-03",
            "price": "28.97",
            "revenue": 201857
        },
        "2004-04": {
            "month": "2004-04",
            "price": "35.36",
            "revenue": 168328
        },
        "2004-05": {
            "month": "2004-05",
            "price": "38.77",
            "revenue": 146257
        },
        "2004-06": {
            "month": "2004-06",
            "price": "38.23",
            "revenue": 120748
        },
        "2004-07": {
            "month": "2004-07",
            "price": "31.32",
            "revenue": 142612
        },
        "2004-08": {
            "month": "2004-08",
            "price": "30.52",
            "revenue": 156058
        },
        "2004-09": {
            "month": "2004-09",
            "price": "32.12",
            "revenue": 128036
        },
        "2004-10": {
            "month": "2004-10",
            "price": "31.57",
            "revenue": 117674
        },
        "2004-11": {
            "month": "2004-11",
            "price": "33.28",
            "revenue": 147466
        },
        "2004-12": {
            "month": "2004-12",
            "price": "34.99",
            "revenue": 131497
        },
        "2005-01": {
            "month": "2005-01",
            "price": "34.70",
            "revenue": 83164
        },
        "2005-02": {
            "month": "2005-02",
            "price": "36.71",
            "revenue": 80097
        },
        "2005-03": {
            "month": "2005-03",
            "price": "37.94",
            "revenue": 107314
        },
        "2005-04": {
            "month": "2005-04",
            "price": "38.94",
            "revenue": 88167
        },
        "2005-05": {
            "month": "2005-05",
            "price": "33.72",
            "revenue": 93429
        },
        "2005-06": {
            "month": "2005-06",
            "price": "35.77",
            "revenue": 102396
        },
        "2005-07": {
            "month": "2005-07",
            "price": "47.34",
            "revenue": 350072
        },
        "2005-08": {
            "month": "2005-08",
            "price": "45.63",
            "revenue": 383404
        },
        "2005-09": {
            "month": "2005-09",
            "price": "43.65",
            "revenue": 395266
        },
        "2005-10": {
            "month": "2005-10",
            "price": "37.20",
            "revenue": 391236
        },
        "2005-11": {
            "month": "2005-11",
            "price": "37.94",
            "revenue": 434172
        },
        "2005-12": {
            "month": "2005-12",
            "price": "51.05",
            "revenue": 503700
        },
        "2006-01": {
            "month": "2006-01",
            "price": "67.29",
            "revenue": 510209
        },
        "2006-02": {
            "month": "2006-02",
            "price": "61.56",
            "revenue": 500270
        },
        "2006-03": {
            "month": "2006-03",
            "price": "78.16",
            "revenue": 562895
        },
        "2006-04": {
            "month": "2006-04",
            "price": "89.68",
            "revenue": 547473
        },
        "2006-05": {
            "month": "2006-05",
            "price": "83.53",
            "revenue": 499721
        },
        "2006-06": {
            "month": "2006-06",
            "price": "71.67",
            "revenue": 501974
        },
        "2006-07": {
            "month": "2006-07",
            "price": "70.23",
            "revenue": 476024
        },
        "2006-08": {
            "month": "2006-08",
            "price": "79.07",
            "revenue": 540047
        },
        "2006-09": {
            "month": "2006-09",
            "price": "86.90",
            "revenue": 607352
        },
        "2006-10": {
            "month": "2006-10",
            "price": "90.94",
            "revenue": 660799
        },
        "2006-11": {
            "month": "2006-11",
            "price": "84.30",
            "revenue": 703098
        },
        "2006-12": {
            "month": "2006-12",
            "price": "81.56",
            "revenue": 719269
        },
        "2007-01": {
            "month": "2007-01",
            "price": "110.15",
            "revenue": 662369
        },
        "2007-02": {
            "month": "2007-02",
            "price": "116.29",
            "revenue": 520636
        },
        "2007-03": {
            "month": "2007-03",
            "price": "102.57",
            "revenue": 606816
        },
        "2007-04": {
            "month": "2007-04",
            "price": "107.92",
            "revenue": 560035
        },
        "2007-05": {
            "month": "2007-05",
            "price": "113.41",
            "revenue": 641010
        },
        "2007-06": {
            "month": "2007-06",
            "price": "111.70",
            "revenue": 600840
        },
        "2007-07": {
            "month": "2007-07",
            "price": "102.16",
            "revenue": 580967
        },
        "2007-08": {
            "month": "2007-08",
            "price": "79.43",
            "revenue": 615673
        },
        "2007-09": {
            "month": "2007-09",
            "price": "68.23",
            "revenue": 664856
        },
        "2007-10": {
            "month": "2007-10",
            "price": "72.83",
            "revenue": 656985
        },
        "2007-11": {
            "month": "2007-11",
            "price": "50.70",
            "revenue": 624984
        },
        "2007-12": {
            "month": "2007-12",
            "price": "46.80",
            "revenue": 513851
        },
        "2008-01": {
            "month": "2008-01",
            "price": "38.91",
            "revenue": 523699
        },
        "2008-02": {
            "month": "2008-02",
            "price": "29.94",
            "revenue": 460394
        },
        "2008-03": {
            "month": "2008-03",
            "price": "33.25",
            "revenue": 521620
        },
        "2008-04": {
            "month": "2008-04",
            "price": "35.62",
            "revenue": 539339
        },
        "2008-05": {
            "month": "2008-05",
            "price": "35.02",
            "revenue": 513474
        },
        "2008-06": {
            "month": "2008-06",
            "price": "31.88",
            "revenue": 488683
        },
        "2008-07": {
            "month": "2008-07",
            "price": "22.17",
            "revenue": 654761
        },
        "2008-08": {
            "month": "2008-08",
            "price": "23.70",
            "revenue": 719140
        },
        "2008-09": {
            "month": "2008-09",
            "price": "17.29",
            "revenue": 1023870
        },
        "2008-10": {
            "month": "2008-10",
            "price": "13.38",
            "revenue": 849984
        },
        "2008-11": {
            "month": "2008-11",
            "price": "9.27",
            "revenue": 566586
        },
        "2008-12": {
            "month": "2008-12",
            "price": "7.69",
            "revenue": 455224
        },
        "2009-01": {
            "month": "2009-01",
            "price": "7.60",
            "revenue": 377513
        },
        "2009-02": {
            "month": "2009-02",
            "price": "8.78",
            "revenue": 433390
        },
        "2009-03": {
            "month": "2009-03",
            "price": "11.24",
            "revenue": 605448
        },
        "2009-04": {
            "month": "2009-04",
            "price": "13.61",
            "revenue": 604970
        },
        "2009-05": {
            "month": "2009-05",
            "price": "13.89",
            "revenue": 536130
        },
        "2009-06": {
            "month": "2009-06",
            "price": "12.44",
            "revenue": 571028
        },
        "2009-07": {
            "month": "2009-07",
            "price": "13.95",
            "revenue": 575127
        },
        "2009-08": {
            "month": "2009-08",
            "price": "16.74",
            "revenue": 660407
        },
        "2009-09": {
            "month": "2009-09",
            "price": "23.43",
            "revenue": 747449
        },
        "2009-10": {
            "month": "2009-10",
            "price": "28.78",
            "revenue": 809836
        },
        "2009-11": {
            "month": "2009-11",
            "price": "26.83",
            "revenue": 772621
        },
        "2009-12": {
            "month": "2009-12",
            "price": "27.70",
            "revenue": 640031
        },
        "2010-01": {
            "month": "2010-01",
            "price": "26.47",
            "revenue": 683149
        },
        "2010-02": {
            "month": "2010-02",
            "price": "22.05",
            "revenue": 515468
        },
        "2010-03": {
            "month": "2010-03",
            "price": "22.51",
            "revenue": 714920
        },
        "2010-04": {
            "month": "2010-04",
            "price": "24.01",
            "revenue": 717264
        },
        "2010-05": {
            "month": "2010-05",
            "price": "19.04",
            "revenue": 727550
        },
        "2010-06": {
            "month": "2010-06",
            "price": "18.43",
            "revenue": 663708
        },
        "2010-07": {
            "month": "2010-07",
            "price": "20.19",
            "revenue": 651919
        },
        "2010-08": {
            "month": "2010-08",
            "price": "18.55",
            "revenue": 754102
        },
        "2010-09": {
            "month": "2010-09",
            "price": "15.62",
            "revenue": 763476
        },
        "2010-10": {
            "month": "2010-10",
            "price": "14.84",
            "revenue": 751064
        },
        "2010-11": {
            "month": "2010-11",
            "price": "13.35",
            "revenue": 731179
        },
        "2010-12": {
            "month": "2010-12",
            "price": "14.85",
            "revenue": 620622
        },
        "2011-01": {
            "month": "2011-01",
            "price": "16.01",
            "revenue": 679270
        },
        "2011-02": {
            "month": "2011-02",
            "price": "18.11",
            "revenue": 590930
        },
        "2011-03": {
            "month": "2011-03",
            "price": "16.83",
            "revenue": 763436
        },
        "2011-04": {
            "month": "2011-04",
            "price": "17.01",
            "revenue": 745718
        },
        "2011-05": {
            "month": "2011-05",
            "price": "16.96",
            "revenue": 625005
        },
        "2011-06": {
            "month": "2011-06",
            "price": "16.35",
            "revenue": 563861
        },
        "2011-07": {
            "month": "2011-07",
            "price": "14.44",
            "revenue": 621017
        },
        "2011-08": {
            "month": "2011-08",
            "price": "12.35",
            "revenue": 715552
        },
        "2011-09": {
            "month": "2011-09",
            "price": "13.20",
            "revenue": 776408
        },
        "2011-10": {
            "month": "2011-10",
            "price": "13.60",
            "revenue": 721018
        },
        "2011-11": {
            "month": "2011-11",
            "price": "12.67",
            "revenue": 693791
        },
        "2011-12": {
            "month": "2011-12",
            "price": "10.24",
            "revenue": 611342
        },
        "2012-01": {
            "month": "2012-01",
            "price": "10.06",
            "revenue": 556034
        },
        "2012-02": {
            "month": "2012-02",
            "price": "12.82",
            "revenue": 605346
        },
        "2012-03": {
            "month": "2012-03",
            "price": "12.43",
            "revenue": 605779
        },
        "2012-04": {
            "month": "2012-04",
            "price": "10.64",
            "revenue": 562475
        },
        "2012-05": {
            "month": "2012-05",
            "price": "9.10",
            "revenue": 483006
        },
        "2012-06": {
            "month": "2012-06",
            "price": "7.93",
            "revenue": 435397
        },
        "2012-07": {
            "month": "2012-07",
            "price": "7.48",
            "revenue": 466762
        },
        "2012-08": {
            "month": "2012-08",
            "price": "7.98",
            "revenue": 559408
        },
        "2012-09": {
            "month": "2012-09",
            "price": "7.89",
            "revenue": 532766
        },
        "2012-10": {
            "month": "2012-10",
            "price": "6.16",
            "revenue": 401317
        },
        "2012-11": {
            "month": "2012-11",
            "price": "5.22",
            "revenue": 325720
        },
        "2012-12": {
            "month": "2012-12",
            "price": "5.79",
            "revenue": 275705
        },
        "2013-01": {
            "month": "2013-01",
            "price": "5.93",
            "revenue": 379870
        },
        "2013-02": {
            "month": "2013-02",
            "price": "5.76",
            "revenue": 261217
        },
        "2013-03": {
            "month": "2013-03",
            "price": "6.41",
            "revenue": 380416
        },
        "2013-04": {
            "month": "2013-04",
            "price": "6.83",
            "revenue": 432859
        },
        "2013-05": {
            "month": "2013-05",
            "price": "6.73",
            "revenue": 385150
        },
        "2013-06": {
            "month": "2013-06",
            "price": "6.66",
            "revenue": 387945
        },
        "2013-07": {
            "month": "2013-07",
            "price": "6.32",
            "revenue": 430183
        },
        "2013-08": {
            "month": "2013-08",
            "price": "5.64",
            "revenue": 566805
        },
        "2013-09": {
            "month": "2013-09",
            "price": "6.38",
            "revenue": 602978
        },
        "2013-10": {
            "month": "2013-10",
            "price": "6.39",
            "revenue": 563359
        },
        "2013-11": {
            "month": "2013-11",
            "price": "5.63",
            "revenue": 457554
        },
        "2013-12": {
            "month": "2013-12",
            "price": "5.46",
            "revenue": 358730
        },
        "2014-01": {
            "month": "2014-01",
            "price": "6.32",
            "revenue": 425538
        },
        "2014-02": {
            "month": "2014-02",
            "price": "6.19",
            "revenue": 303644
        },
        "2014-03": {
            "month": "2014-03",
            "price": "6.27",
            "revenue": 358335
        },
        "2014-04": {
            "month": "2014-04",
            "price": "5.58",
            "revenue": 456699
        },
        "2014-05": {
            "month": "2014-05",
            "price": "5.04",
            "revenue": 463767
        },
        "2014-06": {
            "month": "2014-06",
            "price": "5.47",
            "revenue": 390311
        },
        "2014-07": {
            "month": "2014-07",
            "price": "5.41",
            "revenue": 339286
        },
        "2014-08": {
            "month": "2014-08",
            "price": "4.22",
            "revenue": 322163
        },
        "2014-09": {
            "month": "2014-09",
            "price": "4.38",
            "revenue": 457765
        },
        "2014-10": {
            "month": "2014-10",
            "price": "4.54",
            "revenue": 533727
        },
        "2014-11": {
            "month": "2014-11",
            "price": "4.96",
            "revenue": 633511
        },
        "2014-12": {
            "month": "2014-12",
            "price": "5.82",
            "revenue": 641095
        },
        "2015-01": {
            "month": "2015-01",
            "price": "7.14",
            "revenue": 663367
        },
        "2015-02": {
            "month": "2015-02",
            "price": "11.52",
            "revenue": 450342
        },
        "2015-03": {
            "month": "2015-03",
            "price": "15.43",
            "revenue": 457727
        },
        "2015-04": {
            "month": "2015-04",
            "price": "12.22",
            "revenue": 288766
        },
        "2015-05": {
            "month": "2015-05",
            "price": "13.47",
            "revenue": 205888
        },
        "2015-06": {
            "month": "2015-06",
            "price": "13.50",
            "revenue": 178147
        },
        "2015-07": {
            "month": "2015-07",
            "price": "10.36",
            "revenue": 366358
        },
        "2015-08": {
            "month": "2015-08",
            "price": "8.43",
            "revenue": 371555
        },
        "2015-09": {
            "month": "2015-09",
            "price": "8.75",
            "revenue": 351973
        },
        "2015-10": {
            "month": "2015-10",
            "price": "7.70",
            "revenue": 332500
        },
        "2015-11": {
            "month": "2015-11",
            "price": "6.42",
            "revenue": 397868
        },
        "2015-12": {
            "month": "2015-12",
            "price": "5.68",
            "revenue": 250142
        },
        "2016-01": {
            "month": "2016-01",
            "price": "4.91",
            "revenue": 183401
        },
        "2016-02": {
            "month": "2016-02",
            "price": "5.42",
            "revenue": 97513
        },
        "2016-03": {
            "month": "2016-03",
            "price": "5.23",
            "revenue": 123820
        },
        "2016-04": {
            "month": "2016-04",
            "price": "4.64",
            "revenue": 105545
        },
        "2016-05": {
            "month": "2016-05",
            "price": "3.49",
            "revenue": 124899
        },
        "2016-06": {
            "month": "2016-06",
            "price": "2.66",
            "revenue": 98765
        },
        "2016-07": {
            "month": "2016-07",
            "price": "3.25",
            "revenue": 79820
        },
        "2016-08": {
            "month": "2016-08",
            "price": "2.66",
            "revenue": 95247
        },
        "2016-09": {
            "month": "2016-09",
            "price": "2.11",
            "revenue": 84031
        },
        "2016-10": {
            "month": "2016-10",
            "price": "1.75",
            "revenue": 75490
        },
        "2016-11": {
            "month": "2016-11",
            "price": "1.80",
            "revenue": 96677
        },
        "2016-12": {
            "month": "2016-12",
            "price": "2.62",
            "revenue": 83476
        },
        "2017-01": {
            "month": "2017-01",
            "price": "2.71",
            "revenue": 66096
        },
        "2017-02": {
            "month": "2017-02",
            "price": "2.82",
            "revenue": 66378
        },
        "2017-03": {
            "month": "2017-03",
            "price": "2.94",
            "revenue": 83330
        },
        "2017-04": {
            "month": "2017-04",
            "price": "2.88",
            "revenue": 65523
        },
        "2017-05": {
            "month": "2017-05",
            "price": "2.38",
            "revenue": 79599
        },
        "2017-06": {
            "month": "2017-06",
            "price": "2.72",
            "revenue": 90713
        },
        "2017-07": {
            "month": "2017-07",
            "price": "2.40",
            "revenue": 72223
        },
        "2017-08": {
            "month": "2017-08",
            "price": "2.54",
            "revenue": 69935
        },
        "2017-09": {
            "month": "2017-09",
            "price": "2.51",
            "revenue": 72601
        },
        "2017-10": {
            "month": "2017-10",
            "price": "2.75",
            "revenue": 51343
        },
        "2017-11": {
            "month": "2017-11",
            "price": "2.76",
            "revenue": 71955
        },
        "2017-12": {
            "month": "2017-12",
            "price": "2.60",
            "revenue": 54027
        },
        "2018-01": {
            "month": "2018-01",
            "price": "2.61",
            "revenue": 65508
        },
        "2018-02": {
            "month": "2018-02",
            "price": "2.51",
            "revenue": 50152
        },
        "2018-03": {
            "month": "2018-03",
            "price": "2.64",
            "revenue": 63614
        },
        "2018-04": {
            "month": "2018-04",
            "price": "3.79",
            "revenue": 44624
        },
        "2018-05": {
            "month": "2018-05",
            "price": "3.53",
            "revenue": 48557
        },
        "2018-06": {
            "month": "2018-06",
            "price": "3.81",
            "revenue": 47417
        },
        "2018-07": {
            "month": "2018-07",
            "price": "3.62",
            "revenue": 52134
        },
        "2018-08": {
            "month": "2018-08",
            "price": "3.46",
            "revenue": 50012
        },
        "2018-09": {
            "month": "2018-09",
            "price": "3.38",
            "revenue": 46903
        },
        "2018-10": {
            "month": "2018-10",
            "price": "3.16",
            "revenue": 52320
        },
        "2018-11": {
            "month": "2018-11",
            "price": "3.03",
            "revenue": 49522
        },
        "2018-12": {
            "month": "2018-12",
            "price": "2.99",
            "revenue": 42177
        },
        "2019-01": {
            "month": "2019-01",
            "price": "2.80",
            "revenue": 54561
        },
        "2019-02": {
            "month": "2019-02",
            "price": "3.00",
            "revenue": 37131
        },
        "2019-03": {
            "month": "2019-03",
            "price": "2.97",
            "revenue": 47531
        },
        "2019-04": {
            "month": "2019-04",
            "price": "2.61",
            "revenue": 53447
        },
        "2019-05": {
            "month": "2019-05",
            "price": "2.73",
            "revenue": 42835
        },
        "2019-06": {
            "month": "2019-06",
            "price": "2.91",
            "revenue": 44444
        },
        "2019-07": {
            "month": "2019-07",
            "price": "2.67",
            "revenue": 41112
        },
        "2019-08": {
            "month": "2019-08",
            "price": "2.70",
            "revenue": 40628
        },
        "2019-09": {
            "month": "2019-09",
            "price": "2.89",
            "revenue": 39855
        },
        "2019-10": {
            "month": "2019-10",
            "price": "2.91",
            "revenue": 52801
        },
        "2019-11": {
            "month": "2019-11",
            "price": "2.65",
            "revenue": 46177
        },
        "2019-12": {
            "month": "2019-12",
            "price": "2.08",
            "revenue": 38841
        },
        "2020-01": {
            "month": "2020-01",
            "price": "1.83",
            "revenue": 36450
        },
        "2020-02": {
            "month": "2020-02",
            "price": "1.86",
            "revenue": 41258
        },
        "2020-03": {
            "month": "2020-03",
            "price": "1.86",
            "revenue": 31529
        },
        "2020-04": {
            "month": "2020-04",
            "price": "1.92",
            "revenue": 21943
        },
        "2020-05": {
            "month": "2020-05",
            "price": "1.99",
            "revenue": 36206
        },
        "2020-06": {
            "month": "2020-06",
            "price": "1.96",
            "revenue": 31028
        },
        "2020-07": {
            "month": "2020-07",
            "price": "2.09",
            "revenue": 32757
        },
        "2020-08": {
            "month": "2020-08",
            "price": "2.19",
            "revenue": 34082
        },
        "2020-09": {
            "month": "2020-09",
            "price": "3.85",
            "revenue": 36752
        },
        "2020-10": {
            "month": "2020-10",
            "price": "3.48",
            "revenue": 39237
        },
        "2020-11": {
            "month": "2020-11",
            "price": "2.86",
            "revenue": 36592
        },
        "2020-12": {
            "month": "2020-12",
            "price": "2.87",
            "revenue": 35302
        },
        "2021-01": {
            "month": "2021-01",
            "price": "2.72",
            "revenue": 37963
        },
        "2021-02": {
            "month": "2021-02",
            "price": "2.61",
            "revenue": 31942
        },
        "2021-03": {
            "month": "2021-03",
            "price": "2.85",
            "revenue": 42820
        },
        "2021-04": {
            "month": "2021-04",
            "price": "3.09",
            "revenue": 44189
        },
        "2021-05": {
            "month": "2021-05",
            "price": "3.21",
            "revenue": 43538
        },
        "2021-06": {
            "month": "2021-06",
            "price": "2.95",
            "revenue": 36177
        },
        "2021-07": {
            "month": "2021-07",
            "price": "3.15",
            "revenue": 32209
        },
        "2021-08": {
            "month": "2021-08",
            "price": "3.09",
            "revenue": 42099
        },
        "2021-09": {
            "month": "2021-09",
            "price": "2.96",
            "revenue": 38141
        },
        "2021-10": {
            "month": "2021-10",
            "price": "3.00",
            "revenue": 38723
        },
        "2021-11": {
            "month": "2021-11",
            "price": "2.98",
            "revenue": 32429
        },
        "2021-12": {
            "month": "2021-12",
            "price": "2.99",
            "revenue": 46532
        },
        "2022-01": {
            "month": "2022-01",
            "price": "3.89",
            "revenue": 44044
        },
        "2022-02": {
            "month": "2022-02",
            "price": "3.81",
            "revenue": 29266
        },
        "2022-03": {
            "month": "2022-03",
            "price": "3.35",
            "revenue": 48388
        },
        "2022-04": {
            "month": "2022-04",
            "price": "2.95",
            "revenue": 43031
        },
        "2022-05": {
            "month": "2022-05",
            "price": "2.86",
            "revenue": 37059
        },
        "2022-06": {
            "month": "2022-06",
            "price": "3.10",
            "revenue": 34626
        },
        "2022-07": {
            "month": "2022-07",
            "price": "2.81",
            "revenue": 32659
        },
        "2022-08": {
            "month": "2022-08",
            "price": "2.97",
            "revenue": 38166
        },
        "2022-09": {
            "month": "2022-09",
            "price": "3.02",
            "revenue": 42147
        },
        "2022-10": {
            "month": "2022-10",
            "price": "4.84",
            "revenue": 43245
        },
        "2022-11": {
            "month": "2022-11",
            "price": "31.91",
            "revenue": 33686
        },
        "2022-12": {
            "month": "2022-12",
            "price": "36.88",
            "revenue": 21404
        },
        "2023-01": {
            "month": "2023-01",
            "price": "35.54",
            "revenue": 25393
        },
        "2023-02": {
            "month": "2023-02",
            "price": "33.79",
            "revenue": 33075
        },
        "2023-03": {
            "month": "2023-03",
            "price": "31.04",
            "revenue": 31652
        },
        "2023-04": {
            "month": "2023-04",
            "price": "23.48",
            "revenue": 28803
        },
        "2023-05": {
            "month": "2023-05",
            "price": "21.78",
            "revenue": 39219
        },
        "2023-06": {
            "month": "2023-06",
            "price": "23.63",
            "revenue": 37833
        },
        "2023-07": {
            "month": "2023-07",
            "price": "24.20",
            "revenue": 37161
        },
        "2023-08": {
            "month": "2023-08",
            "price": "23.87",
            "revenue": 43527
        },
        "2023-09": {
            "month": "2023-09",
            "price": "24.18",
            "revenue": 52666
        },
        "2023-10": {
            "month": "2023-10",
            "price": "26.82",
            "revenue": 45497
        },
        "2023-11": {
            "month": "2023-11",
            "price": "28.97",
            "revenue": 43674
        },
        "2023-12": {
            "month": "2023-12",
            "price": "30.33",
            "revenue": 43993
        }
    }
}
