{
    "summary": {
        "stock_name": "穩懋",
        "stock_id": "3105",
        "category": "半導體",
        "main_business": "電子零組件製造業<br>電子材料批發業<br>除許可業務外,得經營法令非禁止或限制之業務",
        "website_url": "http://www.winfoundry.com",
        "ceo": "陳國樺",
        "pe_ratio": 100,
        "report_year_from": 2001,
        "report_year_to": 2023,
        "age": 22,
        "eps_negative_percentage": 4,
        "eps_growth_avg": {
            "last_all": 22.56,
            "last_2y": -12.49,
            "last_4y": -2.79,
            "last_8y": 16.77,
            "last_12y": null,
            "last_16y": null,
            "last_20y": null,
            "at_2006_last_3y": null,
            "at_2007_last_3y": null,
            "at_2008_last_3y": null,
            "at_2009_last_3y": null,
            "at_2010_last_3y": null,
            "at_2011_last_3y": null,
            "at_2012_last_3y": null,
            "at_2013_last_3y": null,
            "at_2014_last_3y": 32.69,
            "at_2015_last_3y": 20.99,
            "at_2016_last_3y": 27.76,
            "at_2017_last_3y": 41.21,
            "at_2018_last_3y": 33.61,
            "at_2019_last_3y": 31.07,
            "at_2020_last_3y": 29.84,
            "at_2021_last_3y": 13.27,
            "at_2022_last_3y": 1.39,
            "at_2023_last_3y": 1.39,
            "at_2006_last_all": null,
            "at_2007_last_all": null,
            "at_2008_last_all": null,
            "at_2009_last_all": null,
            "at_2010_last_all": null,
            "at_2011_last_all": null,
            "at_2012_last_all": 61.94,
            "at_2013_last_all": 39.95,
            "at_2014_last_all": 32.69,
            "at_2015_last_all": 36.79,
            "at_2016_last_all": 39.16,
            "at_2017_last_all": 40.67,
            "at_2018_last_all": 33.15,
            "at_2019_last_all": 34.25,
            "at_2020_last_all": 35.43,
            "at_2021_last_all": 30.71,
            "at_2022_last_all": 22.56,
            "at_2023_last_all": 22.56
        },
        "latest_eps": 1.22,
        "latest_price": 148,
        "latest_roe": 0.43,
        "latest_gross_margin": 11.4,
        "latest_equity": 34088630,
        "latest_revenue": 2859558,
        "latest_gross_profit": 326098,
        "latest_net_income": -478623,
        "latest_debt_ratio": 50.68,
        "latest_current_ratio": 95.95,
        "latest_account_receivable_turnover_ratio": 3.38,
        "latest_inventory_turnover_ratio": 0.47,
        "latest_reinvestment_rate": 153.5,
        "latest_research_to_sale_ratio": 17.63
    },
    "eps_dividends": {
        "2001": {
            "cash": 0,
            "stock": 0,
            "eps": 0
        },
        "2002": {
            "cash": 0,
            "stock": 0,
            "eps": 0
        },
        "2003": {
            "cash": 0,
            "stock": 0,
            "eps": 0
        },
        "2004": {
            "cash": 0,
            "stock": 0,
            "eps": 0
        },
        "2005": {
            "cash": 0,
            "stock": 0,
            "eps": 0
        },
        "2006": {
            "cash": 0,
            "stock": 0,
            "eps": 0
        },
        "2007": {
            "cash": 0,
            "stock": 0,
            "eps": 0
        },
        "2008": {
            "cash": 0,
            "stock": 0,
            "eps": 0
        },
        "2009": {
            "cash": 0,
            "stock": 0,
            "eps": 0
        },
        "2010": {
            "cash": 0,
            "stock": 0,
            "eps": 0.68
        },
        "2011": {
            "cash": 1,
            "stock": 0,
            "eps": 2.01
        },
        "2012": {
            "cash": 1,
            "stock": 0,
            "eps": 2.49
        },
        "2013": {
            "cash": 2,
            "stock": 0,
            "eps": 2.39
        },
        "2014": {
            "cash": 2,
            "stock": 0,
            "eps": 2.65
        },
        "2015": {
            "cash": 0,
            "stock": 0,
            "eps": 4.06
        },
        "2016": {
            "cash": 1,
            "stock": 0,
            "eps": 6.13
        },
        "2017": {
            "cash": 5,
            "stock": 0,
            "eps": 9.18
        },
        "2018": {
            "cash": 7,
            "stock": 0,
            "eps": 7.39
        },
        "2019": {
            "cash": 5,
            "stock": 0,
            "eps": 10.57
        },
        "2020": {
            "cash": 7,
            "stock": 0,
            "eps": 15.44
        },
        "2021": {
            "cash": 10,
            "stock": 0,
            "eps": 12.89
        },
        "2022": {
            "cash": 8,
            "stock": 0,
            "eps": 4.25
        },
        "2023": {
            "cash": 3,
            "stock": 0,
            "eps": -0.95
        }
    },
    "dividends": {
        "2011-03-18": {
            "cash": 0.82,
            "stock": 0
        },
        "2012-03-19": {
            "cash": 0.8,
            "stock": 0
        },
        "2013-06-10": {
            "cash": 1.5,
            "stock": 0
        },
        "2014-08-25": {
            "cash": 1.5,
            "stock": 0
        },
        "2015-07-21": {
            "cash": 0.2,
            "stock": 0
        },
        "2016-07-29": {
            "cash": 0.5,
            "stock": 0
        },
        "2017-07-28": {
            "cash": 4.5,
            "stock": 0
        },
        "2018-07-20": {
            "cash": 7,
            "stock": 0
        },
        "2019-07-19": {
            "cash": 5,
            "stock": 0
        },
        "2020-07-22": {
            "cash": 7,
            "stock": 0
        },
        "2021-07-30": {
            "cash": 10,
            "stock": 0
        },
        "2022-07-29": {
            "cash": 8,
            "stock": 0
        },
        "2023-03-09": {
            "cash": 2.5,
            "stock": 0
        }
    },
    "prices": {
        "200101": "無",
        "200102": "無",
        "200103": "無",
        "200104": "無",
        "200105": "無",
        "200106": "無",
        "200107": "無",
        "200108": "無",
        "200109": "無",
        "200110": "無",
        "200111": "無",
        "200112": "無",
        "200201": "無",
        "200202": "無",
        "200203": "無",
        "200204": "無",
        "200205": "無",
        "200206": "無",
        "200207": "無",
        "200208": "無",
        "200209": "無",
        "200210": "無",
        "200211": "無",
        "200212": "無",
        "200301": "無",
        "200302": "無",
        "200303": "無",
        "200304": "無",
        "200305": "無",
        "200306": "無",
        "200307": "無",
        "200308": "無",
        "200309": "無",
        "200310": "無",
        "200311": "無",
        "200312": "無",
        "200401": "無",
        "200402": "無",
        "200403": "無",
        "200404": "無",
        "200405": "無",
        "200406": "無",
        "200407": "無",
        "200408": "無",
        "200409": "無",
        "200410": "無",
        "200411": "無",
        "200412": "無",
        "200501": "無",
        "200502": "無",
        "200503": "無",
        "200504": "無",
        "200505": "無",
        "200506": "無",
        "200507": "無",
        "200508": "無",
        "200509": "無",
        "200510": "無",
        "200511": "無",
        "200512": "無",
        "200601": "無",
        "200602": "無",
        "200603": "無",
        "200604": "無",
        "200605": "無",
        "200606": "無",
        "200607": "無",
        "200608": "無",
        "200609": "無",
        "200610": "無",
        "200611": "無",
        "200612": "無",
        "200701": "無",
        "200702": "無",
        "200703": "無",
        "200704": "無",
        "200705": "無",
        "200706": "無",
        "200707": "無",
        "200708": "無",
        "200709": "無",
        "200710": "無",
        "200711": "無",
        "200712": "無",
        "200801": "無",
        "200802": "無",
        "200803": "無",
        "200804": "無",
        "200805": "無",
        "200806": "無",
        "200807": "無",
        "200808": "無",
        "200809": "無",
        "200810": "無",
        "200811": "無",
        "200812": "無",
        "200901": "無",
        "200902": "無",
        "200903": "無",
        "200904": "無",
        "200905": "無",
        "200906": "無",
        "200907": "無",
        "200908": "無",
        "200909": "無",
        "200910": "28.50",
        "200911": "25.97",
        "200912": "27.67",
        "201001": "26.80",
        "201002": "24.46",
        "201003": "26.79",
        "201004": "27.36",
        "201005": "26.06",
        "201006": "26.27",
        "201007": "26.95",
        "201008": "25.65",
        "201009": "26.23",
        "201010": "26.41",
        "201011": "24.50",
        "201012": "23.49",
        "201101": "28.87",
        "201102": "34.99",
        "201103": "36.36",
        "201104": "39.07",
        "201105": "36.56",
        "201106": "37.78",
        "201107": "37.51",
        "201108": "30.71",
        "201109": "28.32",
        "201110": "27.51",
        "201111": "29.58",
        "201112": "28.01",
        "201201": "36.17",
        "201202": "43.54",
        "201203": "48.25",
        "201204": "44.88",
        "201205": "44.44",
        "201206": "38.89",
        "201207": "36.60",
        "201208": "38.13",
        "201209": "37.97",
        "201210": "31.82",
        "201211": "31.72",
        "201212": "33.94",
        "201301": "33.22",
        "201302": "32.29",
        "201303": "31.30",
        "201304": "33.24",
        "201305": "36.71",
        "201306": "34.14",
        "201307": "32.87",
        "201308": "30.00",
        "201309": "27.35",
        "201310": "26.86",
        "201311": "24.88",
        "201312": "26.68",
        "201401": "27.86",
        "201402": "26.86",
        "201403": "26.52",
        "201404": "26.72",
        "201405": "27.77",
        "201406": "30.14",
        "201407": "28.90",
        "201408": "28.63",
        "201409": "29.93",
        "201410": "28.10",
        "201411": "28.72",
        "201412": "29.60",
        "201501": "33.21",
        "201502": "34.71",
        "201503": "39.80",
        "201504": "41.16",
        "201505": "44.28",
        "201506": "44.02",
        "201507": "37.24",
        "201508": "28.42",
        "201509": "35.21",
        "201510": "41.16",
        "201511": "48.54",
        "201512": "50.48",
        "201601": "50.29",
        "201602": "53.77",
        "201603": "61.65",
        "201604": "63.32",
        "201605": "61.72",
        "201606": "65.90",
        "201607": "61.32",
        "201608": "62.23",
        "201609": "70.17",
        "201610": "92.24",
        "201611": "84.24",
        "201612": "90.12",
        "201701": "89.00",
        "201702": "115.53",
        "201703": "129.26",
        "201704": "127.97",
        "201705": "128.32",
        "201706": "151.59",
        "201707": "170.83",
        "201708": "173.48",
        "201709": "184.05",
        "201710": "231.03",
        "201711": "280.43",
        "201712": "294.36",
        "201801": "268.98",
        "201802": "253.65",
        "201803": "296.39",
        "201804": "286.42",
        "201805": "258.02",
        "201806": "242.10",
        "201807": "200.45",
        "201808": "159.35",
        "201809": "148.34",
        "201810": "113.55",
        "201811": "109.02",
        "201812": "120.67",
        "201901": "129.38",
        "201902": "168.38",
        "201903": "186.80",
        "201904": "215.28",
        "201905": "182.18",
        "201906": "188.18",
        "201907": "238.22",
        "201908": "263.14",
        "201909": "274.71",
        "201910": "304.43",
        "201911": "315.00",
        "201912": "293.20",
        "202001": "286.23",
        "202002": "290.05",
        "202003": "252.09",
        "202004": "266.05",
        "202005": "259.48",
        "202006": "287.80",
        "202007": "317.54",
        "202008": "291.43",
        "202009": "291.68",
        "202010": "307.53",
        "202011": "323.95",
        "202012": "344.85",
        "202101": "412.62",
        "202102": "399.35",
        "202103": "384.39",
        "202104": "376.84",
        "202105": "321.29",
        "202106": "355.19",
        "202107": "371.86",
        "202108": "330.75",
        "202109": "326.05",
        "202110": "307.28",
        "202111": "353.43",
        "202112": "370.73",
        "202201": "348.89",
        "202202": "320.00",
        "202203": "290.37",
        "202204": "229.82",
        "202205": "200.29",
        "202206": "213.05",
        "202207": "172.00",
        "202208": "167.37",
        "202209": "152.21",
        "202210": "124.05",
        "202211": "147.09",
        "202212": "147.20",
        "202301": "170.42",
        "202302": "175.44",
        "202303": "172.50",
        "202304": "175.82",
        "202305": "160.41"
    },
    "quarters": {
        "20011": {
            "year_quarter": 20011,
            "year": 2001,
            "quarter": 1,
            "eps": null,
            "eps_growth_year": null,
            "eps_4q": null,
            "eps_4q_growth_year": null,
            "roe": null,
            "gross_profit": null,
            "gross_margin": null,
            "net_income": null,
            "revenue": null,
            "common_shares": null,
            "equity": null,
            "current_ratio": null,
            "debt_ratio": null,
            "inventory_turnover_ratio": null,
            "account_receivable_turnover_ratio": null,
            "reinvestment_rate": null,
            "research_to_sale_ratio": null,
            "price_fair": 0,
            "eps_avg_yearly": 0,
            "eps_latest_yearly": 0,
            "eps_growth_yearly": 0
        },
        "20012": {
            "year_quarter": 20012,
            "year": 2001,
            "quarter": 2,
            "eps": null,
            "eps_growth_year": null,
            "eps_4q": null,
            "eps_4q_growth_year": null,
            "roe": null,
            "gross_profit": null,
            "gross_margin": null,
            "net_income": null,
            "revenue": null,
            "common_shares": null,
            "equity": null,
            "current_ratio": null,
            "debt_ratio": null,
            "inventory_turnover_ratio": null,
            "account_receivable_turnover_ratio": null,
            "reinvestment_rate": null,
            "research_to_sale_ratio": null,
            "price_fair": 0,
            "eps_avg_yearly": 0,
            "eps_latest_yearly": 0,
            "eps_growth_yearly": 0
        },
        "20013": {
            "year_quarter": 20013,
            "year": 2001,
            "quarter": 3,
            "eps": null,
            "eps_growth_year": null,
            "eps_4q": null,
            "eps_4q_growth_year": null,
            "roe": null,
            "gross_profit": null,
            "gross_margin": null,
            "net_income": null,
            "revenue": null,
            "common_shares": null,
            "equity": null,
            "current_ratio": null,
            "debt_ratio": null,
            "inventory_turnover_ratio": null,
            "account_receivable_turnover_ratio": null,
            "reinvestment_rate": null,
            "research_to_sale_ratio": null,
            "price_fair": 0,
            "eps_avg_yearly": 0,
            "eps_latest_yearly": 0,
            "eps_growth_yearly": 0
        },
        "20014": {
            "year_quarter": 20014,
            "year": 2001,
            "quarter": 4,
            "eps": null,
            "eps_growth_year": null,
            "eps_4q": null,
            "eps_4q_growth_year": null,
            "roe": null,
            "gross_profit": null,
            "gross_margin": null,
            "net_income": null,
            "revenue": null,
            "common_shares": 2150000,
            "equity": 2778118,
            "current_ratio": 303.69,
            "debt_ratio": 35.92,
            "inventory_turnover_ratio": null,
            "account_receivable_turnover_ratio": null,
            "reinvestment_rate": null,
            "research_to_sale_ratio": null,
            "price_fair": 0,
            "eps_avg_yearly": 0,
            "eps_latest_yearly": 0,
            "eps_growth_yearly": 0
        },
        "20021": {
            "year_quarter": 20021,
            "year": 2002,
            "quarter": 1,
            "eps": null,
            "eps_growth_year": null,
            "eps_4q": null,
            "eps_4q_growth_year": null,
            "roe": null,
            "gross_profit": null,
            "gross_margin": null,
            "net_income": null,
            "revenue": null,
            "common_shares": null,
            "equity": null,
            "current_ratio": null,
            "debt_ratio": null,
            "inventory_turnover_ratio": null,
            "account_receivable_turnover_ratio": null,
            "reinvestment_rate": null,
            "research_to_sale_ratio": null,
            "price_fair": 0,
            "eps_avg_yearly": 0,
            "eps_latest_yearly": 0,
            "eps_growth_yearly": 0
        },
        "20022": {
            "year_quarter": 20022,
            "year": 2002,
            "quarter": 2,
            "eps": null,
            "eps_growth_year": null,
            "eps_4q": null,
            "eps_4q_growth_year": null,
            "roe": null,
            "gross_profit": null,
            "gross_margin": null,
            "net_income": null,
            "revenue": null,
            "common_shares": null,
            "equity": null,
            "current_ratio": null,
            "debt_ratio": null,
            "inventory_turnover_ratio": null,
            "account_receivable_turnover_ratio": null,
            "reinvestment_rate": null,
            "research_to_sale_ratio": null,
            "price_fair": 0,
            "eps_avg_yearly": 0,
            "eps_latest_yearly": 0,
            "eps_growth_yearly": 0
        },
        "20023": {
            "year_quarter": 20023,
            "year": 2002,
            "quarter": 3,
            "eps": null,
            "eps_growth_year": null,
            "eps_4q": null,
            "eps_4q_growth_year": null,
            "roe": null,
            "gross_profit": null,
            "gross_margin": null,
            "net_income": null,
            "revenue": null,
            "common_shares": null,
            "equity": null,
            "current_ratio": null,
            "debt_ratio": null,
            "inventory_turnover_ratio": null,
            "account_receivable_turnover_ratio": null,
            "reinvestment_rate": null,
            "research_to_sale_ratio": null,
            "price_fair": 0,
            "eps_avg_yearly": 0,
            "eps_latest_yearly": 0,
            "eps_growth_yearly": 0
        },
        "20024": {
            "year_quarter": 20024,
            "year": 2002,
            "quarter": 4,
            "eps": null,
            "eps_growth_year": null,
            "eps_4q": null,
            "eps_4q_growth_year": null,
            "roe": null,
            "gross_profit": null,
            "gross_margin": null,
            "net_income": null,
            "revenue": null,
            "common_shares": 2480000,
            "equity": 2798215,
            "current_ratio": 267.45,
            "debt_ratio": 33.37,
            "inventory_turnover_ratio": null,
            "account_receivable_turnover_ratio": null,
            "reinvestment_rate": null,
            "research_to_sale_ratio": null,
            "price_fair": 0,
            "eps_avg_yearly": 0,
            "eps_latest_yearly": 0,
            "eps_growth_yearly": 0
        },
        "20031": {
            "year_quarter": 20031,
            "year": 2003,
            "quarter": 1,
            "eps": null,
            "eps_growth_year": null,
            "eps_4q": null,
            "eps_4q_growth_year": null,
            "roe": null,
            "gross_profit": null,
            "gross_margin": null,
            "net_income": null,
            "revenue": null,
            "common_shares": null,
            "equity": null,
            "current_ratio": null,
            "debt_ratio": null,
            "inventory_turnover_ratio": null,
            "account_receivable_turnover_ratio": null,
            "reinvestment_rate": null,
            "research_to_sale_ratio": null,
            "price_fair": 0,
            "eps_avg_yearly": 0,
            "eps_latest_yearly": 0,
            "eps_growth_yearly": 0
        },
        "20032": {
            "year_quarter": 20032,
            "year": 2003,
            "quarter": 2,
            "eps": null,
            "eps_growth_year": null,
            "eps_4q": null,
            "eps_4q_growth_year": null,
            "roe": null,
            "gross_profit": null,
            "gross_margin": null,
            "net_income": null,
            "revenue": null,
            "common_shares": null,
            "equity": null,
            "current_ratio": null,
            "debt_ratio": null,
            "inventory_turnover_ratio": null,
            "account_receivable_turnover_ratio": null,
            "reinvestment_rate": null,
            "research_to_sale_ratio": null,
            "price_fair": 0,
            "eps_avg_yearly": 0,
            "eps_latest_yearly": 0,
            "eps_growth_yearly": 0
        },
        "20033": {
            "year_quarter": 20033,
            "year": 2003,
            "quarter": 3,
            "eps": null,
            "eps_growth_year": null,
            "eps_4q": null,
            "eps_4q_growth_year": null,
            "roe": null,
            "gross_profit": null,
            "gross_margin": null,
            "net_income": null,
            "revenue": null,
            "common_shares": null,
            "equity": null,
            "current_ratio": null,
            "debt_ratio": null,
            "inventory_turnover_ratio": null,
            "account_receivable_turnover_ratio": null,
            "reinvestment_rate": null,
            "research_to_sale_ratio": null,
            "price_fair": 0,
            "eps_avg_yearly": 0,
            "eps_latest_yearly": 0,
            "eps_growth_yearly": 0
        },
        "20034": {
            "year_quarter": 20034,
            "year": 2003,
            "quarter": 4,
            "eps": null,
            "eps_growth_year": null,
            "eps_4q": null,
            "eps_4q_growth_year": null,
            "roe": null,
            "gross_profit": null,
            "gross_margin": null,
            "net_income": null,
            "revenue": null,
            "common_shares": 2480000,
            "equity": 1954372,
            "current_ratio": 132.41,
            "debt_ratio": 40.57,
            "inventory_turnover_ratio": null,
            "account_receivable_turnover_ratio": null,
            "reinvestment_rate": null,
            "research_to_sale_ratio": null,
            "price_fair": 0,
            "eps_avg_yearly": 0,
            "eps_latest_yearly": 0,
            "eps_growth_yearly": 0
        },
        "20041": {
            "year_quarter": 20041,
            "year": 2004,
            "quarter": 1,
            "eps": null,
            "eps_growth_year": null,
            "eps_4q": null,
            "eps_4q_growth_year": null,
            "roe": null,
            "gross_profit": null,
            "gross_margin": null,
            "net_income": null,
            "revenue": null,
            "common_shares": null,
            "equity": null,
            "current_ratio": null,
            "debt_ratio": null,
            "inventory_turnover_ratio": null,
            "account_receivable_turnover_ratio": null,
            "reinvestment_rate": null,
            "research_to_sale_ratio": null,
            "price_fair": 0,
            "eps_avg_yearly": 0,
            "eps_latest_yearly": 0,
            "eps_growth_yearly": 0
        },
        "20042": {
            "year_quarter": 20042,
            "year": 2004,
            "quarter": 2,
            "eps": null,
            "eps_growth_year": null,
            "eps_4q": null,
            "eps_4q_growth_year": null,
            "roe": null,
            "gross_profit": null,
            "gross_margin": null,
            "net_income": null,
            "revenue": null,
            "common_shares": null,
            "equity": null,
            "current_ratio": null,
            "debt_ratio": null,
            "inventory_turnover_ratio": null,
            "account_receivable_turnover_ratio": null,
            "reinvestment_rate": null,
            "research_to_sale_ratio": null,
            "price_fair": 0,
            "eps_avg_yearly": 0,
            "eps_latest_yearly": 0,
            "eps_growth_yearly": 0
        },
        "20043": {
            "year_quarter": 20043,
            "year": 2004,
            "quarter": 3,
            "eps": null,
            "eps_growth_year": null,
            "eps_4q": null,
            "eps_4q_growth_year": null,
            "roe": null,
            "gross_profit": null,
            "gross_margin": null,
            "net_income": null,
            "revenue": null,
            "common_shares": null,
            "equity": null,
            "current_ratio": null,
            "debt_ratio": null,
            "inventory_turnover_ratio": null,
            "account_receivable_turnover_ratio": null,
            "reinvestment_rate": null,
            "research_to_sale_ratio": null,
            "price_fair": 0,
            "eps_avg_yearly": 0,
            "eps_latest_yearly": 0,
            "eps_growth_yearly": 0
        },
        "20044": {
            "year_quarter": 20044,
            "year": 2004,
            "quarter": 4,
            "eps": null,
            "eps_growth_year": null,
            "eps_4q": null,
            "eps_4q_growth_year": null,
            "roe": null,
            "gross_profit": null,
            "gross_margin": null,
            "net_income": null,
            "revenue": null,
            "common_shares": 2651968,
            "equity": 2178390,
            "current_ratio": 208.13,
            "debt_ratio": 34.26,
            "inventory_turnover_ratio": null,
            "account_receivable_turnover_ratio": null,
            "reinvestment_rate": null,
            "research_to_sale_ratio": null,
            "price_fair": 0,
            "eps_avg_yearly": 0,
            "eps_latest_yearly": 0,
            "eps_growth_yearly": 0
        },
        "20051": {
            "year_quarter": 20051,
            "year": 2005,
            "quarter": 1,
            "eps": null,
            "eps_growth_year": null,
            "eps_4q": null,
            "eps_4q_growth_year": null,
            "roe": null,
            "gross_profit": null,
            "gross_margin": null,
            "net_income": null,
            "revenue": null,
            "common_shares": null,
            "equity": null,
            "current_ratio": null,
            "debt_ratio": null,
            "inventory_turnover_ratio": null,
            "account_receivable_turnover_ratio": null,
            "reinvestment_rate": null,
            "research_to_sale_ratio": null,
            "price_fair": 0,
            "eps_avg_yearly": 0,
            "eps_latest_yearly": 0,
            "eps_growth_yearly": 0
        },
        "20052": {
            "year_quarter": 20052,
            "year": 2005,
            "quarter": 2,
            "eps": null,
            "eps_growth_year": null,
            "eps_4q": null,
            "eps_4q_growth_year": null,
            "roe": null,
            "gross_profit": null,
            "gross_margin": null,
            "net_income": null,
            "revenue": null,
            "common_shares": null,
            "equity": null,
            "current_ratio": null,
            "debt_ratio": null,
            "inventory_turnover_ratio": null,
            "account_receivable_turnover_ratio": null,
            "reinvestment_rate": null,
            "research_to_sale_ratio": null,
            "price_fair": 0,
            "eps_avg_yearly": 0,
            "eps_latest_yearly": 0,
            "eps_growth_yearly": 0
        },
        "20053": {
            "year_quarter": 20053,
            "year": 2005,
            "quarter": 3,
            "eps": null,
            "eps_growth_year": null,
            "eps_4q": null,
            "eps_4q_growth_year": null,
            "roe": null,
            "gross_profit": null,
            "gross_margin": null,
            "net_income": null,
            "revenue": null,
            "common_shares": null,
            "equity": null,
            "current_ratio": null,
            "debt_ratio": null,
            "inventory_turnover_ratio": null,
            "account_receivable_turnover_ratio": null,
            "reinvestment_rate": null,
            "research_to_sale_ratio": null,
            "price_fair": 0,
            "eps_avg_yearly": 0,
            "eps_latest_yearly": 0,
            "eps_growth_yearly": 0
        },
        "20054": {
            "year_quarter": 20054,
            "year": 2005,
            "quarter": 4,
            "eps": null,
            "eps_growth_year": null,
            "eps_4q": null,
            "eps_4q_growth_year": null,
            "roe": null,
            "gross_profit": null,
            "gross_margin": null,
            "net_income": null,
            "revenue": null,
            "common_shares": 3259968,
            "equity": 1579285,
            "current_ratio": 113.33,
            "debt_ratio": 43.47,
            "inventory_turnover_ratio": null,
            "account_receivable_turnover_ratio": null,
            "reinvestment_rate": null,
            "research_to_sale_ratio": null,
            "price_fair": 0,
            "eps_avg_yearly": 0,
            "eps_latest_yearly": 0,
            "eps_growth_yearly": 0
        },
        "20061": {
            "year_quarter": 20061,
            "year": 2006,
            "quarter": 1,
            "eps": null,
            "eps_growth_year": null,
            "eps_4q": null,
            "eps_4q_growth_year": null,
            "roe": null,
            "gross_profit": null,
            "gross_margin": null,
            "net_income": null,
            "revenue": null,
            "common_shares": null,
            "equity": null,
            "current_ratio": null,
            "debt_ratio": null,
            "inventory_turnover_ratio": null,
            "account_receivable_turnover_ratio": null,
            "reinvestment_rate": null,
            "research_to_sale_ratio": null,
            "price_fair": 0,
            "eps_avg_yearly": 0,
            "eps_latest_yearly": 0,
            "eps_growth_yearly": 0
        },
        "20062": {
            "year_quarter": 20062,
            "year": 2006,
            "quarter": 2,
            "eps": null,
            "eps_growth_year": null,
            "eps_4q": null,
            "eps_4q_growth_year": null,
            "roe": null,
            "gross_profit": null,
            "gross_margin": null,
            "net_income": null,
            "revenue": null,
            "common_shares": null,
            "equity": null,
            "current_ratio": null,
            "debt_ratio": null,
            "inventory_turnover_ratio": null,
            "account_receivable_turnover_ratio": null,
            "reinvestment_rate": null,
            "research_to_sale_ratio": null,
            "price_fair": 0,
            "eps_avg_yearly": 0,
            "eps_latest_yearly": 0,
            "eps_growth_yearly": 0
        },
        "20063": {
            "year_quarter": 20063,
            "year": 2006,
            "quarter": 3,
            "eps": null,
            "eps_growth_year": null,
            "eps_4q": null,
            "eps_4q_growth_year": null,
            "roe": null,
            "gross_profit": null,
            "gross_margin": null,
            "net_income": null,
            "revenue": null,
            "common_shares": null,
            "equity": null,
            "current_ratio": null,
            "debt_ratio": null,
            "inventory_turnover_ratio": null,
            "account_receivable_turnover_ratio": null,
            "reinvestment_rate": null,
            "research_to_sale_ratio": null,
            "price_fair": 0,
            "eps_avg_yearly": 0,
            "eps_latest_yearly": 0,
            "eps_growth_yearly": 0
        },
        "20064": {
            "year_quarter": 20064,
            "year": 2006,
            "quarter": 4,
            "eps": null,
            "eps_growth_year": null,
            "eps_4q": null,
            "eps_4q_growth_year": null,
            "roe": null,
            "gross_profit": null,
            "gross_margin": null,
            "net_income": null,
            "revenue": null,
            "common_shares": 4659968,
            "equity": 2846982,
            "current_ratio": 396.85,
            "debt_ratio": 12.9,
            "inventory_turnover_ratio": null,
            "account_receivable_turnover_ratio": null,
            "reinvestment_rate": null,
            "research_to_sale_ratio": null,
            "price_fair": 0,
            "eps_avg_yearly": 0,
            "eps_latest_yearly": 0,
            "eps_growth_yearly": 0
        },
        "20071": {
            "year_quarter": 20071,
            "year": 2007,
            "quarter": 1,
            "eps": null,
            "eps_growth_year": null,
            "eps_4q": null,
            "eps_4q_growth_year": null,
            "roe": null,
            "gross_profit": null,
            "gross_margin": null,
            "net_income": null,
            "revenue": null,
            "common_shares": null,
            "equity": null,
            "current_ratio": null,
            "debt_ratio": null,
            "inventory_turnover_ratio": null,
            "account_receivable_turnover_ratio": null,
            "reinvestment_rate": null,
            "research_to_sale_ratio": null,
            "price_fair": 0,
            "eps_avg_yearly": 0,
            "eps_latest_yearly": 0,
            "eps_growth_yearly": 0
        },
        "20072": {
            "year_quarter": 20072,
            "year": 2007,
            "quarter": 2,
            "eps": null,
            "eps_growth_year": null,
            "eps_4q": null,
            "eps_4q_growth_year": null,
            "roe": null,
            "gross_profit": null,
            "gross_margin": null,
            "net_income": null,
            "revenue": null,
            "common_shares": null,
            "equity": null,
            "current_ratio": null,
            "debt_ratio": null,
            "inventory_turnover_ratio": null,
            "account_receivable_turnover_ratio": null,
            "reinvestment_rate": null,
            "research_to_sale_ratio": null,
            "price_fair": 0,
            "eps_avg_yearly": 0,
            "eps_latest_yearly": 0,
            "eps_growth_yearly": 0
        },
        "20073": {
            "year_quarter": 20073,
            "year": 2007,
            "quarter": 3,
            "eps": null,
            "eps_growth_year": null,
            "eps_4q": null,
            "eps_4q_growth_year": null,
            "roe": null,
            "gross_profit": null,
            "gross_margin": null,
            "net_income": null,
            "revenue": null,
            "common_shares": null,
            "equity": null,
            "current_ratio": null,
            "debt_ratio": null,
            "inventory_turnover_ratio": null,
            "account_receivable_turnover_ratio": null,
            "reinvestment_rate": null,
            "research_to_sale_ratio": null,
            "price_fair": 0,
            "eps_avg_yearly": 0,
            "eps_latest_yearly": 0,
            "eps_growth_yearly": 0
        },
        "20074": {
            "year_quarter": 20074,
            "year": 2007,
            "quarter": 4,
            "eps": null,
            "eps_growth_year": null,
            "eps_4q": null,
            "eps_4q_growth_year": null,
            "roe": null,
            "gross_profit": null,
            "gross_margin": null,
            "net_income": null,
            "revenue": null,
            "common_shares": 4672255,
            "equity": 3229078,
            "current_ratio": 112.2,
            "debt_ratio": 31.63,
            "inventory_turnover_ratio": null,
            "account_receivable_turnover_ratio": null,
            "reinvestment_rate": null,
            "research_to_sale_ratio": null,
            "price_fair": 0,
            "eps_avg_yearly": 0,
            "eps_latest_yearly": 0,
            "eps_growth_yearly": 0
        },
        "20081": {
            "year_quarter": 20081,
            "year": 2008,
            "quarter": 1,
            "eps": null,
            "eps_growth_year": null,
            "eps_4q": null,
            "eps_4q_growth_year": null,
            "roe": null,
            "gross_profit": null,
            "gross_margin": null,
            "net_income": null,
            "revenue": null,
            "common_shares": null,
            "equity": null,
            "current_ratio": null,
            "debt_ratio": null,
            "inventory_turnover_ratio": null,
            "account_receivable_turnover_ratio": null,
            "reinvestment_rate": null,
            "research_to_sale_ratio": null,
            "price_fair": 0,
            "eps_avg_yearly": 0,
            "eps_latest_yearly": 0,
            "eps_growth_yearly": 0
        },
        "20082": {
            "year_quarter": 20082,
            "year": 2008,
            "quarter": 2,
            "eps": null,
            "eps_growth_year": null,
            "eps_4q": null,
            "eps_4q_growth_year": null,
            "roe": null,
            "gross_profit": null,
            "gross_margin": null,
            "net_income": null,
            "revenue": null,
            "common_shares": null,
            "equity": null,
            "current_ratio": null,
            "debt_ratio": null,
            "inventory_turnover_ratio": null,
            "account_receivable_turnover_ratio": null,
            "reinvestment_rate": null,
            "research_to_sale_ratio": null,
            "price_fair": 0,
            "eps_avg_yearly": 0,
            "eps_latest_yearly": 0,
            "eps_growth_yearly": 0
        },
        "20083": {
            "year_quarter": 20083,
            "year": 2008,
            "quarter": 3,
            "eps": null,
            "eps_growth_year": null,
            "eps_4q": null,
            "eps_4q_growth_year": null,
            "roe": null,
            "gross_profit": null,
            "gross_margin": null,
            "net_income": null,
            "revenue": null,
            "common_shares": null,
            "equity": null,
            "current_ratio": null,
            "debt_ratio": null,
            "inventory_turnover_ratio": null,
            "account_receivable_turnover_ratio": null,
            "reinvestment_rate": null,
            "research_to_sale_ratio": null,
            "price_fair": 0,
            "eps_avg_yearly": 0,
            "eps_latest_yearly": 0,
            "eps_growth_yearly": 0
        },
        "20084": {
            "year_quarter": 20084,
            "year": 2008,
            "quarter": 4,
            "eps": null,
            "eps_growth_year": null,
            "eps_4q": null,
            "eps_4q_growth_year": null,
            "roe": null,
            "gross_profit": null,
            "gross_margin": null,
            "net_income": null,
            "revenue": null,
            "common_shares": 5936155,
            "equity": 6231483,
            "current_ratio": 186.26,
            "debt_ratio": 31.94,
            "inventory_turnover_ratio": null,
            "account_receivable_turnover_ratio": null,
            "reinvestment_rate": null,
            "research_to_sale_ratio": null,
            "price_fair": 0,
            "eps_avg_yearly": 0,
            "eps_latest_yearly": 0,
            "eps_growth_yearly": 0
        },
        "20091": {
            "year_quarter": 20091,
            "year": 2009,
            "quarter": 1,
            "eps": null,
            "eps_growth_year": null,
            "eps_4q": null,
            "eps_4q_growth_year": null,
            "roe": null,
            "gross_profit": null,
            "gross_margin": null,
            "net_income": null,
            "revenue": null,
            "common_shares": null,
            "equity": null,
            "current_ratio": null,
            "debt_ratio": null,
            "inventory_turnover_ratio": null,
            "account_receivable_turnover_ratio": null,
            "reinvestment_rate": null,
            "research_to_sale_ratio": null,
            "price_fair": 0,
            "eps_avg_yearly": 0,
            "eps_latest_yearly": 0,
            "eps_growth_yearly": 0
        },
        "20092": {
            "year_quarter": 20092,
            "year": 2009,
            "quarter": 2,
            "eps": null,
            "eps_growth_year": null,
            "eps_4q": null,
            "eps_4q_growth_year": null,
            "roe": null,
            "gross_profit": null,
            "gross_margin": null,
            "net_income": null,
            "revenue": null,
            "common_shares": 5936155,
            "equity": 6297553,
            "current_ratio": null,
            "debt_ratio": null,
            "inventory_turnover_ratio": null,
            "account_receivable_turnover_ratio": null,
            "reinvestment_rate": null,
            "research_to_sale_ratio": null,
            "price_fair": 0,
            "eps_avg_yearly": 0,
            "eps_latest_yearly": 0,
            "eps_growth_yearly": 0
        },
        "20093": {
            "year_quarter": 20093,
            "year": 2009,
            "quarter": 3,
            "eps": null,
            "eps_growth_year": null,
            "eps_4q": null,
            "eps_4q_growth_year": null,
            "roe": null,
            "gross_profit": null,
            "gross_margin": null,
            "net_income": null,
            "revenue": null,
            "common_shares": null,
            "equity": null,
            "current_ratio": null,
            "debt_ratio": null,
            "inventory_turnover_ratio": null,
            "account_receivable_turnover_ratio": null,
            "reinvestment_rate": null,
            "research_to_sale_ratio": null,
            "price_fair": 0,
            "eps_avg_yearly": 0,
            "eps_latest_yearly": 0,
            "eps_growth_yearly": 0
        },
        "20094": {
            "year_quarter": 20094,
            "year": 2009,
            "quarter": 4,
            "eps": null,
            "eps_growth_year": null,
            "eps_4q": null,
            "eps_4q_growth_year": null,
            "roe": null,
            "gross_profit": null,
            "gross_margin": null,
            "net_income": null,
            "revenue": null,
            "common_shares": 5979695,
            "equity": 6871232,
            "current_ratio": 134.42,
            "debt_ratio": 40.81,
            "inventory_turnover_ratio": null,
            "account_receivable_turnover_ratio": null,
            "reinvestment_rate": null,
            "research_to_sale_ratio": null,
            "price_fair": 0,
            "eps_avg_yearly": 0,
            "eps_latest_yearly": 0,
            "eps_growth_yearly": 0
        },
        "20101": {
            "year_quarter": 20101,
            "year": 2010,
            "quarter": 1,
            "eps": null,
            "eps_growth_year": null,
            "eps_4q": null,
            "eps_4q_growth_year": null,
            "roe": null,
            "gross_profit": 307936,
            "gross_margin": null,
            "net_income": 149146,
            "revenue": 1327272,
            "common_shares": 5982935,
            "equity": 7036606,
            "current_ratio": 111.14,
            "debt_ratio": 43.12,
            "inventory_turnover_ratio": null,
            "account_receivable_turnover_ratio": null,
            "reinvestment_rate": null,
            "research_to_sale_ratio": null,
            "price_fair": 0,
            "eps_avg_yearly": 0,
            "eps_latest_yearly": 0,
            "eps_growth_yearly": 0
        },
        "20102": {
            "year_quarter": 20102,
            "year": 2010,
            "quarter": 2,
            "eps": 0.68,
            "eps_growth_year": null,
            "eps_4q": null,
            "eps_4q_growth_year": null,
            "roe": 5.65,
            "gross_profit": 654037,
            "gross_margin": 33.68,
            "net_income": 410120,
            "revenue": 1942162,
            "common_shares": 6001085,
            "equity": 7482091,
            "current_ratio": 109.72,
            "debt_ratio": 42.35,
            "inventory_turnover_ratio": 1.16,
            "account_receivable_turnover_ratio": 2.87,
            "reinvestment_rate": null,
            "research_to_sale_ratio": null,
            "price_fair": 0,
            "eps_avg_yearly": 0,
            "eps_latest_yearly": 0,
            "eps_growth_yearly": 0
        },
        "20103": {
            "year_quarter": 20103,
            "year": 2010,
            "quarter": 3,
            "eps": null,
            "eps_growth_year": null,
            "eps_4q": null,
            "eps_4q_growth_year": null,
            "roe": null,
            "gross_profit": 618219,
            "gross_margin": null,
            "net_income": 864179,
            "revenue": 1966077,
            "common_shares": 6050185,
            "equity": 8428078,
            "current_ratio": 155.09,
            "debt_ratio": 40.68,
            "inventory_turnover_ratio": null,
            "account_receivable_turnover_ratio": null,
            "reinvestment_rate": null,
            "research_to_sale_ratio": null,
            "price_fair": 0,
            "eps_avg_yearly": 0,
            "eps_latest_yearly": 0,
            "eps_growth_yearly": 0
        },
        "20104": {
            "year_quarter": 20104,
            "year": 2010,
            "quarter": 4,
            "eps": null,
            "eps_growth_year": null,
            "eps_4q": null,
            "eps_4q_growth_year": null,
            "roe": null,
            "gross_profit": 2070822,
            "gross_margin": null,
            "net_income": 1709284,
            "revenue": 6981651,
            "common_shares": 6175675,
            "equity": 8873937,
            "current_ratio": 122.47,
            "debt_ratio": 40.4,
            "inventory_turnover_ratio": null,
            "account_receivable_turnover_ratio": null,
            "reinvestment_rate": null,
            "research_to_sale_ratio": null,
            "price_fair": 0,
            "eps_avg_yearly": 0,
            "eps_latest_yearly": 0,
            "eps_growth_yearly": 0
        },
        "20111": {
            "year_quarter": 20111,
            "year": 2011,
            "quarter": 1,
            "eps": 0.51,
            "eps_growth_year": null,
            "eps_4q": 1.17,
            "eps_4q_growth_year": null,
            "roe": 3.47,
            "gross_profit": 531339,
            "gross_margin": 28.83,
            "net_income": 314508,
            "revenue": 1842761,
            "common_shares": 6209895,
            "equity": 9250340,
            "current_ratio": 149.11,
            "debt_ratio": 47.17,
            "inventory_turnover_ratio": 0.86,
            "account_receivable_turnover_ratio": 1.79,
            "reinvestment_rate": null,
            "research_to_sale_ratio": 5.32,
            "price_fair": 0,
            "eps_avg_yearly": 0,
            "eps_latest_yearly": 0,
            "eps_growth_yearly": 0
        },
        "20112": {
            "year_quarter": 20112,
            "year": 2011,
            "quarter": 2,
            "eps": 0.19,
            "eps_growth_year": -72.17,
            "eps_4q": 0.7,
            "eps_4q_growth_year": null,
            "roe": 1.3,
            "gross_profit": 685197,
            "gross_margin": 31.73,
            "net_income": 118406,
            "revenue": 2159541,
            "common_shares": 6225720,
            "equity": 8912812,
            "current_ratio": 123.77,
            "debt_ratio": 50.61,
            "inventory_turnover_ratio": 0.9,
            "account_receivable_turnover_ratio": 1.6,
            "reinvestment_rate": null,
            "research_to_sale_ratio": 4.99,
            "price_fair": 2.28,
            "eps_avg_yearly": 0.76,
            "eps_latest_yearly": 0.76,
            "eps_growth_yearly": -250.98
        },
        "20113": {
            "year_quarter": 20113,
            "year": 2011,
            "quarter": 3,
            "eps": 0.36,
            "eps_growth_year": null,
            "eps_4q": 1.06,
            "eps_4q_growth_year": null,
            "roe": 2.55,
            "gross_profit": 806711,
            "gross_margin": 33.84,
            "net_income": 227272,
            "revenue": 2383747,
            "common_shares": 6235865,
            "equity": 8946423,
            "current_ratio": 148.65,
            "debt_ratio": 50.24,
            "inventory_turnover_ratio": 0.91,
            "account_receivable_turnover_ratio": 1.86,
            "reinvestment_rate": null,
            "research_to_sale_ratio": 4.35,
            "price_fair": 38.5,
            "eps_avg_yearly": 1.1,
            "eps_latest_yearly": 1.44,
            "eps_growth_yearly": 53.46
        },
        "20114": {
            "year_quarter": 20114,
            "year": 2011,
            "quarter": 4,
            "eps": 0.95,
            "eps_growth_year": null,
            "eps_4q": 1.97,
            "eps_4q_growth_year": null,
            "roe": 6.51,
            "gross_profit": 781083,
            "gross_margin": 31.05,
            "net_income": 618424,
            "revenue": 2515224,
            "common_shares": 6485930,
            "equity": 10045133,
            "current_ratio": 181.55,
            "debt_ratio": 45.99,
            "inventory_turnover_ratio": 0.92,
            "account_receivable_turnover_ratio": 2.41,
            "reinvestment_rate": null,
            "research_to_sale_ratio": 5.6,
            "price_fair": 70,
            "eps_avg_yearly": 2,
            "eps_latest_yearly": 3.8,
            "eps_growth_yearly": 254.16
        },
        "20121": {
            "year_quarter": 20121,
            "year": 2012,
            "quarter": 1,
            "eps": 0.7,
            "eps_growth_year": 37.25,
            "eps_4q": 2.19,
            "eps_4q_growth_year": 87.47,
            "roe": 4.38,
            "gross_profit": 644235,
            "gross_margin": 25.6,
            "net_income": 454909,
            "revenue": 2516919,
            "common_shares": 6486767,
            "equity": 10711709,
            "current_ratio": 175.17,
            "debt_ratio": 45.21,
            "inventory_turnover_ratio": 1.01,
            "account_receivable_turnover_ratio": 2.33,
            "reinvestment_rate": null,
            "research_to_sale_ratio": 5.94,
            "price_fair": 77,
            "eps_avg_yearly": 2.2,
            "eps_latest_yearly": 2.8,
            "eps_growth_yearly": 164.3
        },
        "20122": {
            "year_quarter": 20122,
            "year": 2012,
            "quarter": 2,
            "eps": 0.66,
            "eps_growth_year": 245.14,
            "eps_4q": 2.66,
            "eps_4q_growth_year": 282.73,
            "roe": 4.02,
            "gross_profit": 1014303,
            "gross_margin": 32.22,
            "net_income": 425810,
            "revenue": 3148355,
            "common_shares": 6486989,
            "equity": 10490515,
            "current_ratio": 147.68,
            "debt_ratio": 48.53,
            "inventory_turnover_ratio": 0.94,
            "account_receivable_turnover_ratio": 2.34,
            "reinvestment_rate": null,
            "research_to_sale_ratio": 3.78,
            "price_fair": 80.08,
            "eps_avg_yearly": 2.29,
            "eps_latest_yearly": 2.64,
            "eps_growth_yearly": 126.87
        },
        "20123": {
            "year_quarter": 20123,
            "year": 2012,
            "quarter": 3,
            "eps": 0.85,
            "eps_growth_year": 133.43,
            "eps_4q": 3.16,
            "eps_4q_growth_year": 198.65,
            "roe": 5.13,
            "gross_profit": 998308,
            "gross_margin": 36.2,
            "net_income": 551897,
            "revenue": 2758071,
            "common_shares": 6487039,
            "equity": 11038857,
            "current_ratio": 145.44,
            "debt_ratio": 47.67,
            "inventory_turnover_ratio": 0.66,
            "account_receivable_turnover_ratio": 2.11,
            "reinvestment_rate": null,
            "research_to_sale_ratio": 4.51,
            "price_fair": 86.57,
            "eps_avg_yearly": 2.47,
            "eps_latest_yearly": 3.4,
            "eps_growth_yearly": 124.92
        },
        "20124": {
            "year_quarter": 20124,
            "year": 2012,
            "quarter": 4,
            "eps": 0.28,
            "eps_growth_year": -70.11,
            "eps_4q": 2.18,
            "eps_4q_growth_year": 10.81,
            "roe": 1.69,
            "gross_profit": 983338,
            "gross_margin": 34.94,
            "net_income": 214913,
            "revenue": 2814619,
            "common_shares": 7541877,
            "equity": 14425017,
            "current_ratio": 247.18,
            "debt_ratio": 38.85,
            "inventory_turnover_ratio": 0.78,
            "account_receivable_turnover_ratio": 2.05,
            "reinvestment_rate": null,
            "research_to_sale_ratio": 4.88,
            "price_fair": 79.8,
            "eps_avg_yearly": 2.28,
            "eps_latest_yearly": 1.12,
            "eps_growth_yearly": 68.75
        },
        "20131": {
            "year_quarter": 20131,
            "year": 2013,
            "quarter": 1,
            "eps": 1.04,
            "eps_growth_year": 48.57,
            "eps_4q": 2.62,
            "eps_4q_growth_year": 19.65,
            "roe": 5.31,
            "gross_profit": 916061,
            "gross_margin": 32.16,
            "net_income": 789991,
            "revenue": 2848050,
            "common_shares": 7574570,
            "equity": 15335308,
            "current_ratio": 258.9,
            "debt_ratio": 38.08,
            "inventory_turnover_ratio": 0.86,
            "account_receivable_turnover_ratio": 2.16,
            "reinvestment_rate": null,
            "research_to_sale_ratio": 4.71,
            "price_fair": 88.03,
            "eps_avg_yearly": 2.52,
            "eps_latest_yearly": 4.16,
            "eps_growth_yearly": 195.87
        },
        "20132": {
            "year_quarter": 20132,
            "year": 2013,
            "quarter": 2,
            "eps": 0.72,
            "eps_growth_year": 9.69,
            "eps_4q": 2.78,
            "eps_4q_growth_year": 4.3,
            "roe": 3.63,
            "gross_profit": 1045402,
            "gross_margin": 32.84,
            "net_income": 546784,
            "revenue": 3183734,
            "common_shares": 7578548,
            "equity": 14816240,
            "current_ratio": 207.99,
            "debt_ratio": 39.67,
            "inventory_turnover_ratio": 0.95,
            "account_receivable_turnover_ratio": 3.05,
            "reinvestment_rate": null,
            "research_to_sale_ratio": 3.49,
            "price_fair": 89.44,
            "eps_avg_yearly": 2.56,
            "eps_latest_yearly": 2.88,
            "eps_growth_yearly": 160.43
        },
        "20133": {
            "year_quarter": 20133,
            "year": 2013,
            "quarter": 3,
            "eps": 0.46,
            "eps_growth_year": -45.93,
            "eps_4q": 2.51,
            "eps_4q_growth_year": -20.77,
            "roe": 2.33,
            "gross_profit": 758185,
            "gross_margin": 30.05,
            "net_income": 348676,
            "revenue": 2523129,
            "common_shares": 7586262,
            "equity": 15125158,
            "current_ratio": 225.48,
            "debt_ratio": 31.21,
            "inventory_turnover_ratio": 0.95,
            "account_receivable_turnover_ratio": 2.92,
            "reinvestment_rate": null,
            "research_to_sale_ratio": 5.26,
            "price_fair": 86.94,
            "eps_avg_yearly": 2.48,
            "eps_latest_yearly": 1.84,
            "eps_growth_yearly": 129.95
        },
        "20134": {
            "year_quarter": 20134,
            "year": 2013,
            "quarter": 4,
            "eps": 0.17,
            "eps_growth_year": -40.16,
            "eps_4q": 2.45,
            "eps_4q_growth_year": 12.17,
            "roe": 0.84,
            "gross_profit": 512537,
            "gross_margin": 26.61,
            "net_income": 126059,
            "revenue": 1926390,
            "common_shares": 7392754,
            "equity": 14891577,
            "current_ratio": 244.43,
            "debt_ratio": 29.46,
            "inventory_turnover_ratio": 1.02,
            "account_receivable_turnover_ratio": 2.87,
            "reinvestment_rate": 63.57,
            "research_to_sale_ratio": 6.09,
            "price_fair": 81.2,
            "eps_avg_yearly": 2.32,
            "eps_latest_yearly": 0.68,
            "eps_growth_yearly": 95.21
        },
        "20141": {
            "year_quarter": 20141,
            "year": 2014,
            "quarter": 1,
            "eps": 0.29,
            "eps_growth_year": -72.12,
            "eps_4q": 1.67,
            "eps_4q_growth_year": -36.26,
            "roe": 1.42,
            "gross_profit": 500163,
            "gross_margin": 30,
            "net_income": 213380,
            "revenue": 1667026,
            "common_shares": 7401960,
            "equity": 15244872,
            "current_ratio": 285.35,
            "debt_ratio": 28.36,
            "inventory_turnover_ratio": 1.07,
            "account_receivable_turnover_ratio": 2.63,
            "reinvestment_rate": 77.23,
            "research_to_sale_ratio": 10.12,
            "price_fair": 77.82,
            "eps_avg_yearly": 2.22,
            "eps_latest_yearly": 1.16,
            "eps_growth_yearly": 110.8
        },
        "20142": {
            "year_quarter": 20142,
            "year": 2014,
            "quarter": 2,
            "eps": 0.59,
            "eps_growth_year": -18.06,
            "eps_4q": 1.52,
            "eps_4q_growth_year": -45.13,
            "roe": 2.95,
            "gross_profit": 861740,
            "gross_margin": 35.01,
            "net_income": 439876,
            "revenue": 2461166,
            "common_shares": 7406379,
            "equity": 14581369,
            "current_ratio": 196.95,
            "debt_ratio": 34.57,
            "inventory_turnover_ratio": 1.23,
            "account_receivable_turnover_ratio": 3.34,
            "reinvestment_rate": 43.23,
            "research_to_sale_ratio": 6.39,
            "price_fair": 78.18,
            "eps_avg_yearly": 2.23,
            "eps_latest_yearly": 2.36,
            "eps_growth_yearly": 134.11
        },
        "20143": {
            "year_quarter": 20143,
            "year": 2014,
            "quarter": 3,
            "eps": 1.02,
            "eps_growth_year": 121.74,
            "eps_4q": 2.07,
            "eps_4q_growth_year": -17.56,
            "roe": 5.04,
            "gross_profit": 1136952,
            "gross_margin": 37.05,
            "net_income": 753069,
            "revenue": 3068956,
            "common_shares": 7420685,
            "equity": 15296600,
            "current_ratio": 220.07,
            "debt_ratio": 29.34,
            "inventory_turnover_ratio": 1.21,
            "account_receivable_turnover_ratio": 3.28,
            "reinvestment_rate": 63.21,
            "research_to_sale_ratio": 3.26,
            "price_fair": 82.8,
            "eps_avg_yearly": 2.37,
            "eps_latest_yearly": 4.08,
            "eps_growth_yearly": 145.35
        },
        "20144": {
            "year_quarter": 20144,
            "year": 2014,
            "quarter": 4,
            "eps": 0.75,
            "eps_growth_year": 340.21,
            "eps_4q": 2.65,
            "eps_4q_growth_year": 7.96,
            "roe": 3.57,
            "gross_profit": 1010741,
            "gross_margin": 37.26,
            "net_income": 557144,
            "revenue": 2712862,
            "common_shares": 7422377,
            "equity": 15939650,
            "current_ratio": 259.21,
            "debt_ratio": 26.94,
            "inventory_turnover_ratio": 1.08,
            "account_receivable_turnover_ratio": 3.18,
            "reinvestment_rate": 41.91,
            "research_to_sale_ratio": 5,
            "price_fair": 84.28,
            "eps_avg_yearly": 2.41,
            "eps_latest_yearly": 3,
            "eps_growth_yearly": 128.6
        },
        "20151": {
            "year_quarter": 20151,
            "year": 2015,
            "quarter": 1,
            "eps": 0.83,
            "eps_growth_year": 186.21,
            "eps_4q": 3.19,
            "eps_4q_growth_year": 90.98,
            "roe": 3.79,
            "gross_profit": 1062897,
            "gross_margin": 37.87,
            "net_income": 618471,
            "revenue": 2806832,
            "common_shares": 7433953,
            "equity": 16662817,
            "current_ratio": 241.79,
            "debt_ratio": 26.56,
            "inventory_turnover_ratio": 1.02,
            "account_receivable_turnover_ratio": 3.45,
            "reinvestment_rate": 20.82,
            "research_to_sale_ratio": 4.53,
            "price_fair": 86.28,
            "eps_avg_yearly": 2.47,
            "eps_latest_yearly": 3.32,
            "eps_growth_yearly": 123.23
        },
        "20152": {
            "year_quarter": 20152,
            "year": 2015,
            "quarter": 2,
            "eps": 0.72,
            "eps_growth_year": 22.03,
            "eps_4q": 3.31,
            "eps_4q_growth_year": 117.53,
            "roe": 3.19,
            "gross_profit": 1201305,
            "gross_margin": 38.76,
            "net_income": 536635,
            "revenue": 3098992,
            "common_shares": 7441357,
            "equity": 16963651,
            "current_ratio": 226.89,
            "debt_ratio": 27.58,
            "inventory_turnover_ratio": 0.95,
            "account_receivable_turnover_ratio": 3.21,
            "reinvestment_rate": 3.85,
            "research_to_sale_ratio": 4.52,
            "price_fair": 90.91,
            "eps_avg_yearly": 2.6,
            "eps_latest_yearly": 2.88,
            "eps_growth_yearly": 135.61
        },
        "20153": {
            "year_quarter": 20153,
            "year": 2015,
            "quarter": 3,
            "eps": 1.32,
            "eps_growth_year": 29.41,
            "eps_4q": 4.23,
            "eps_4q_growth_year": 104.71,
            "roe": 4.84,
            "gross_profit": 1177581,
            "gross_margin": 40.43,
            "net_income": 805098,
            "revenue": 2912939,
            "common_shares": 5955077,
            "equity": 16317678,
            "current_ratio": 188.61,
            "debt_ratio": 26.72,
            "inventory_turnover_ratio": 0.82,
            "account_receivable_turnover_ratio": 3,
            "reinvestment_rate": 0.45,
            "research_to_sale_ratio": 5.28,
            "price_fair": 99.31,
            "eps_avg_yearly": 2.84,
            "eps_latest_yearly": 5.28,
            "eps_growth_yearly": 134.07
        },
        "20154": {
            "year_quarter": 20154,
            "year": 2015,
            "quarter": 4,
            "eps": 1.19,
            "eps_growth_year": 58.87,
            "eps_4q": 4.48,
            "eps_4q_growth_year": 69.29,
            "roe": 4.24,
            "gross_profit": 1319248,
            "gross_margin": 41.27,
            "net_income": 711423,
            "revenue": 3196984,
            "common_shares": 5965641,
            "equity": 17209100,
            "current_ratio": 151.64,
            "debt_ratio": 28.63,
            "inventory_turnover_ratio": 0.81,
            "account_receivable_turnover_ratio": 3.88,
            "reinvestment_rate": 11.45,
            "research_to_sale_ratio": 4.73,
            "price_fair": 101.41,
            "eps_avg_yearly": 2.9,
            "eps_latest_yearly": 4.76,
            "eps_growth_yearly": 90.64
        },
        "20161": {
            "year_quarter": 20161,
            "year": 2016,
            "quarter": 1,
            "eps": 1.41,
            "eps_growth_year": 69.88,
            "eps_4q": 4.85,
            "eps_4q_growth_year": 52.16,
            "roe": 4.74,
            "gross_profit": 1373588,
            "gross_margin": 41.72,
            "net_income": 839493,
            "revenue": 3292082,
            "common_shares": 5966663,
            "equity": 18229654,
            "current_ratio": 169.25,
            "debt_ratio": 25.69,
            "inventory_turnover_ratio": 0.77,
            "account_receivable_turnover_ratio": 4.09,
            "reinvestment_rate": 9,
            "research_to_sale_ratio": 5.02,
            "price_fair": 107.63,
            "eps_avg_yearly": 3.08,
            "eps_latest_yearly": 5.64,
            "eps_growth_yearly": 101.84
        },
        "20162": {
            "year_quarter": 20162,
            "year": 2016,
            "quarter": 2,
            "eps": 1.19,
            "eps_growth_year": 65.28,
            "eps_4q": 5.22,
            "eps_4q_growth_year": 57.52,
            "roe": 3.89,
            "gross_profit": 1399783,
            "gross_margin": 39.19,
            "net_income": 705570,
            "revenue": 3571846,
            "common_shares": 5866663,
            "equity": 18045964,
            "current_ratio": 140.26,
            "debt_ratio": 29.48,
            "inventory_turnover_ratio": 0.86,
            "account_receivable_turnover_ratio": 3.24,
            "reinvestment_rate": 27.33,
            "research_to_sale_ratio": 3.86,
            "price_fair": 112.26,
            "eps_avg_yearly": 3.21,
            "eps_latest_yearly": 4.76,
            "eps_growth_yearly": 99.37
        },
        "20163": {
            "year_quarter": 20163,
            "year": 2016,
            "quarter": 3,
            "eps": 2.14,
            "eps_growth_year": 62.12,
            "eps_4q": 8,
            "eps_4q_growth_year": 89.31,
            "roe": 5.53,
            "gross_profit": 1253906,
            "gross_margin": 35.29,
            "net_income": 1001387,
            "revenue": 3553008,
            "common_shares": 4076664,
            "equity": 18187753,
            "current_ratio": 170.9,
            "debt_ratio": 28.13,
            "inventory_turnover_ratio": 0.9,
            "account_receivable_turnover_ratio": 3.15,
            "reinvestment_rate": 9.9,
            "research_to_sale_ratio": 4.05,
            "price_fair": 123.55,
            "eps_avg_yearly": 3.53,
            "eps_latest_yearly": 8.56,
            "eps_growth_yearly": 112.13
        },
        "20164": {
            "year_quarter": 20164,
            "year": 2016,
            "quarter": 4,
            "eps": 1.39,
            "eps_growth_year": 16.68,
            "eps_4q": 7.71,
            "eps_4q_growth_year": 72.16,
            "roe": 3.01,
            "gross_profit": 961975,
            "gross_margin": 30,
            "net_income": 549855,
            "revenue": 3206140,
            "common_shares": 4076664,
            "equity": 18317884,
            "current_ratio": 186.42,
            "debt_ratio": 30.64,
            "inventory_turnover_ratio": 0.85,
            "account_receivable_turnover_ratio": 3.16,
            "reinvestment_rate": 8.2,
            "research_to_sale_ratio": 4.97,
            "price_fair": 133.26,
            "eps_avg_yearly": 3.81,
            "eps_latest_yearly": 5.56,
            "eps_growth_yearly": 120.13
        },
        "20171": {
            "year_quarter": 20171,
            "year": 2017,
            "quarter": 1,
            "eps": 1.23,
            "eps_growth_year": -12.77,
            "eps_4q": 6.88,
            "eps_4q_growth_year": 41.88,
            "roe": 2.66,
            "gross_profit": 1104669,
            "gross_margin": 33.66,
            "net_income": 496427,
            "revenue": 3282331,
            "common_shares": 4026664,
            "equity": 19061105,
            "current_ratio": 227.73,
            "debt_ratio": 32.1,
            "inventory_turnover_ratio": 0.79,
            "account_receivable_turnover_ratio": 3.17,
            "reinvestment_rate": 31.55,
            "research_to_sale_ratio": 4.48,
            "price_fair": 134.93,
            "eps_avg_yearly": 3.86,
            "eps_latest_yearly": 4.92,
            "eps_growth_yearly": 49.4
        },
        "20172": {
            "year_quarter": 20172,
            "year": 2017,
            "quarter": 2,
            "eps": 1.85,
            "eps_growth_year": 55.46,
            "eps_4q": 6.98,
            "eps_4q_growth_year": 33.69,
            "roe": 3.93,
            "gross_profit": 1421784,
            "gross_margin": 37.22,
            "net_income": 727365,
            "revenue": 3819727,
            "common_shares": 4026664,
            "equity": 17959955,
            "current_ratio": 146.59,
            "debt_ratio": 36.81,
            "inventory_turnover_ratio": 0.83,
            "account_receivable_turnover_ratio": 3.7,
            "reinvestment_rate": 42.8,
            "research_to_sale_ratio": 4.13,
            "price_fair": 144.81,
            "eps_avg_yearly": 4.14,
            "eps_latest_yearly": 7.4,
            "eps_growth_yearly": 69.69
        },
        "20173": {
            "year_quarter": 20173,
            "year": 2017,
            "quarter": 3,
            "eps": 2.93,
            "eps_growth_year": 36.92,
            "eps_4q": 7.41,
            "eps_4q_growth_year": -7.38,
            "roe": 6.22,
            "gross_profit": 1664231,
            "gross_margin": 37.79,
            "net_income": 1164025,
            "revenue": 4403726,
            "common_shares": 4026664,
            "equity": 19490167,
            "current_ratio": 231.72,
            "debt_ratio": 33.93,
            "inventory_turnover_ratio": 0.85,
            "account_receivable_turnover_ratio": 3.51,
            "reinvestment_rate": 30.52,
            "research_to_sale_ratio": 3.97,
            "price_fair": 166.43,
            "eps_avg_yearly": 4.76,
            "eps_latest_yearly": 11.72,
            "eps_growth_yearly": 93.31
        },
        "20174": {
            "year_quarter": 20174,
            "year": 2017,
            "quarter": 4,
            "eps": 3.17,
            "eps_growth_year": 128.06,
            "eps_4q": 8.91,
            "eps_4q_growth_year": 15.51,
            "roe": 5.86,
            "gross_profit": 2137286,
            "gross_margin": 38.3,
            "net_income": 1327478,
            "revenue": 5580571,
            "common_shares": 4226664,
            "equity": 25804745,
            "current_ratio": 330.62,
            "debt_ratio": 30.31,
            "inventory_turnover_ratio": 0.96,
            "account_receivable_turnover_ratio": 3.73,
            "reinvestment_rate": 25.82,
            "research_to_sale_ratio": 3.82,
            "price_fair": 192.68,
            "eps_avg_yearly": 5.51,
            "eps_latest_yearly": 12.68,
            "eps_growth_yearly": 111.12
        },
        "20181": {
            "year_quarter": 20181,
            "year": 2018,
            "quarter": 1,
            "eps": 1.74,
            "eps_growth_year": 41.46,
            "eps_4q": 9.47,
            "eps_4q_growth_year": 37.72,
            "roe": 2.78,
            "gross_profit": 1521381,
            "gross_margin": 34.08,
            "net_income": 729972,
            "revenue": 4463906,
            "common_shares": 4226664,
            "equity": 26653224,
            "current_ratio": 317.06,
            "debt_ratio": 24.12,
            "inventory_turnover_ratio": 0.78,
            "account_receivable_turnover_ratio": 3.08,
            "reinvestment_rate": 18.38,
            "research_to_sale_ratio": 4.35,
            "price_fair": 205.36,
            "eps_avg_yearly": 5.87,
            "eps_latest_yearly": 6.96,
            "eps_growth_yearly": 82.2
        },
        "20182": {
            "year_quarter": 20182,
            "year": 2018,
            "quarter": 2,
            "eps": 2.16,
            "eps_growth_year": 16.76,
            "eps_4q": 9.87,
            "eps_4q_growth_year": 41.4,
            "roe": 3.53,
            "gross_profit": 1479251,
            "gross_margin": 32.39,
            "net_income": 905146,
            "revenue": 4567070,
            "common_shares": 4226664,
            "equity": 24656117,
            "current_ratio": 158.89,
            "debt_ratio": 31.77,
            "inventory_turnover_ratio": 0.79,
            "account_receivable_turnover_ratio": 2.9,
            "reinvestment_rate": 21.23,
            "research_to_sale_ratio": 5.02,
            "price_fair": 219.1,
            "eps_avg_yearly": 6.26,
            "eps_latest_yearly": 8.64,
            "eps_growth_yearly": 62.37
        },
        "20183": {
            "year_quarter": 20183,
            "year": 2018,
            "quarter": 3,
            "eps": 1.7,
            "eps_growth_year": -41.98,
            "eps_4q": 8.74,
            "eps_4q_growth_year": 17.97,
            "roe": 2.8,
            "gross_profit": 1040523,
            "gross_margin": 25.59,
            "net_income": 697889,
            "revenue": 4065623,
            "common_shares": 4238144,
            "equity": 25160706,
            "current_ratio": 322.69,
            "debt_ratio": 28.62,
            "inventory_turnover_ratio": 0.77,
            "account_receivable_turnover_ratio": 2.5,
            "reinvestment_rate": 24.14,
            "research_to_sale_ratio": 6.77,
            "price_fair": 225.05,
            "eps_avg_yearly": 6.43,
            "eps_latest_yearly": 6.8,
            "eps_growth_yearly": 38.82
        },
        "20184": {
            "year_quarter": 20184,
            "year": 2018,
            "quarter": 4,
            "eps": 1.79,
            "eps_growth_year": -43.52,
            "eps_4q": 7.37,
            "eps_4q_growth_year": -17.22,
            "roe": 2.89,
            "gross_profit": 1374016,
            "gross_margin": 32.61,
            "net_income": 733055,
            "revenue": 4214117,
            "common_shares": 4238144,
            "equity": 25604385,
            "current_ratio": 296.07,
            "debt_ratio": 27.79,
            "inventory_turnover_ratio": 0.74,
            "account_receivable_turnover_ratio": 2.93,
            "reinvestment_rate": 28.15,
            "research_to_sale_ratio": 6.54,
            "price_fair": 234.15,
            "eps_avg_yearly": 6.69,
            "eps_latest_yearly": 7.16,
            "eps_growth_yearly": 46.76
        },
        "20191": {
            "year_quarter": 20191,
            "year": 2019,
            "quarter": 1,
            "eps": 0.41,
            "eps_growth_year": -76.44,
            "eps_4q": 6.05,
            "eps_4q_growth_year": -36.17,
            "roe": 0.58,
            "gross_profit": 903235,
            "gross_margin": 24.96,
            "net_income": 150746,
            "revenue": 3619289,
            "common_shares": 4237944,
            "equity": 26775072,
            "current_ratio": 273.15,
            "debt_ratio": 25.91,
            "inventory_turnover_ratio": 0.71,
            "account_receivable_turnover_ratio": 2.58,
            "reinvestment_rate": 32.23,
            "research_to_sale_ratio": 7.8,
            "price_fair": 229.32,
            "eps_avg_yearly": 6.59,
            "eps_latest_yearly": 1.64,
            "eps_growth_yearly": 24.82
        },
        "20192": {
            "year_quarter": 20192,
            "year": 2019,
            "quarter": 2,
            "eps": 1.87,
            "eps_growth_year": -13.43,
            "eps_4q": 5.75,
            "eps_4q_growth_year": -41.67,
            "roe": 2.94,
            "gross_profit": 1512626,
            "gross_margin": 33.98,
            "net_income": 773651,
            "revenue": 4451180,
            "common_shares": 4240564,
            "equity": 25866711,
            "current_ratio": 174.91,
            "debt_ratio": 30.9,
            "inventory_turnover_ratio": 0.72,
            "account_receivable_turnover_ratio": 2.75,
            "reinvestment_rate": 42,
            "research_to_sale_ratio": 6.21,
            "price_fair": 240.54,
            "eps_avg_yearly": 6.87,
            "eps_latest_yearly": 7.48,
            "eps_growth_yearly": 117.16
        },
        "20193": {
            "year_quarter": 20193,
            "year": 2019,
            "quarter": 3,
            "eps": 3.9,
            "eps_growth_year": 129.41,
            "eps_4q": 7.95,
            "eps_4q_growth_year": -9.06,
            "roe": 6.01,
            "gross_profit": 2692774,
            "gross_margin": 42.05,
            "net_income": 1636716,
            "revenue": 6403619,
            "common_shares": 4240564,
            "equity": 28556552,
            "current_ratio": 253.32,
            "debt_ratio": 29.63,
            "inventory_turnover_ratio": 0.84,
            "account_receivable_turnover_ratio": 3.14,
            "reinvestment_rate": 45.9,
            "research_to_sale_ratio": 4.26,
            "price_fair": 263.11,
            "eps_avg_yearly": 7.52,
            "eps_latest_yearly": 15.6,
            "eps_growth_yearly": 123.47
        },
        "20194": {
            "year_quarter": 20194,
            "year": 2019,
            "quarter": 4,
            "eps": 4.39,
            "eps_growth_year": 144.95,
            "eps_4q": 10.55,
            "eps_4q_growth_year": 43.12,
            "roe": 6.3,
            "gross_profit": 3052239,
            "gross_margin": 44.21,
            "net_income": 1839648,
            "revenue": 6903636,
            "common_shares": 4240564,
            "equity": 29839532,
            "current_ratio": 228.43,
            "debt_ratio": 29.17,
            "inventory_turnover_ratio": 0.88,
            "account_receivable_turnover_ratio": 2.98,
            "reinvestment_rate": 36.3,
            "research_to_sale_ratio": 4.01,
            "price_fair": 291.11,
            "eps_avg_yearly": 8.32,
            "eps_latest_yearly": 17.56,
            "eps_growth_yearly": 129.07
        },
        "20201": {
            "year_quarter": 20201,
            "year": 2020,
            "quarter": 1,
            "eps": 3.76,
            "eps_growth_year": 817.07,
            "eps_4q": 13.89,
            "eps_4q_growth_year": 129.75,
            "roe": 5.4,
            "gross_profit": 2611497,
            "gross_margin": 43.02,
            "net_income": 1575134,
            "revenue": 6071022,
            "common_shares": 4240564,
            "equity": 28463296,
            "current_ratio": 142.24,
            "debt_ratio": 33.8,
            "inventory_turnover_ratio": 0.74,
            "account_receivable_turnover_ratio": 2.58,
            "reinvestment_rate": 38.89,
            "research_to_sale_ratio": 4.59,
            "price_fair": 311.68,
            "eps_avg_yearly": 8.91,
            "eps_latest_yearly": 15.04,
            "eps_growth_yearly": 120.86
        },
        "20202": {
            "year_quarter": 20202,
            "year": 2020,
            "quarter": 2,
            "eps": 3.94,
            "eps_growth_year": 110.7,
            "eps_4q": 15.96,
            "eps_4q_growth_year": 177.29,
            "roe": 5.5,
            "gross_profit": 2706732,
            "gross_margin": 44.76,
            "net_income": 1650531,
            "revenue": 6047725,
            "common_shares": 4240564,
            "equity": 31539767,
            "current_ratio": 171.8,
            "debt_ratio": 33.13,
            "inventory_turnover_ratio": 0.65,
            "account_receivable_turnover_ratio": 2.62,
            "reinvestment_rate": 34.97,
            "research_to_sale_ratio": 4.71,
            "price_fair": 335.74,
            "eps_avg_yearly": 9.59,
            "eps_latest_yearly": 15.76,
            "eps_growth_yearly": 125.96
        },
        "20203": {
            "year_quarter": 20203,
            "year": 2020,
            "quarter": 3,
            "eps": 4.68,
            "eps_growth_year": 20,
            "eps_4q": 16.73,
            "eps_4q_growth_year": 110.4,
            "roe": 6.1,
            "gross_profit": 2851066,
            "gross_margin": 43.42,
            "net_income": 1967443,
            "revenue": 6566378,
            "common_shares": 4240564,
            "equity": 32937706,
            "current_ratio": 279.29,
            "debt_ratio": 33.73,
            "inventory_turnover_ratio": 0.68,
            "account_receivable_turnover_ratio": 3.22,
            "reinvestment_rate": 41.53,
            "research_to_sale_ratio": 4.21,
            "price_fair": 357.96,
            "eps_avg_yearly": 10.23,
            "eps_latest_yearly": 18.72,
            "eps_growth_yearly": 110.7
        },
        "20204": {
            "year_quarter": 20204,
            "year": 2020,
            "quarter": 4,
            "eps": 3.06,
            "eps_growth_year": -30.42,
            "eps_4q": 15.4,
            "eps_4q_growth_year": 45.91,
            "roe": 3.72,
            "gross_profit": 2399206,
            "gross_margin": 34.97,
            "net_income": 1275503,
            "revenue": 6861080,
            "common_shares": 4240564,
            "equity": 35730452,
            "current_ratio": 260.8,
            "debt_ratio": 34.68,
            "inventory_turnover_ratio": 0.81,
            "account_receivable_turnover_ratio": 3.61,
            "reinvestment_rate": 54.19,
            "research_to_sale_ratio": 4.2,
            "price_fair": 372.58,
            "eps_avg_yearly": 10.65,
            "eps_latest_yearly": 12.24,
            "eps_growth_yearly": 110.8
        },
        "20211": {
            "year_quarter": 20211,
            "year": 2021,
            "quarter": 1,
            "eps": 2.72,
            "eps_growth_year": -27.66,
            "eps_4q": 14.36,
            "eps_4q_growth_year": 3.37,
            "roe": 3.18,
            "gross_profit": 2011734,
            "gross_margin": 33.48,
            "net_income": 1095156,
            "revenue": 6009383,
            "common_shares": 4240414,
            "equity": 33230491,
            "current_ratio": 279.26,
            "debt_ratio": 52.63,
            "inventory_turnover_ratio": 0.7,
            "account_receivable_turnover_ratio": 2.98,
            "reinvestment_rate": 57.88,
            "research_to_sale_ratio": 5.39,
            "price_fair": 385.61,
            "eps_avg_yearly": 11.02,
            "eps_latest_yearly": 10.88,
            "eps_growth_yearly": 110.9
        },
        "20212": {
            "year_quarter": 20212,
            "year": 2021,
            "quarter": 2,
            "eps": 2.32,
            "eps_growth_year": -41.12,
            "eps_4q": 12.75,
            "eps_4q_growth_year": -20.1,
            "roe": 2.73,
            "gross_profit": 2212324,
            "gross_margin": 35.71,
            "net_income": 929542,
            "revenue": 6194629,
            "common_shares": 4240414,
            "equity": 34942244,
            "current_ratio": 265.8,
            "debt_ratio": 51.85,
            "inventory_turnover_ratio": 0.66,
            "account_receivable_turnover_ratio": 3.02,
            "reinvestment_rate": 66.8,
            "research_to_sale_ratio": 5.71,
            "price_fair": 389.73,
            "eps_avg_yearly": 11.14,
            "eps_latest_yearly": 9.28,
            "eps_growth_yearly": 94.63
        },
        "20213": {
            "year_quarter": 20213,
            "year": 2021,
            "quarter": 3,
            "eps": 3.67,
            "eps_growth_year": -21.58,
            "eps_4q": 11.74,
            "eps_4q_growth_year": -29.82,
            "roe": 4.28,
            "gross_profit": 2623396,
            "gross_margin": 38.8,
            "net_income": 1495940,
            "revenue": 6761092,
            "common_shares": 4240414,
            "equity": 34977568,
            "current_ratio": 217.62,
            "debt_ratio": 51.42,
            "inventory_turnover_ratio": 0.65,
            "account_receivable_turnover_ratio": 3.22,
            "reinvestment_rate": 114.55,
            "research_to_sale_ratio": 4.7,
            "price_fair": 396.2,
            "eps_avg_yearly": 11.32,
            "eps_latest_yearly": 14.68,
            "eps_growth_yearly": 94.58
        },
        "20214": {
            "year_quarter": 20214,
            "year": 2021,
            "quarter": 4,
            "eps": 4.18,
            "eps_growth_year": 36.79,
            "eps_4q": 12.87,
            "eps_4q_growth_year": -16.43,
            "roe": 4.69,
            "gross_profit": 2922640,
            "gross_margin": 40.5,
            "net_income": 1689776,
            "revenue": 7217272,
            "common_shares": 4239764,
            "equity": 37121996,
            "current_ratio": 366.67,
            "debt_ratio": 50.43,
            "inventory_turnover_ratio": 0.65,
            "account_receivable_turnover_ratio": 3,
            "reinvestment_rate": 119.17,
            "research_to_sale_ratio": 4.66,
            "price_fair": 405.04,
            "eps_avg_yearly": 11.57,
            "eps_latest_yearly": 16.72,
            "eps_growth_yearly": 96.01
        },
        "20221": {
            "year_quarter": 20221,
            "year": 2022,
            "quarter": 1,
            "eps": 2.08,
            "eps_growth_year": -23.53,
            "eps_4q": 12.23,
            "eps_4q_growth_year": -14.82,
            "roe": 2.18,
            "gross_profit": 1714161,
            "gross_margin": 30.63,
            "net_income": 786058,
            "revenue": 5596993,
            "common_shares": 4239764,
            "equity": 34895926,
            "current_ratio": 210.3,
            "debt_ratio": 52.89,
            "inventory_turnover_ratio": 0.6,
            "account_receivable_turnover_ratio": 2.36,
            "reinvestment_rate": 128.63,
            "research_to_sale_ratio": 6.2,
            "price_fair": 408.01,
            "eps_avg_yearly": 11.66,
            "eps_latest_yearly": 8.32,
            "eps_growth_yearly": 94.72
        },
        "20222": {
            "year_quarter": 20222,
            "year": 2022,
            "quarter": 2,
            "eps": 1.52,
            "eps_growth_year": -34.48,
            "eps_4q": 11.44,
            "eps_4q_growth_year": -10.25,
            "roe": 1.56,
            "gross_profit": 1600707,
            "gross_margin": 30.22,
            "net_income": 544171,
            "revenue": 5297325,
            "common_shares": 4239764,
            "equity": 34970998,
            "current_ratio": 210.35,
            "debt_ratio": 51.94,
            "inventory_turnover_ratio": 0.6,
            "account_receivable_turnover_ratio": 2.76,
            "reinvestment_rate": 140.98,
            "research_to_sale_ratio": 7.63,
            "price_fair": 402.41,
            "eps_avg_yearly": 11.5,
            "eps_latest_yearly": 6.08,
            "eps_growth_yearly": 81.96
        },
        "20223": {
            "year_quarter": 20223,
            "year": 2022,
            "quarter": 3,
            "eps": 0.83,
            "eps_growth_year": -77.38,
            "eps_4q": 8.61,
            "eps_4q_growth_year": -26.68,
            "roe": 0.7,
            "gross_profit": 624334,
            "gross_margin": 15.97,
            "net_income": 244734,
            "revenue": 3908742,
            "common_shares": 4239404,
            "equity": 35376321,
            "current_ratio": 337.76,
            "debt_ratio": 49.75,
            "inventory_turnover_ratio": 0.57,
            "account_receivable_turnover_ratio": 2.49,
            "reinvestment_rate": 144.85,
            "research_to_sale_ratio": 11.47,
            "price_fair": 394.8,
            "eps_avg_yearly": 11.28,
            "eps_latest_yearly": 3.32,
            "eps_growth_yearly": 75.93
        },
        "20224": {
            "year_quarter": 20224,
            "year": 2022,
            "quarter": 4,
            "eps": -0.18,
            "eps_growth_year": -104.28,
            "eps_4q": 4.25,
            "eps_4q_growth_year": -66.96,
            "roe": -0.46,
            "gross_profit": 785530,
            "gross_margin": 22.24,
            "net_income": -160708,
            "revenue": 3531276,
            "common_shares": 4239404,
            "equity": 35189544,
            "current_ratio": 275.54,
            "debt_ratio": 49.1,
            "inventory_turnover_ratio": 0.5,
            "account_receivable_turnover_ratio": 3.17,
            "reinvestment_rate": 149.27,
            "research_to_sale_ratio": 13.7,
            "price_fair": 404.41,
            "eps_avg_yearly": 11.55,
            "eps_latest_yearly": 3.32,
            "eps_growth_yearly": 79.58
        },
        "20231": {
            "year_quarter": 20231,
            "year": 2023,
            "quarter": 1,
            "eps": -0.95,
            "eps_growth_year": -145.67,
            "eps_4q": 1.22,
            "eps_4q_growth_year": -90.01,
            "roe": -1.38,
            "gross_profit": 326098,
            "gross_margin": 11.4,
            "net_income": -478623,
            "revenue": 2859558,
            "common_shares": 4239404,
            "equity": 34088630,
            "current_ratio": 95.95,
            "debt_ratio": 50.68,
            "inventory_turnover_ratio": 0.47,
            "account_receivable_turnover_ratio": 3.38,
            "reinvestment_rate": 153.5,
            "research_to_sale_ratio": 17.63,
            "price_fair": 429.2,
            "eps_avg_yearly": 12.26,
            "eps_latest_yearly": 3.32,
            "eps_growth_yearly": 107.3
        }
    },
    "months": {
        "2009-10": {
            "month": "2009-10",
            "price": "28.50",
            "revenue": 548197
        },
        "2009-11": {
            "month": "2009-11",
            "price": "25.97",
            "revenue": 513880
        },
        "2009-12": {
            "month": "2009-12",
            "price": "27.67",
            "revenue": 491755
        },
        "2010-01": {
            "month": "2010-01",
            "price": "26.80",
            "revenue": 384395
        },
        "2010-02": {
            "month": "2010-02",
            "price": "24.46",
            "revenue": 426942
        },
        "2010-03": {
            "month": "2010-03",
            "price": "26.79",
            "revenue": 542835
        },
        "2010-04": {
            "month": "2010-04",
            "price": "27.36",
            "revenue": 609541
        },
        "2010-05": {
            "month": "2010-05",
            "price": "26.06",
            "revenue": 645360
        },
        "2010-06": {
            "month": "2010-06",
            "price": "26.27",
            "revenue": 660362
        },
        "2010-07": {
            "month": "2010-07",
            "price": "26.95",
            "revenue": 662390
        },
        "2010-08": {
            "month": "2010-08",
            "price": "25.65",
            "revenue": 666950
        },
        "2010-09": {
            "month": "2010-09",
            "price": "26.23",
            "revenue": 669679
        },
        "2010-10": {
            "month": "2010-10",
            "price": "26.41",
            "revenue": 586955
        },
        "2010-11": {
            "month": "2010-11",
            "price": "24.50",
            "revenue": 562314
        },
        "2010-12": {
            "month": "2010-12",
            "price": "23.49",
            "revenue": 563928
        },
        "2011-01": {
            "month": "2011-01",
            "price": "28.87",
            "revenue": 565680
        },
        "2011-02": {
            "month": "2011-02",
            "price": "34.99",
            "revenue": 619428
        },
        "2011-03": {
            "month": "2011-03",
            "price": "36.36",
            "revenue": 657653
        },
        "2011-04": {
            "month": "2011-04",
            "price": "39.07",
            "revenue": 677467
        },
        "2011-05": {
            "month": "2011-05",
            "price": "36.56",
            "revenue": 703833
        },
        "2011-06": {
            "month": "2011-06",
            "price": "37.78",
            "revenue": 778240
        },
        "2011-07": {
            "month": "2011-07",
            "price": "37.51",
            "revenue": 786242
        },
        "2011-08": {
            "month": "2011-08",
            "price": "30.71",
            "revenue": 791029
        },
        "2011-09": {
            "month": "2011-09",
            "price": "28.32",
            "revenue": 806477
        },
        "2011-10": {
            "month": "2011-10",
            "price": "27.51",
            "revenue": 832308
        },
        "2011-11": {
            "month": "2011-11",
            "price": "29.58",
            "revenue": 832936
        },
        "2011-12": {
            "month": "2011-12",
            "price": "28.01",
            "revenue": 849981
        },
        "2012-01": {
            "month": "2012-01",
            "price": "36.17",
            "revenue": 753401
        },
        "2012-02": {
            "month": "2012-02",
            "price": "43.54",
            "revenue": 787948
        },
        "2012-03": {
            "month": "2012-03",
            "price": "48.25",
            "revenue": 975569
        },
        "2012-04": {
            "month": "2012-04",
            "price": "44.88",
            "revenue": 1065146
        },
        "2012-05": {
            "month": "2012-05",
            "price": "44.44",
            "revenue": 1066692
        },
        "2012-06": {
            "month": "2012-06",
            "price": "38.89",
            "revenue": 1016517
        },
        "2012-07": {
            "month": "2012-07",
            "price": "36.60",
            "revenue": 1017057
        },
        "2012-08": {
            "month": "2012-08",
            "price": "38.13",
            "revenue": 840472
        },
        "2012-09": {
            "month": "2012-09",
            "price": "37.97",
            "revenue": 900541
        },
        "2012-10": {
            "month": "2012-10",
            "price": "31.82",
            "revenue": 906935
        },
        "2012-11": {
            "month": "2012-11",
            "price": "31.72",
            "revenue": 947197
        },
        "2012-12": {
            "month": "2012-12",
            "price": "33.94",
            "revenue": 960487
        },
        "2013-01": {
            "month": "2013-01",
            "price": "33.22",
            "revenue": 961708
        },
        "2013-02": {
            "month": "2013-02",
            "price": "32.29",
            "revenue": 884325
        },
        "2013-03": {
            "month": "2013-03",
            "price": "31.30",
            "revenue": 1002017
        },
        "2013-04": {
            "month": "2013-04",
            "price": "33.24",
            "revenue": 1030597
        },
        "2013-05": {
            "month": "2013-05",
            "price": "36.71",
            "revenue": 1073360
        },
        "2013-06": {
            "month": "2013-06",
            "price": "34.14",
            "revenue": 1079777
        },
        "2013-07": {
            "month": "2013-07",
            "price": "32.87",
            "revenue": 1084155
        },
        "2013-08": {
            "month": "2013-08",
            "price": "30.00",
            "revenue": 838930
        },
        "2013-09": {
            "month": "2013-09",
            "price": "27.35",
            "revenue": 600045
        },
        "2013-10": {
            "month": "2013-10",
            "price": "26.86",
            "revenue": 632759
        },
        "2013-11": {
            "month": "2013-11",
            "price": "24.88",
            "revenue": 641472
        },
        "2013-12": {
            "month": "2013-12",
            "price": "26.68",
            "revenue": 652159
        },
        "2014-01": {
            "month": "2014-01",
            "price": "27.86",
            "revenue": 571162
        },
        "2014-02": {
            "month": "2014-02",
            "price": "26.86",
            "revenue": 518139
        },
        "2014-03": {
            "month": "2014-03",
            "price": "26.52",
            "revenue": 577725
        },
        "2014-04": {
            "month": "2014-04",
            "price": "26.72",
            "revenue": 675613
        },
        "2014-05": {
            "month": "2014-05",
            "price": "27.77",
            "revenue": 868328
        },
        "2014-06": {
            "month": "2014-06",
            "price": "30.14",
            "revenue": 917095
        },
        "2014-07": {
            "month": "2014-07",
            "price": "28.90",
            "revenue": 964257
        },
        "2014-08": {
            "month": "2014-08",
            "price": "28.63",
            "revenue": 1035684
        },
        "2014-09": {
            "month": "2014-09",
            "price": "29.93",
            "revenue": 1068683
        },
        "2014-10": {
            "month": "2014-10",
            "price": "28.10",
            "revenue": 1017428
        },
        "2014-11": {
            "month": "2014-11",
            "price": "28.72",
            "revenue": 869608
        },
        "2014-12": {
            "month": "2014-12",
            "price": "29.60",
            "revenue": 825737
        },
        "2015-01": {
            "month": "2015-01",
            "price": "33.21",
            "revenue": 866320
        },
        "2015-02": {
            "month": "2015-02",
            "price": "34.71",
            "revenue": 900535
        },
        "2015-03": {
            "month": "2015-03",
            "price": "39.80",
            "revenue": 1039788
        },
        "2015-04": {
            "month": "2015-04",
            "price": "41.16",
            "revenue": 1041861
        },
        "2015-05": {
            "month": "2015-05",
            "price": "44.28",
            "revenue": 1024001
        },
        "2015-06": {
            "month": "2015-06",
            "price": "44.02",
            "revenue": 1033125
        },
        "2015-07": {
            "month": "2015-07",
            "price": "37.24",
            "revenue": 906497
        },
        "2015-08": {
            "month": "2015-08",
            "price": "28.42",
            "revenue": 972818
        },
        "2015-09": {
            "month": "2015-09",
            "price": "35.21",
            "revenue": 1032788
        },
        "2015-10": {
            "month": "2015-10",
            "price": "41.16",
            "revenue": 1048216
        },
        "2015-11": {
            "month": "2015-11",
            "price": "48.54",
            "revenue": 1063705
        },
        "2015-12": {
            "month": "2015-12",
            "price": "50.48",
            "revenue": 1085063
        },
        "2016-01": {
            "month": "2016-01",
            "price": "50.29",
            "revenue": 1088596
        },
        "2016-02": {
            "month": "2016-02",
            "price": "53.77",
            "revenue": 1084586
        },
        "2016-03": {
            "month": "2016-03",
            "price": "61.65",
            "revenue": 1114957
        },
        "2016-04": {
            "month": "2016-04",
            "price": "63.32",
            "revenue": 1135612
        },
        "2016-05": {
            "month": "2016-05",
            "price": "61.72",
            "revenue": 1207459
        },
        "2016-06": {
            "month": "2016-06",
            "price": "65.90",
            "revenue": 1215649
        },
        "2016-07": {
            "month": "2016-07",
            "price": "61.32",
            "revenue": 1228823
        },
        "2016-08": {
            "month": "2016-08",
            "price": "62.23",
            "revenue": 1207885
        },
        "2016-09": {
            "month": "2016-09",
            "price": "70.17",
            "revenue": 1110989
        },
        "2016-10": {
            "month": "2016-10",
            "price": "92.24",
            "revenue": 1044189
        },
        "2016-11": {
            "month": "2016-11",
            "price": "84.24",
            "revenue": 1088725
        },
        "2016-12": {
            "month": "2016-12",
            "price": "90.12",
            "revenue": 1077940
        },
        "2017-01": {
            "month": "2017-01",
            "price": "89.00",
            "revenue": 1083750
        },
        "2017-02": {
            "month": "2017-02",
            "price": "115.53",
            "revenue": 1005138
        },
        "2017-03": {
            "month": "2017-03",
            "price": "129.26",
            "revenue": 1181784
        },
        "2017-04": {
            "month": "2017-04",
            "price": "127.97",
            "revenue": 1251573
        },
        "2017-05": {
            "month": "2017-05",
            "price": "128.32",
            "revenue": 1270953
        },
        "2017-06": {
            "month": "2017-06",
            "price": "151.59",
            "revenue": 1292701
        },
        "2017-07": {
            "month": "2017-07",
            "price": "170.83",
            "revenue": 1368888
        },
        "2017-08": {
            "month": "2017-08",
            "price": "173.48",
            "revenue": 1418002
        },
        "2017-09": {
            "month": "2017-09",
            "price": "184.05",
            "revenue": 1608019
        },
        "2017-10": {
            "month": "2017-10",
            "price": "231.03",
            "revenue": 1754184
        },
        "2017-11": {
            "month": "2017-11",
            "price": "280.43",
            "revenue": 1887080
        },
        "2017-12": {
            "month": "2017-12",
            "price": "294.36",
            "revenue": 1935811
        },
        "2018-01": {
            "month": "2018-01",
            "price": "268.98",
            "revenue": 1632206
        },
        "2018-02": {
            "month": "2018-02",
            "price": "253.65",
            "revenue": 1388961
        },
        "2018-03": {
            "month": "2018-03",
            "price": "296.39",
            "revenue": 1442636
        },
        "2018-04": {
            "month": "2018-04",
            "price": "286.42",
            "revenue": 1491975
        },
        "2018-05": {
            "month": "2018-05",
            "price": "258.02",
            "revenue": 1531647
        },
        "2018-06": {
            "month": "2018-06",
            "price": "242.10",
            "revenue": 1543443
        },
        "2018-07": {
            "month": "2018-07",
            "price": "200.45",
            "revenue": 1391796
        },
        "2018-08": {
            "month": "2018-08",
            "price": "159.35",
            "revenue": 1346672
        },
        "2018-09": {
            "month": "2018-09",
            "price": "148.34",
            "revenue": 1316196
        },
        "2018-10": {
            "month": "2018-10",
            "price": "113.55",
            "revenue": 1391243
        },
        "2018-11": {
            "month": "2018-11",
            "price": "109.02",
            "revenue": 1395067
        },
        "2018-12": {
            "month": "2018-12",
            "price": "120.67",
            "revenue": 1427799
        },
        "2019-01": {
            "month": "2019-01",
            "price": "129.38",
            "revenue": 1256976
        },
        "2019-02": {
            "month": "2019-02",
            "price": "168.38",
            "revenue": 1103788
        },
        "2019-03": {
            "month": "2019-03",
            "price": "186.80",
            "revenue": 1249429
        },
        "2019-04": {
            "month": "2019-04",
            "price": "215.28",
            "revenue": 1282531
        },
        "2019-05": {
            "month": "2019-05",
            "price": "182.18",
            "revenue": 1393834
        },
        "2019-06": {
            "month": "2019-06",
            "price": "188.18",
            "revenue": 1776609
        },
        "2019-07": {
            "month": "2019-07",
            "price": "238.22",
            "revenue": 2004574
        },
        "2019-08": {
            "month": "2019-08",
            "price": "263.14",
            "revenue": 2086961
        },
        "2019-09": {
            "month": "2019-09",
            "price": "274.71",
            "revenue": 2291790
        },
        "2019-10": {
            "month": "2019-10",
            "price": "304.43",
            "revenue": 2323504
        },
        "2019-11": {
            "month": "2019-11",
            "price": "315.00",
            "revenue": 2289060
        },
        "2019-12": {
            "month": "2019-12",
            "price": "293.20",
            "revenue": 2291313
        },
        "2020-01": {
            "month": "2020-01",
            "price": "286.23",
            "revenue": 2017062
        },
        "2020-02": {
            "month": "2020-02",
            "price": "290.05",
            "revenue": 1964205
        },
        "2020-03": {
            "month": "2020-03",
            "price": "252.09",
            "revenue": 2079356
        },
        "2020-04": {
            "month": "2020-04",
            "price": "266.05",
            "revenue": 2013550
        },
        "2020-05": {
            "month": "2020-05",
            "price": "259.48",
            "revenue": 1985026
        },
        "2020-06": {
            "month": "2020-06",
            "price": "287.80",
            "revenue": 2003367
        },
        "2020-07": {
            "month": "2020-07",
            "price": "317.54",
            "revenue": 2073991
        },
        "2020-08": {
            "month": "2020-08",
            "price": "291.43",
            "revenue": 2194494
        },
        "2020-09": {
            "month": "2020-09",
            "price": "291.68",
            "revenue": 2218938
        },
        "2020-10": {
            "month": "2020-10",
            "price": "307.53",
            "revenue": 2239985
        },
        "2020-11": {
            "month": "2020-11",
            "price": "323.95",
            "revenue": 2277537
        },
        "2020-12": {
            "month": "2020-12",
            "price": "344.85",
            "revenue": 2299748
        },
        "2021-01": {
            "month": "2021-01",
            "price": "412.62",
            "revenue": 2105251
        },
        "2021-02": {
            "month": "2021-02",
            "price": "399.35",
            "revenue": 1907030
        },
        "2021-03": {
            "month": "2021-03",
            "price": "384.39",
            "revenue": 1988936
        },
        "2021-04": {
            "month": "2021-04",
            "price": "376.84",
            "revenue": 2024120
        },
        "2021-05": {
            "month": "2021-05",
            "price": "321.29",
            "revenue": 2060141
        },
        "2021-06": {
            "month": "2021-06",
            "price": "355.19",
            "revenue": 2057822
        },
        "2021-07": {
            "month": "2021-07",
            "price": "371.86",
            "revenue": 2191486
        },
        "2021-08": {
            "month": "2021-08",
            "price": "330.75",
            "revenue": 2253612
        },
        "2021-09": {
            "month": "2021-09",
            "price": "326.05",
            "revenue": 2300416
        },
        "2021-10": {
            "month": "2021-10",
            "price": "307.28",
            "revenue": 2365339
        },
        "2021-11": {
            "month": "2021-11",
            "price": "353.43",
            "revenue": 2382447
        },
        "2021-12": {
            "month": "2021-12",
            "price": "370.73",
            "revenue": 2342525
        },
        "2022-01": {
            "month": "2022-01",
            "price": "348.89",
            "revenue": 1924951
        },
        "2022-02": {
            "month": "2022-02",
            "price": "320.00",
            "revenue": 1789838
        },
        "2022-03": {
            "month": "2022-03",
            "price": "290.37",
            "revenue": 1848079
        },
        "2022-04": {
            "month": "2022-04",
            "price": "229.82",
            "revenue": 1800841
        },
        "2022-05": {
            "month": "2022-05",
            "price": "200.29",
            "revenue": 1828715
        },
        "2022-06": {
            "month": "2022-06",
            "price": "213.05",
            "revenue": 1591812
        },
        "2022-07": {
            "month": "2022-07",
            "price": "172.00",
            "revenue": 1365800
        },
        "2022-08": {
            "month": "2022-08",
            "price": "167.37",
            "revenue": 1386395
        },
        "2022-09": {
            "month": "2022-09",
            "price": "152.21",
            "revenue": 1194114
        },
        "2022-10": {
            "month": "2022-10",
            "price": "124.05",
            "revenue": 1208779
        },
        "2022-11": {
            "month": "2022-11",
            "price": "147.09",
            "revenue": 1215947
        },
        "2022-12": {
            "month": "2022-12",
            "price": "147.20",
            "revenue": 1085372
        },
        "2023-01": {
            "month": "2023-01",
            "price": "170.42",
            "revenue": 872503
        },
        "2023-02": {
            "month": "2023-02",
            "price": "175.44",
            "revenue": 857650
        },
        "2023-03": {
            "month": "2023-03",
            "price": "172.50",
            "revenue": 915406
        },
        "2023-04": {
            "month": "2023-04",
            "price": "175.82",
            "revenue": 1072905
        }
    }
}
