{
    "summary": {
        "stock_name": "好德",
        "stock_id": "3114",
        "category": "電子零組件",
        "main_business": "電子零組件進出口代理及買賣業務<br>印刷電路板設備及相關化學品之代理、買賣業務<br>系統整合業務及相關產品維護業務",
        "website_url": "http://www.howteh.com.tw",
        "ceo": "吳麗山",
        "pe_ratio": 20,
        "report_year_from": 2001,
        "report_year_to": 2023,
        "age": 23,
        "eps_negative_percentage": 5,
        "eps_growth_avg": {
            "last_all": 0.08,
            "last_2y": 10.32,
            "last_4y": -3.91,
            "last_8y": 13.08,
            "last_12y": 16.51,
            "last_16y": -3.43,
            "last_20y": 0.08,
            "at_2006_last_3y": 14.13,
            "at_2007_last_3y": -11.83,
            "at_2008_last_3y": -24.72,
            "at_2009_last_3y": -38.28,
            "at_2010_last_3y": -63.28,
            "at_2011_last_3y": -83.09,
            "at_2012_last_3y": -70.78,
            "at_2013_last_3y": -32.79,
            "at_2014_last_3y": 26.81,
            "at_2015_last_3y": 20.11,
            "at_2016_last_3y": 9.57,
            "at_2017_last_3y": 29.02,
            "at_2018_last_3y": 34.32,
            "at_2019_last_3y": 29.65,
            "at_2020_last_3y": 37.38,
            "at_2021_last_3y": 21.51,
            "at_2022_last_3y": 7,
            "at_2023_last_3y": -0.21,
            "at_2024_last_3y": -0.21,
            "at_2006_last_all": 14.13,
            "at_2007_last_all": 10.54,
            "at_2008_last_all": -0.8,
            "at_2009_last_all": -13.8,
            "at_2010_last_all": -24.57,
            "at_2011_last_all": -24.57,
            "at_2012_last_all": -24.13,
            "at_2013_last_all": -19.49,
            "at_2014_last_all": -10.56,
            "at_2015_last_all": -9.68,
            "at_2016_last_all": -13.76,
            "at_2017_last_all": -5.63,
            "at_2018_last_all": 1.41,
            "at_2019_last_all": 0.15,
            "at_2020_last_all": -1.73,
            "at_2021_last_all": 0.4,
            "at_2022_last_all": 2.59,
            "at_2023_last_all": 0.08,
            "at_2024_last_all": 0.08
        },
        "latest_eps": 1.52,
        "latest_price": 29.75,
        "latest_roe": 6.15,
        "latest_gross_margin": 11.32,
        "latest_equity": 1615986,
        "latest_revenue": 771614,
        "latest_gross_profit": 87351,
        "latest_net_income": 64806,
        "latest_debt_ratio": 38.01,
        "latest_current_ratio": 214.04,
        "latest_account_receivable_turnover_ratio": 0.91,
        "latest_inventory_turnover_ratio": 2.62,
        "latest_reinvestment_rate": -0.93,
        "latest_research_to_sale_ratio": null
    },
    "eps_dividends": {
        "2001": {
            "cash": 0,
            "stock": 0,
            "eps": 0
        },
        "2002": {
            "cash": 1,
            "stock": 1.5,
            "eps": 1.44
        },
        "2003": {
            "cash": 1.5,
            "stock": 2,
            "eps": 3.54
        },
        "2004": {
            "cash": 1,
            "stock": 1.5,
            "eps": 3.33
        },
        "2005": {
            "cash": 2,
            "stock": 0.5,
            "eps": 2.08
        },
        "2006": {
            "cash": 0.8,
            "stock": 0.2,
            "eps": 2.08
        },
        "2007": {
            "cash": 1.9,
            "stock": 0.1,
            "eps": 2
        },
        "2008": {
            "cash": 1.9,
            "stock": 0.1,
            "eps": 0.85
        },
        "2009": {
            "cash": 0.53,
            "stock": 0.5,
            "eps": 0.07
        },
        "2010": {
            "cash": 0.2,
            "stock": 0.3,
            "eps": -0.18
        },
        "2011": {
            "cash": 0.2,
            "stock": 0,
            "eps": 0.68
        },
        "2012": {
            "cash": 0.4,
            "stock": 0,
            "eps": 0.54
        },
        "2013": {
            "cash": 0.5,
            "stock": 0,
            "eps": 0.66
        },
        "2014": {
            "cash": 0.6,
            "stock": 0,
            "eps": 1.18
        },
        "2015": {
            "cash": 0.8,
            "stock": 0,
            "eps": 1.18
        },
        "2016": {
            "cash": 0.8,
            "stock": 0,
            "eps": 0.44
        },
        "2017": {
            "cash": 0.5,
            "stock": 0,
            "eps": 1.43
        },
        "2018": {
            "cash": 0.6,
            "stock": 0.4,
            "eps": 3.21
        },
        "2019": {
            "cash": 1.5,
            "stock": 0.77,
            "eps": 2.61
        },
        "2020": {
            "cash": 1,
            "stock": 0.55,
            "eps": 1.78
        },
        "2021": {
            "cash": 1.2,
            "stock": 0,
            "eps": 2.43
        },
        "2022": {
            "cash": 0.9,
            "stock": 0.6,
            "eps": 3.45
        },
        "2023": {
            "cash": 1.3,
            "stock": 0.4,
            "eps": 1.81
        }
    },
    "dividends": {
        "2002-03-06": {
            "cash": 1,
            "stock": 1.5
        },
        "2003-05-15": {
            "cash": 1.5,
            "stock": 2
        },
        "2004-03-31": {
            "cash": 1,
            "stock": 1.5
        },
        "2005-03-28": {
            "cash": 2,
            "stock": 0.5
        },
        "2006-03-24": {
            "cash": 0.8,
            "stock": 0.2
        },
        "2007-03-28": {
            "cash": 1.9,
            "stock": 0.1
        },
        "2008-03-28": {
            "cash": 1.9,
            "stock": 0.1
        },
        "2009-03-26": {
            "cash": 0.53,
            "stock": 0.5
        },
        "2010-03-24": {
            "cash": 0.2,
            "stock": 0.3
        },
        "2011-03-23": {
            "cash": 0.2,
            "stock": 0
        },
        "2012-03-20": {
            "cash": 0.4,
            "stock": 0
        },
        "2013-06-18": {
            "cash": 0.5,
            "stock": 0
        },
        "2014-08-11": {
            "cash": 0.6,
            "stock": 0
        },
        "2015-08-28": {
            "cash": 0.8,
            "stock": 0
        },
        "2016-08-26": {
            "cash": 0.8,
            "stock": 0
        },
        "2017-08-02": {
            "cash": 0.5,
            "stock": 0
        },
        "2018-09-07": {
            "cash": 0.6,
            "stock": 0.4
        },
        "2019-08-22": {
            "cash": 1.5,
            "stock": 0.77
        },
        "2020-08-21": {
            "cash": 1,
            "stock": 0.55
        },
        "2021-09-10": {
            "cash": 1.2,
            "stock": 0
        },
        "2022-09-14": {
            "cash": 0.9,
            "stock": 0.6
        },
        "2023-09-04": {
            "cash": 1.3,
            "stock": 0.4
        }
    },
    "prices": {
        "200101": "無",
        "200102": "無",
        "200103": "無",
        "200104": "無",
        "200105": "無",
        "200106": "無",
        "200107": "無",
        "200108": "無",
        "200109": "無",
        "200110": "無",
        "200111": "無",
        "200112": "無",
        "200201": "無",
        "200202": "無",
        "200203": "無",
        "200204": "無",
        "200205": "無",
        "200206": "無",
        "200207": "無",
        "200208": "無",
        "200209": "無",
        "200210": "無",
        "200211": "無",
        "200212": "無",
        "200301": "無",
        "200302": "無",
        "200303": "無",
        "200304": "無",
        "200305": "無",
        "200306": "無",
        "200307": "無",
        "200308": "無",
        "200309": "無",
        "200310": "無",
        "200311": "無",
        "200312": "無",
        "200401": "36.33",
        "200402": "39.17",
        "200403": "39.74",
        "200404": "44.32",
        "200405": "37.28",
        "200406": "36.15",
        "200407": "31.47",
        "200408": "27.72",
        "200409": "26.21",
        "200410": "25.23",
        "200411": "24.24",
        "200412": "23.57",
        "200501": "21.38",
        "200502": "22.28",
        "200503": "23.83",
        "200504": "23.32",
        "200505": "23.15",
        "200506": "23.89",
        "200507": "24.58",
        "200508": "21.39",
        "200509": "18.51",
        "200510": "16.50",
        "200511": "16.61",
        "200512": "19.77",
        "200601": "20.26",
        "200602": "17.99",
        "200603": "17.01",
        "200604": "17.56",
        "200605": "18.28",
        "200606": "15.28",
        "200607": "14.69",
        "200608": "13.83",
        "200609": "14.19",
        "200610": "15.18",
        "200611": "18.37",
        "200612": "22.17",
        "200701": "18.47",
        "200702": "18.13",
        "200703": "17.48",
        "200704": "19.67",
        "200705": "19.40",
        "200706": "20.34",
        "200707": "21.48",
        "200708": "16.83",
        "200709": "18.56",
        "200710": "18.93",
        "200711": "17.82",
        "200712": "16.38",
        "200801": "15.39",
        "200802": "15.68",
        "200803": "16.74",
        "200804": "19.91",
        "200805": "19.94",
        "200806": "18.77",
        "200807": "16.96",
        "200808": "13.92",
        "200809": "11.45",
        "200810": "10.40",
        "200811": "10.21",
        "200812": "8.87",
        "200901": "7.37",
        "200902": "8.06",
        "200903": "9.06",
        "200904": "11.21",
        "200905": "11.94",
        "200906": "12.73",
        "200907": "13.62",
        "200908": "12.23",
        "200909": "12.48",
        "200910": "13.35",
        "200911": "12.86",
        "200912": "12.82",
        "201001": "13.38",
        "201002": "12.83",
        "201003": "13.72",
        "201004": "14.36",
        "201005": "14.32",
        "201006": "13.33",
        "201007": "13.75",
        "201008": "13.47",
        "201009": "13.41",
        "201010": "13.37",
        "201011": "12.77",
        "201012": "12.96",
        "201101": "13.08",
        "201102": "13.16",
        "201103": "13.28",
        "201104": "13.24",
        "201105": "13.10",
        "201106": "13.34",
        "201107": "16.64",
        "201108": "12.39",
        "201109": "11.40",
        "201110": "10.82",
        "201111": "12.57",
        "201112": "11.93",
        "201201": "12.16",
        "201202": "13.14",
        "201203": "12.17",
        "201204": "11.85",
        "201205": "11.11",
        "201206": "10.85",
        "201207": "10.48",
        "201208": "10.53",
        "201209": "10.78",
        "201210": "10.95",
        "201211": "11.41",
        "201212": "11.51",
        "201301": "11.97",
        "201302": "11.87",
        "201303": "13.15",
        "201304": "12.89",
        "201305": "13.04",
        "201306": "12.71",
        "201307": "12.57",
        "201308": "12.14",
        "201309": "11.81",
        "201310": "12.20",
        "201311": "11.91",
        "201312": "11.72",
        "201401": "12.14",
        "201402": "12.59",
        "201403": "13.89",
        "201404": "15.41",
        "201405": "16.09",
        "201406": "16.67",
        "201407": "17.12",
        "201408": "15.34",
        "201409": "15.28",
        "201410": "15.84",
        "201411": "16.28",
        "201412": "17.26",
        "201501": "16.60",
        "201502": "15.98",
        "201503": "16.48",
        "201504": "16.35",
        "201505": "15.40",
        "201506": "14.53",
        "201507": "13.33",
        "201508": "11.15",
        "201509": "11.32",
        "201510": "12.71",
        "201511": "14.23",
        "201512": "13.17",
        "201601": "11.97",
        "201602": "12.59",
        "201603": "13.20",
        "201604": "12.18",
        "201605": "10.91",
        "201606": "11.10",
        "201607": "12.22",
        "201608": "11.38",
        "201609": "11.30",
        "201610": "11.26",
        "201611": "10.71",
        "201612": "10.32",
        "201701": "10.42",
        "201702": "11.71",
        "201703": "11.69",
        "201704": "11.81",
        "201705": "12.10",
        "201706": "12.03",
        "201707": "13.20",
        "201708": "16.42",
        "201709": "16.82",
        "201710": "16.03",
        "201711": "16.13",
        "201712": "16.07",
        "201801": "16.89",
        "201802": "16.89",
        "201803": "21.40",
        "201804": "20.47",
        "201805": "24.04",
        "201806": "34.88",
        "201807": "43.85",
        "201808": "38.25",
        "201809": "32.55",
        "201810": "29.97",
        "201811": "28.81",
        "201812": "30.06",
        "201901": "27.86",
        "201902": "31.35",
        "201903": "35.79",
        "201904": "36.94",
        "201905": "35.01",
        "201906": "35.06",
        "201907": "37.00",
        "201908": "34.67",
        "201909": "33.42",
        "201910": "31.24",
        "201911": "30.09",
        "201912": "29.77",
        "202001": "29.50",
        "202002": "26.24",
        "202003": "20.83",
        "202004": "20.33",
        "202005": "21.78",
        "202006": "22.49",
        "202007": "22.38",
        "202008": "19.80",
        "202009": "19.02",
        "202010": "18.69",
        "202011": "19.16",
        "202012": "21.91",
        "202101": "22.88",
        "202102": "22.16",
        "202103": "22.99",
        "202104": "24.61",
        "202105": "24.42",
        "202106": "24.33",
        "202107": "26.21",
        "202108": "35.12",
        "202109": "26.61",
        "202110": "25.04",
        "202111": "26.64",
        "202112": "28.92",
        "202201": "27.77",
        "202202": "27.01",
        "202203": "26.37",
        "202204": "26.33",
        "202205": "27.33",
        "202206": "26.99",
        "202207": "25.57",
        "202208": "27.18",
        "202209": "26.73",
        "202210": "25.38",
        "202211": "26.01",
        "202212": "26.20",
        "202301": "25.47",
        "202302": "26.44",
        "202303": "27.54",
        "202304": "27.37",
        "202305": "26.67",
        "202306": "27.28",
        "202307": "29.05",
        "202308": "26.43",
        "202309": "27.36",
        "202310": "26.56",
        "202311": "26.82",
        "202312": "26.96"
    },
    "quarters": {
        "20011": {
            "year_quarter": 20011,
            "year": 2001,
            "quarter": 1,
            "eps": null,
            "eps_growth_year": null,
            "eps_4q": null,
            "eps_4q_growth_year": null,
            "roe": null,
            "roe_4q": 0,
            "gross_profit": null,
            "gross_margin": null,
            "gross_margin_4q_avg": 0,
            "net_income": null,
            "net_income_4q": null,
            "revenue": null,
            "revenue_4q": null,
            "common_shares": null,
            "book_valuer_per_share": null,
            "book_valuer_per_share_4q_avg": 0,
            "equity": null,
            "current_ratio": null,
            "debt_ratio": null,
            "inventory_turnover_ratio": null,
            "account_receivable_turnover_ratio": null,
            "reinvestment_rate": null,
            "research_to_sale_ratio": null,
            "price_fair": 0,
            "eps_avg_yearly": 0,
            "eps_latest_yearly": 0,
            "eps_growth_yearly": 0
        },
        "20012": {
            "year_quarter": 20012,
            "year": 2001,
            "quarter": 2,
            "eps": null,
            "eps_growth_year": null,
            "eps_4q": null,
            "eps_4q_growth_year": null,
            "roe": null,
            "roe_4q": 0,
            "gross_profit": null,
            "gross_margin": null,
            "gross_margin_4q_avg": 0,
            "net_income": null,
            "net_income_4q": null,
            "revenue": null,
            "revenue_4q": null,
            "common_shares": null,
            "book_valuer_per_share": null,
            "book_valuer_per_share_4q_avg": 0,
            "equity": null,
            "current_ratio": null,
            "debt_ratio": null,
            "inventory_turnover_ratio": null,
            "account_receivable_turnover_ratio": null,
            "reinvestment_rate": null,
            "research_to_sale_ratio": null,
            "price_fair": 0,
            "eps_avg_yearly": 0,
            "eps_latest_yearly": 0,
            "eps_growth_yearly": 0
        },
        "20013": {
            "year_quarter": 20013,
            "year": 2001,
            "quarter": 3,
            "eps": null,
            "eps_growth_year": null,
            "eps_4q": null,
            "eps_4q_growth_year": null,
            "roe": null,
            "roe_4q": 0,
            "gross_profit": null,
            "gross_margin": null,
            "gross_margin_4q_avg": 0,
            "net_income": null,
            "net_income_4q": null,
            "revenue": null,
            "revenue_4q": null,
            "common_shares": null,
            "book_valuer_per_share": null,
            "book_valuer_per_share_4q_avg": 0,
            "equity": null,
            "current_ratio": null,
            "debt_ratio": null,
            "inventory_turnover_ratio": null,
            "account_receivable_turnover_ratio": null,
            "reinvestment_rate": null,
            "research_to_sale_ratio": null,
            "price_fair": 0,
            "eps_avg_yearly": 0,
            "eps_latest_yearly": 0,
            "eps_growth_yearly": 0
        },
        "20014": {
            "year_quarter": 20014,
            "year": 2001,
            "quarter": 4,
            "eps": null,
            "eps_growth_year": null,
            "eps_4q": null,
            "eps_4q_growth_year": null,
            "roe": null,
            "roe_4q": 0,
            "gross_profit": null,
            "gross_margin": null,
            "gross_margin_4q_avg": 0,
            "net_income": null,
            "net_income_4q": null,
            "revenue": null,
            "revenue_4q": null,
            "common_shares": 243800,
            "book_valuer_per_share": 21.58,
            "book_valuer_per_share_4q_avg": 5.4,
            "equity": 526188,
            "current_ratio": 145.4,
            "debt_ratio": 58.86,
            "inventory_turnover_ratio": null,
            "account_receivable_turnover_ratio": null,
            "reinvestment_rate": null,
            "research_to_sale_ratio": null,
            "price_fair": 0,
            "eps_avg_yearly": 0,
            "eps_latest_yearly": 0,
            "eps_growth_yearly": 0
        },
        "20021": {
            "year_quarter": 20021,
            "year": 2002,
            "quarter": 1,
            "eps": null,
            "eps_growth_year": null,
            "eps_4q": null,
            "eps_4q_growth_year": null,
            "roe": null,
            "roe_4q": 0,
            "gross_profit": null,
            "gross_margin": null,
            "gross_margin_4q_avg": 0,
            "net_income": null,
            "net_income_4q": null,
            "revenue": null,
            "revenue_4q": null,
            "common_shares": null,
            "book_valuer_per_share": null,
            "book_valuer_per_share_4q_avg": 5.4,
            "equity": null,
            "current_ratio": null,
            "debt_ratio": null,
            "inventory_turnover_ratio": null,
            "account_receivable_turnover_ratio": null,
            "reinvestment_rate": null,
            "research_to_sale_ratio": null,
            "price_fair": 0,
            "eps_avg_yearly": 0,
            "eps_latest_yearly": 0,
            "eps_growth_yearly": 0
        },
        "20022": {
            "year_quarter": 20022,
            "year": 2002,
            "quarter": 2,
            "eps": null,
            "eps_growth_year": null,
            "eps_4q": null,
            "eps_4q_growth_year": null,
            "roe": null,
            "roe_4q": 0,
            "gross_profit": null,
            "gross_margin": null,
            "gross_margin_4q_avg": 0,
            "net_income": null,
            "net_income_4q": null,
            "revenue": null,
            "revenue_4q": null,
            "common_shares": null,
            "book_valuer_per_share": null,
            "book_valuer_per_share_4q_avg": 5.4,
            "equity": null,
            "current_ratio": null,
            "debt_ratio": null,
            "inventory_turnover_ratio": null,
            "account_receivable_turnover_ratio": null,
            "reinvestment_rate": null,
            "research_to_sale_ratio": null,
            "price_fair": 0,
            "eps_avg_yearly": 0,
            "eps_latest_yearly": 0,
            "eps_growth_yearly": 0
        },
        "20023": {
            "year_quarter": 20023,
            "year": 2002,
            "quarter": 3,
            "eps": 0.78,
            "eps_growth_year": null,
            "eps_4q": null,
            "eps_4q_growth_year": null,
            "roe": 3.9,
            "roe_4q": 3.9,
            "gross_profit": 68178,
            "gross_margin": 13.67,
            "gross_margin_4q_avg": 3.42,
            "net_income": 22071,
            "net_income_4q": null,
            "revenue": 498692,
            "revenue_4q": null,
            "common_shares": 283370,
            "book_valuer_per_share": 19.96,
            "book_valuer_per_share_4q_avg": 10.39,
            "equity": 565553,
            "current_ratio": 155.43,
            "debt_ratio": 55.29,
            "inventory_turnover_ratio": 1.02,
            "account_receivable_turnover_ratio": null,
            "reinvestment_rate": null,
            "research_to_sale_ratio": null,
            "price_fair": 0,
            "eps_avg_yearly": 0,
            "eps_latest_yearly": 0,
            "eps_growth_yearly": 0
        },
        "20024": {
            "year_quarter": 20024,
            "year": 2002,
            "quarter": 4,
            "eps": 0.66,
            "eps_growth_year": null,
            "eps_4q": null,
            "eps_4q_growth_year": null,
            "roe": 3.26,
            "roe_4q": 7.16,
            "gross_profit": 64914,
            "gross_margin": 12.53,
            "gross_margin_4q_avg": 6.55,
            "net_income": 18713,
            "net_income_4q": null,
            "revenue": 517909,
            "revenue_4q": null,
            "common_shares": 283370,
            "book_valuer_per_share": 20.61,
            "book_valuer_per_share_4q_avg": 10.14,
            "equity": 584162,
            "current_ratio": 157.06,
            "debt_ratio": 53.91,
            "inventory_turnover_ratio": 1.22,
            "account_receivable_turnover_ratio": null,
            "reinvestment_rate": null,
            "research_to_sale_ratio": null,
            "price_fair": 7.92,
            "eps_avg_yearly": 2.64,
            "eps_latest_yearly": 2.64,
            "eps_growth_yearly": -61.54
        },
        "20031": {
            "year_quarter": 20031,
            "year": 2003,
            "quarter": 1,
            "eps": 0.48,
            "eps_growth_year": null,
            "eps_4q": null,
            "eps_4q_growth_year": null,
            "roe": 2.31,
            "roe_4q": 9.47,
            "gross_profit": 56791,
            "gross_margin": 13.97,
            "gross_margin_4q_avg": 10.04,
            "net_income": 13661,
            "net_income_4q": null,
            "revenue": 406388,
            "revenue_4q": null,
            "common_shares": 283370,
            "book_valuer_per_share": 21.1,
            "book_valuer_per_share_4q_avg": 15.42,
            "equity": 597823,
            "current_ratio": 149.53,
            "debt_ratio": 55.56,
            "inventory_turnover_ratio": 1.07,
            "account_receivable_turnover_ratio": null,
            "reinvestment_rate": null,
            "research_to_sale_ratio": null,
            "price_fair": 6.84,
            "eps_avg_yearly": 2.28,
            "eps_latest_yearly": 1.92,
            "eps_growth_yearly": -85.31
        },
        "20032": {
            "year_quarter": 20032,
            "year": 2003,
            "quarter": 2,
            "eps": 1.3,
            "eps_growth_year": null,
            "eps_4q": 3.22,
            "eps_4q_growth_year": null,
            "roe": 6.21,
            "roe_4q": 15.68,
            "gross_profit": 76928,
            "gross_margin": 12.57,
            "gross_margin_4q_avg": 13.19,
            "net_income": 36826,
            "net_income_4q": null,
            "revenue": 612105,
            "revenue_4q": null,
            "common_shares": 283370,
            "book_valuer_per_share": 20.76,
            "book_valuer_per_share_4q_avg": 20.61,
            "equity": 588184,
            "current_ratio": 130.24,
            "debt_ratio": 64.51,
            "inventory_turnover_ratio": 1.38,
            "account_receivable_turnover_ratio": null,
            "reinvestment_rate": null,
            "research_to_sale_ratio": null,
            "price_fair": 113.87,
            "eps_avg_yearly": 3.25,
            "eps_latest_yearly": 5.2,
            "eps_growth_yearly": 170.9
        },
        "20033": {
            "year_quarter": 20033,
            "year": 2003,
            "quarter": 3,
            "eps": 0.89,
            "eps_growth_year": 14.1,
            "eps_4q": 2.9,
            "eps_4q_growth_year": null,
            "roe": 5.07,
            "roe_4q": 16.85,
            "gross_profit": 82646,
            "gross_margin": 10.95,
            "gross_margin_4q_avg": 12.51,
            "net_income": 30576,
            "net_income_4q": null,
            "revenue": 754493,
            "revenue_4q": null,
            "common_shares": 345050,
            "book_valuer_per_share": 17.89,
            "book_valuer_per_share_4q_avg": 20.09,
            "equity": 617408,
            "current_ratio": 136.69,
            "debt_ratio": 61.27,
            "inventory_turnover_ratio": 1.62,
            "account_receivable_turnover_ratio": null,
            "reinvestment_rate": null,
            "research_to_sale_ratio": null,
            "price_fair": 116.55,
            "eps_avg_yearly": 3.33,
            "eps_latest_yearly": 3.56,
            "eps_growth_yearly": 96.64
        },
        "20034": {
            "year_quarter": 20034,
            "year": 2003,
            "quarter": 4,
            "eps": 0.87,
            "eps_growth_year": 31.82,
            "eps_4q": 3.21,
            "eps_4q_growth_year": null,
            "roe": 4.76,
            "roe_4q": 18.349999999999998,
            "gross_profit": 103147,
            "gross_margin": 12.56,
            "gross_margin_4q_avg": 12.51,
            "net_income": 30139,
            "net_income_4q": null,
            "revenue": 821100,
            "revenue_4q": null,
            "common_shares": 345050,
            "book_valuer_per_share": 18.78,
            "book_valuer_per_share_4q_avg": 19.63,
            "equity": 648001,
            "current_ratio": 144.92,
            "debt_ratio": 61.42,
            "inventory_turnover_ratio": 1.94,
            "account_receivable_turnover_ratio": null,
            "reinvestment_rate": null,
            "research_to_sale_ratio": null,
            "price_fair": 117.6,
            "eps_avg_yearly": 3.36,
            "eps_latest_yearly": 3.48,
            "eps_growth_yearly": 75.51
        },
        "20041": {
            "year_quarter": 20041,
            "year": 2004,
            "quarter": 1,
            "eps": 1.12,
            "eps_growth_year": 133.33,
            "eps_4q": 3.95,
            "eps_4q_growth_year": null,
            "roe": 5.79,
            "roe_4q": 21.830000000000002,
            "gross_profit": 97719,
            "gross_margin": 14.31,
            "gross_margin_4q_avg": 12.6,
            "net_income": 38541,
            "net_income_4q": null,
            "revenue": 683064,
            "revenue_4q": null,
            "common_shares": 345050,
            "book_valuer_per_share": 19.83,
            "book_valuer_per_share_4q_avg": 19.32,
            "equity": 684075,
            "current_ratio": 147.12,
            "debt_ratio": 57.26,
            "inventory_turnover_ratio": 1.68,
            "account_receivable_turnover_ratio": null,
            "reinvestment_rate": null,
            "research_to_sale_ratio": null,
            "price_fair": 124.13,
            "eps_avg_yearly": 3.55,
            "eps_latest_yearly": 4.48,
            "eps_growth_yearly": 82.08
        },
        "20042": {
            "year_quarter": 20042,
            "year": 2004,
            "quarter": 2,
            "eps": 1.06,
            "eps_growth_year": -18.46,
            "eps_4q": 3.94,
            "eps_4q_growth_year": 22.32,
            "roe": 5.34,
            "roe_4q": 20.96,
            "gross_profit": 83758,
            "gross_margin": 13.16,
            "gross_margin_4q_avg": 12.75,
            "net_income": 36519,
            "net_income_4q": null,
            "revenue": 636461,
            "revenue_4q": null,
            "common_shares": 345050,
            "book_valuer_per_share": 19.79,
            "book_valuer_per_share_4q_avg": 19.07,
            "equity": 682695,
            "current_ratio": 144.03,
            "debt_ratio": 58.22,
            "inventory_turnover_ratio": 1.63,
            "account_receivable_turnover_ratio": null,
            "reinvestment_rate": null,
            "research_to_sale_ratio": null,
            "price_fair": 127.6,
            "eps_avg_yearly": 3.65,
            "eps_latest_yearly": 4.24,
            "eps_growth_yearly": 67.3
        },
        "20043": {
            "year_quarter": 20043,
            "year": 2004,
            "quarter": 3,
            "eps": 0.94,
            "eps_growth_year": 5.62,
            "eps_4q": 3.54,
            "eps_4q_growth_year": 21.89,
            "roe": 5.42,
            "roe_4q": 21.310000000000002,
            "gross_profit": 64640,
            "gross_margin": 11.8,
            "gross_margin_4q_avg": 12.96,
            "net_income": 38034,
            "net_income_4q": null,
            "revenue": 547944,
            "revenue_4q": null,
            "common_shares": 404810,
            "book_valuer_per_share": 17.82,
            "book_valuer_per_share_4q_avg": 19.06,
            "equity": 721222,
            "current_ratio": 145.92,
            "debt_ratio": 58.17,
            "inventory_turnover_ratio": 1.32,
            "account_receivable_turnover_ratio": null,
            "reinvestment_rate": null,
            "research_to_sale_ratio": null,
            "price_fair": 128.1,
            "eps_avg_yearly": 3.66,
            "eps_latest_yearly": 3.76,
            "eps_growth_yearly": 53.22
        },
        "20044": {
            "year_quarter": 20044,
            "year": 2004,
            "quarter": 4,
            "eps": 0.21,
            "eps_growth_year": -75.86,
            "eps_4q": 2.99,
            "eps_4q_growth_year": -6.84,
            "roe": 1.18,
            "roe_4q": 17.73,
            "gross_profit": 73859,
            "gross_margin": 12.59,
            "gross_margin_4q_avg": 12.97,
            "net_income": 8542,
            "net_income_4q": null,
            "revenue": 586767,
            "revenue_4q": null,
            "common_shares": 404810,
            "book_valuer_per_share": 17.87,
            "book_valuer_per_share_4q_avg": 18.83,
            "equity": 723468,
            "current_ratio": 157.64,
            "debt_ratio": 57.38,
            "inventory_turnover_ratio": 1.26,
            "account_receivable_turnover_ratio": null,
            "reinvestment_rate": null,
            "research_to_sale_ratio": null,
            "price_fair": 76.29,
            "eps_avg_yearly": 3.35,
            "eps_latest_yearly": 0.84,
            "eps_growth_yearly": 12.79
        },
        "20051": {
            "year_quarter": 20051,
            "year": 2005,
            "quarter": 1,
            "eps": 0.82,
            "eps_growth_year": -26.79,
            "eps_4q": 2.87,
            "eps_4q_growth_year": -27.43,
            "roe": 4.49,
            "roe_4q": 16.43,
            "gross_profit": 80221,
            "gross_margin": 13.34,
            "gross_margin_4q_avg": 12.72,
            "net_income": 33238,
            "net_income_4q": null,
            "revenue": 601253,
            "revenue_4q": null,
            "common_shares": 404810,
            "book_valuer_per_share": 18.68,
            "book_valuer_per_share_4q_avg": 18.54,
            "equity": 756011,
            "current_ratio": 161.58,
            "debt_ratio": 52.5,
            "inventory_turnover_ratio": 1.39,
            "account_receivable_turnover_ratio": null,
            "reinvestment_rate": null,
            "research_to_sale_ratio": null,
            "price_fair": 116.9,
            "eps_avg_yearly": 3.34,
            "eps_latest_yearly": 3.28,
            "eps_growth_yearly": 127.71
        },
        "20052": {
            "year_quarter": 20052,
            "year": 2005,
            "quarter": 2,
            "eps": 0.41,
            "eps_growth_year": -61.32,
            "eps_4q": 2.39,
            "eps_4q_growth_year": -39.29,
            "roe": 2.29,
            "roe_4q": 13.379999999999999,
            "gross_profit": 63655,
            "gross_margin": 10.67,
            "gross_margin_4q_avg": 12.1,
            "net_income": 16507,
            "net_income_4q": null,
            "revenue": 596602,
            "revenue_4q": null,
            "common_shares": 404810,
            "book_valuer_per_share": 16.88,
            "book_valuer_per_share_4q_avg": 17.81,
            "equity": 683464,
            "current_ratio": 149.91,
            "debt_ratio": 55.49,
            "inventory_turnover_ratio": 1.66,
            "account_receivable_turnover_ratio": null,
            "reinvestment_rate": null,
            "research_to_sale_ratio": null,
            "price_fair": 111.49,
            "eps_avg_yearly": 3.19,
            "eps_latest_yearly": 1.64,
            "eps_growth_yearly": 97.91
        },
        "20053": {
            "year_quarter": 20053,
            "year": 2005,
            "quarter": 3,
            "eps": 0.56,
            "eps_growth_year": -40.43,
            "eps_4q": 1.91,
            "eps_4q_growth_year": -46,
            "roe": 3.5,
            "roe_4q": 11.46,
            "gross_profit": 69205,
            "gross_margin": 11.16,
            "gross_margin_4q_avg": 11.94,
            "net_income": 24147,
            "net_income_4q": null,
            "revenue": 619844,
            "revenue_4q": null,
            "common_shares": 430000,
            "book_valuer_per_share": 16.21,
            "book_valuer_per_share_4q_avg": 17.41,
            "equity": 696981,
            "current_ratio": 148.1,
            "debt_ratio": 56.81,
            "inventory_turnover_ratio": 1.55,
            "account_receivable_turnover_ratio": null,
            "reinvestment_rate": null,
            "research_to_sale_ratio": null,
            "price_fair": 108.73,
            "eps_avg_yearly": 3.11,
            "eps_latest_yearly": 2.24,
            "eps_growth_yearly": 101.95
        },
        "20054": {
            "year_quarter": 20054,
            "year": 2005,
            "quarter": 4,
            "eps": 0.29,
            "eps_growth_year": 38.1,
            "eps_4q": 2.02,
            "eps_4q_growth_year": -32.43,
            "roe": 1.76,
            "roe_4q": 12.04,
            "gross_profit": 67284,
            "gross_margin": 10.27,
            "gross_margin_4q_avg": 11.36,
            "net_income": 12382,
            "net_income_4q": null,
            "revenue": 655422,
            "revenue_4q": null,
            "common_shares": 430000,
            "book_valuer_per_share": 16.56,
            "book_valuer_per_share_4q_avg": 17.08,
            "equity": 712130,
            "current_ratio": 163.36,
            "debt_ratio": 56.73,
            "inventory_turnover_ratio": 1.56,
            "account_receivable_turnover_ratio": null,
            "reinvestment_rate": null,
            "research_to_sale_ratio": null,
            "price_fair": 103.49,
            "eps_avg_yearly": 2.96,
            "eps_latest_yearly": 1.16,
            "eps_growth_yearly": 79.27
        },
        "20061": {
            "year_quarter": 20061,
            "year": 2006,
            "quarter": 1,
            "eps": 0.54,
            "eps_growth_year": -34.15,
            "eps_4q": 1.76,
            "eps_4q_growth_year": -38.52,
            "roe": 3.25,
            "roe_4q": 10.8,
            "gross_profit": 65187,
            "gross_margin": 11.52,
            "gross_margin_4q_avg": 10.91,
            "net_income": 23389,
            "net_income_4q": null,
            "revenue": 565724,
            "revenue_4q": null,
            "common_shares": 430000,
            "book_valuer_per_share": 16.93,
            "book_valuer_per_share_4q_avg": 16.65,
            "equity": 728099,
            "current_ratio": 145.05,
            "debt_ratio": 51.14,
            "inventory_turnover_ratio": 1.52,
            "account_receivable_turnover_ratio": null,
            "reinvestment_rate": null,
            "research_to_sale_ratio": null,
            "price_fair": 101.5,
            "eps_avg_yearly": 2.9,
            "eps_latest_yearly": 2.16,
            "eps_growth_yearly": 98.24
        },
        "20062": {
            "year_quarter": 20062,
            "year": 2006,
            "quarter": 2,
            "eps": 0.62,
            "eps_growth_year": 51.22,
            "eps_4q": 1.96,
            "eps_4q_growth_year": -17.97,
            "roe": 3.8,
            "roe_4q": 12.31,
            "gross_profit": 72248,
            "gross_margin": 11.64,
            "gross_margin_4q_avg": 11.15,
            "net_income": 27671,
            "net_income_4q": null,
            "revenue": 620624,
            "revenue_4q": null,
            "common_shares": 430000,
            "book_valuer_per_share": 16.94,
            "book_valuer_per_share_4q_avg": 16.66,
            "equity": 728580,
            "current_ratio": 149.98,
            "debt_ratio": 48.09,
            "inventory_turnover_ratio": 2.19,
            "account_receivable_turnover_ratio": null,
            "reinvestment_rate": 28.98,
            "research_to_sale_ratio": null,
            "price_fair": 100.52,
            "eps_avg_yearly": 2.87,
            "eps_latest_yearly": 2.48,
            "eps_growth_yearly": 95.64
        },
        "20063": {
            "year_quarter": 20063,
            "year": 2006,
            "quarter": 3,
            "eps": 0.43,
            "eps_growth_year": -23.21,
            "eps_4q": 1.86,
            "eps_4q_growth_year": -2.49,
            "roe": 2.56,
            "roe_4q": 11.37,
            "gross_profit": 69099,
            "gross_margin": 13.01,
            "gross_margin_4q_avg": 11.61,
            "net_income": 19022,
            "net_income_4q": null,
            "revenue": 531273,
            "revenue_4q": null,
            "common_shares": 443000,
            "book_valuer_per_share": 17.08,
            "book_valuer_per_share_4q_avg": 16.88,
            "equity": 756661,
            "current_ratio": 159.46,
            "debt_ratio": 45.21,
            "inventory_turnover_ratio": 2.53,
            "account_receivable_turnover_ratio": null,
            "reinvestment_rate": -0.36,
            "research_to_sale_ratio": null,
            "price_fair": 98,
            "eps_avg_yearly": 2.8,
            "eps_latest_yearly": 1.72,
            "eps_growth_yearly": 82
        },
        "20064": {
            "year_quarter": 20064,
            "year": 2006,
            "quarter": 4,
            "eps": 0.49,
            "eps_growth_year": 68.97,
            "eps_4q": 2.08,
            "eps_4q_growth_year": 2.83,
            "roe": 2.75,
            "roe_4q": 12.36,
            "gross_profit": 67417,
            "gross_margin": 14.93,
            "gross_margin_4q_avg": 12.78,
            "net_income": 21628,
            "net_income_4q": null,
            "revenue": 451547,
            "revenue_4q": null,
            "common_shares": 443000,
            "book_valuer_per_share": 18.45,
            "book_valuer_per_share_4q_avg": 17.35,
            "equity": 817322,
            "current_ratio": 202.81,
            "debt_ratio": 41.88,
            "inventory_turnover_ratio": 2.15,
            "account_receivable_turnover_ratio": null,
            "reinvestment_rate": -0.08,
            "research_to_sale_ratio": null,
            "price_fair": 96.51,
            "eps_avg_yearly": 2.76,
            "eps_latest_yearly": 1.96,
            "eps_growth_yearly": 89.34
        },
        "20071": {
            "year_quarter": 20071,
            "year": 2007,
            "quarter": 1,
            "eps": 0.18,
            "eps_growth_year": -66.67,
            "eps_4q": 1.69,
            "eps_4q_growth_year": -4.42,
            "roe": 0.95,
            "roe_4q": 10.059999999999999,
            "gross_profit": 45036,
            "gross_margin": 14.24,
            "gross_margin_4q_avg": 13.46,
            "net_income": 8163,
            "net_income_4q": null,
            "revenue": 316266,
            "revenue_4q": null,
            "common_shares": 443000,
            "book_valuer_per_share": 20.3,
            "book_valuer_per_share_4q_avg": 18.19,
            "equity": 899436,
            "current_ratio": 198.67,
            "debt_ratio": 32.45,
            "inventory_turnover_ratio": 1.69,
            "account_receivable_turnover_ratio": null,
            "reinvestment_rate": -0.75,
            "research_to_sale_ratio": null,
            "price_fair": 93.89,
            "eps_avg_yearly": 2.68,
            "eps_latest_yearly": 0.72,
            "eps_growth_yearly": 80.34
        },
        "20072": {
            "year_quarter": 20072,
            "year": 2007,
            "quarter": 2,
            "eps": 0.76,
            "eps_growth_year": 22.58,
            "eps_4q": 1.83,
            "eps_4q_growth_year": -6.54,
            "roe": 3.95,
            "roe_4q": 10.21,
            "gross_profit": 76503,
            "gross_margin": 16.87,
            "gross_margin_4q_avg": 14.76,
            "net_income": 34539,
            "net_income_4q": null,
            "revenue": 453539,
            "revenue_4q": null,
            "common_shares": 443000,
            "book_valuer_per_share": 19.21,
            "book_valuer_per_share_4q_avg": 18.76,
            "equity": 850886,
            "current_ratio": 160.23,
            "debt_ratio": 40.26,
            "inventory_turnover_ratio": 3.35,
            "account_receivable_turnover_ratio": null,
            "reinvestment_rate": -1.2,
            "research_to_sale_ratio": null,
            "price_fair": 89.16,
            "eps_avg_yearly": 2.55,
            "eps_latest_yearly": 3.04,
            "eps_growth_yearly": 118.19
        },
        "20073": {
            "year_quarter": 20073,
            "year": 2007,
            "quarter": 3,
            "eps": 0.57,
            "eps_growth_year": 32.56,
            "eps_4q": 1.98,
            "eps_4q_growth_year": 6.4,
            "roe": 3.01,
            "roe_4q": 10.66,
            "gross_profit": 73236,
            "gross_margin": 15.03,
            "gross_margin_4q_avg": 15.27,
            "net_income": 25943,
            "net_income_4q": null,
            "revenue": 487269,
            "revenue_4q": null,
            "common_shares": 452600,
            "book_valuer_per_share": 19.28,
            "book_valuer_per_share_4q_avg": 19.31,
            "equity": 872676,
            "current_ratio": 163.42,
            "debt_ratio": 40.09,
            "inventory_turnover_ratio": 5.04,
            "account_receivable_turnover_ratio": null,
            "reinvestment_rate": -0.82,
            "research_to_sale_ratio": null,
            "price_fair": 86.36,
            "eps_avg_yearly": 2.47,
            "eps_latest_yearly": 2.28,
            "eps_growth_yearly": 119.82
        },
        "20074": {
            "year_quarter": 20074,
            "year": 2007,
            "quarter": 4,
            "eps": 0.49,
            "eps_growth_year": 0,
            "eps_4q": 2.02,
            "eps_4q_growth_year": -2.83,
            "roe": 2.61,
            "roe_4q": 10.52,
            "gross_profit": 70518,
            "gross_margin": 14.94,
            "gross_margin_4q_avg": 15.27,
            "net_income": 21999,
            "net_income_4q": null,
            "revenue": 472044,
            "revenue_4q": null,
            "common_shares": 452600,
            "book_valuer_per_share": 17.9,
            "book_valuer_per_share_4q_avg": 19.17,
            "equity": 810058,
            "current_ratio": 191.34,
            "debt_ratio": 45.02,
            "inventory_turnover_ratio": 3.82,
            "account_receivable_turnover_ratio": null,
            "reinvestment_rate": 2.82,
            "research_to_sale_ratio": null,
            "price_fair": 83.04,
            "eps_avg_yearly": 2.37,
            "eps_latest_yearly": 1.96,
            "eps_growth_yearly": 116.87
        },
        "20081": {
            "year_quarter": 20081,
            "year": 2008,
            "quarter": 1,
            "eps": 0.3,
            "eps_growth_year": 66.67,
            "eps_4q": 2.11,
            "eps_4q_growth_year": 25.18,
            "roe": 1.67,
            "roe_4q": 11.239999999999998,
            "gross_profit": 84866,
            "gross_margin": 13.73,
            "gross_margin_4q_avg": 15.14,
            "net_income": 13662,
            "net_income_4q": null,
            "revenue": 618162,
            "revenue_4q": null,
            "common_shares": 452600,
            "book_valuer_per_share": 18.15,
            "book_valuer_per_share_4q_avg": 18.64,
            "equity": 821390,
            "current_ratio": 211.15,
            "debt_ratio": 41.15,
            "inventory_turnover_ratio": 3.74,
            "account_receivable_turnover_ratio": null,
            "reinvestment_rate": -0.81,
            "research_to_sale_ratio": null,
            "price_fair": 75.86,
            "eps_avg_yearly": 2.17,
            "eps_latest_yearly": 1.2,
            "eps_growth_yearly": 100
        },
        "20082": {
            "year_quarter": 20082,
            "year": 2008,
            "quarter": 2,
            "eps": 0.25,
            "eps_growth_year": -67.11,
            "eps_4q": 1.59,
            "eps_4q_growth_year": -13.5,
            "roe": 1.5,
            "roe_4q": 8.79,
            "gross_profit": 56588,
            "gross_margin": 10.88,
            "gross_margin_4q_avg": 13.65,
            "net_income": 11524,
            "net_income_4q": null,
            "revenue": 520182,
            "revenue_4q": null,
            "common_shares": 452600,
            "book_valuer_per_share": 15.77,
            "book_valuer_per_share_4q_avg": 17.78,
            "equity": 713605,
            "current_ratio": 186.18,
            "debt_ratio": 46.19,
            "inventory_turnover_ratio": 3.19,
            "account_receivable_turnover_ratio": null,
            "reinvestment_rate": 6.09,
            "research_to_sale_ratio": null,
            "price_fair": 68.78,
            "eps_avg_yearly": 1.97,
            "eps_latest_yearly": 1,
            "eps_growth_yearly": 97.17
        },
        "20083": {
            "year_quarter": 20083,
            "year": 2008,
            "quarter": 3,
            "eps": 0.37,
            "eps_growth_year": -35.09,
            "eps_4q": 1.39,
            "eps_4q_growth_year": -30.13,
            "roe": 2.4,
            "roe_4q": 8.18,
            "gross_profit": 78075,
            "gross_margin": 13.01,
            "gross_margin_4q_avg": 13.14,
            "net_income": 17188,
            "net_income_4q": null,
            "revenue": 600114,
            "revenue_4q": null,
            "common_shares": 463200,
            "book_valuer_per_share": 15.57,
            "book_valuer_per_share_4q_avg": 16.85,
            "equity": 721297,
            "current_ratio": 183.41,
            "debt_ratio": 48.15,
            "inventory_turnover_ratio": 3.72,
            "account_receivable_turnover_ratio": null,
            "reinvestment_rate": 5.28,
            "research_to_sale_ratio": null,
            "price_fair": 63.79,
            "eps_avg_yearly": 1.82,
            "eps_latest_yearly": 1.48,
            "eps_growth_yearly": 112
        },
        "20084": {
            "year_quarter": 20084,
            "year": 2008,
            "quarter": 4,
            "eps": -0.07,
            "eps_growth_year": -114.29,
            "eps_4q": 0.84,
            "eps_4q_growth_year": -58.4,
            "roe": -0.48,
            "roe_4q": 5.09,
            "gross_profit": 31169,
            "gross_margin": 10.82,
            "gross_margin_4q_avg": 12.11,
            "net_income": -3411,
            "net_income_4q": null,
            "revenue": 288027,
            "revenue_4q": null,
            "common_shares": 463200,
            "book_valuer_per_share": 15.43,
            "book_valuer_per_share_4q_avg": 16.23,
            "equity": 714824,
            "current_ratio": 221.39,
            "debt_ratio": 39.99,
            "inventory_turnover_ratio": 1.49,
            "account_receivable_turnover_ratio": 1.38,
            "reinvestment_rate": 6.59,
            "research_to_sale_ratio": null,
            "price_fair": 66.08,
            "eps_avg_yearly": 1.89,
            "eps_latest_yearly": 1.48,
            "eps_growth_yearly": 140.18
        },
        "20091": {
            "year_quarter": 20091,
            "year": 2009,
            "quarter": 1,
            "eps": 0.02,
            "eps_growth_year": -93.33,
            "eps_4q": 0.56,
            "eps_4q_growth_year": -73.42,
            "roe": 0.13,
            "roe_4q": 3.55,
            "gross_profit": 29070,
            "gross_margin": 11.05,
            "gross_margin_4q_avg": 11.44,
            "net_income": 935,
            "net_income_4q": null,
            "revenue": 262977,
            "revenue_4q": null,
            "common_shares": 463200,
            "book_valuer_per_share": 15.89,
            "book_valuer_per_share_4q_avg": 15.67,
            "equity": 736067,
            "current_ratio": 297.05,
            "debt_ratio": 29.94,
            "inventory_turnover_ratio": 1.37,
            "account_receivable_turnover_ratio": 0.76,
            "reinvestment_rate": 7.64,
            "research_to_sale_ratio": null,
            "price_fair": 62.6,
            "eps_avg_yearly": 1.79,
            "eps_latest_yearly": 1.48,
            "eps_growth_yearly": 67.19
        },
        "20092": {
            "year_quarter": 20092,
            "year": 2009,
            "quarter": 2,
            "eps": 0.13,
            "eps_growth_year": -48,
            "eps_4q": 0.45,
            "eps_4q_growth_year": -71.87,
            "roe": 0.82,
            "roe_4q": 2.87,
            "gross_profit": 40345,
            "gross_margin": 10.37,
            "gross_margin_4q_avg": 11.31,
            "net_income": 6048,
            "net_income_4q": null,
            "revenue": 389077,
            "revenue_4q": null,
            "common_shares": 463200,
            "book_valuer_per_share": 15.79,
            "book_valuer_per_share_4q_avg": 15.67,
            "equity": 731619,
            "current_ratio": 245.39,
            "debt_ratio": 34.72,
            "inventory_turnover_ratio": 2.71,
            "account_receivable_turnover_ratio": 1.26,
            "reinvestment_rate": 7.02,
            "research_to_sale_ratio": null,
            "price_fair": 59.8,
            "eps_avg_yearly": 1.71,
            "eps_latest_yearly": 0.52,
            "eps_growth_yearly": 238.62
        },
        "20093": {
            "year_quarter": 20093,
            "year": 2009,
            "quarter": 3,
            "eps": -0.05,
            "eps_growth_year": -113.51,
            "eps_4q": 0.02,
            "eps_4q_growth_year": -98.48,
            "roe": -0.35,
            "roe_4q": 0.12,
            "gross_profit": 39119,
            "gross_margin": 10.58,
            "gross_margin_4q_avg": 10.71,
            "net_income": -2550,
            "net_income_4q": null,
            "revenue": 369833,
            "revenue_4q": null,
            "common_shares": 486057,
            "book_valuer_per_share": 15.14,
            "book_valuer_per_share_4q_avg": 15.56,
            "equity": 735727,
            "current_ratio": 281.71,
            "debt_ratio": 29.9,
            "inventory_turnover_ratio": 3.57,
            "account_receivable_turnover_ratio": 1.14,
            "reinvestment_rate": 7.76,
            "research_to_sale_ratio": null,
            "price_fair": 58.37,
            "eps_avg_yearly": 1.67,
            "eps_latest_yearly": 0.52,
            "eps_growth_yearly": 245.72
        },
        "20094": {
            "year_quarter": 20094,
            "year": 2009,
            "quarter": 4,
            "eps": -0.03,
            "eps_growth_year": null,
            "eps_4q": 0.06,
            "eps_4q_growth_year": -93.05,
            "roe": -0.21,
            "roe_4q": 0.39,
            "gross_profit": 28276,
            "gross_margin": 11.7,
            "gross_margin_4q_avg": 10.93,
            "net_income": -1630,
            "net_income_4q": null,
            "revenue": 241660,
            "revenue_4q": null,
            "common_shares": 486057,
            "book_valuer_per_share": 16.45,
            "book_valuer_per_share_4q_avg": 15.82,
            "equity": 789535,
            "current_ratio": 278.37,
            "debt_ratio": 28.43,
            "inventory_turnover_ratio": 2.84,
            "account_receivable_turnover_ratio": 1.66,
            "reinvestment_rate": 184.57,
            "research_to_sale_ratio": null,
            "price_fair": 59.85,
            "eps_avg_yearly": 1.71,
            "eps_latest_yearly": 0.52,
            "eps_growth_yearly": 282.27
        },
        "20101": {
            "year_quarter": 20101,
            "year": 2010,
            "quarter": 1,
            "eps": -0.08,
            "eps_growth_year": -500,
            "eps_4q": -0.04,
            "eps_4q_growth_year": -106.44,
            "roe": -0.46,
            "roe_4q": -0.20000000000000007,
            "gross_profit": 33200,
            "gross_margin": 13.28,
            "gross_margin_4q_avg": 11.48,
            "net_income": -3603,
            "net_income_4q": null,
            "revenue": 249928,
            "revenue_4q": null,
            "common_shares": 486057,
            "book_valuer_per_share": 15.88,
            "book_valuer_per_share_4q_avg": 15.82,
            "equity": 762048,
            "current_ratio": 275.69,
            "debt_ratio": 28.89,
            "inventory_turnover_ratio": 2.77,
            "account_receivable_turnover_ratio": 0.86,
            "reinvestment_rate": 199.27,
            "research_to_sale_ratio": 0,
            "price_fair": 58.42,
            "eps_avg_yearly": 1.67,
            "eps_latest_yearly": 0.52,
            "eps_growth_yearly": 276.58
        },
        "20102": {
            "year_quarter": 20102,
            "year": 2010,
            "quarter": 2,
            "eps": 0.06,
            "eps_growth_year": -53.23,
            "eps_4q": -0.09,
            "eps_4q_growth_year": -121.23,
            "roe": 0.4,
            "roe_4q": -0.62,
            "gross_profit": 35930,
            "gross_margin": 11.68,
            "gross_margin_4q_avg": 11.81,
            "net_income": 3043,
            "net_income_4q": null,
            "revenue": 307605,
            "revenue_4q": null,
            "common_shares": 486057,
            "book_valuer_per_share": 15.36,
            "book_valuer_per_share_4q_avg": 15.71,
            "equity": 746346,
            "current_ratio": 255.92,
            "debt_ratio": 31.2,
            "inventory_turnover_ratio": 3.42,
            "account_receivable_turnover_ratio": 0.96,
            "reinvestment_rate": 227.43,
            "research_to_sale_ratio": 0,
            "price_fair": 55.58,
            "eps_avg_yearly": 1.59,
            "eps_latest_yearly": 0.52,
            "eps_growth_yearly": 298.32
        },
        "20103": {
            "year_quarter": 20103,
            "year": 2010,
            "quarter": 3,
            "eps": -0.04,
            "eps_growth_year": null,
            "eps_4q": -0.08,
            "eps_4q_growth_year": -478.21,
            "roe": -0.24,
            "roe_4q": -0.51,
            "gross_profit": 36393,
            "gross_margin": 14.06,
            "gross_margin_4q_avg": 12.68,
            "net_income": -1786,
            "net_income_4q": null,
            "revenue": 258884,
            "revenue_4q": null,
            "common_shares": 500457,
            "book_valuer_per_share": 14.72,
            "book_valuer_per_share_4q_avg": 15.6,
            "equity": 736894,
            "current_ratio": 286.95,
            "debt_ratio": 28.02,
            "inventory_turnover_ratio": 2.64,
            "account_receivable_turnover_ratio": 0.8,
            "reinvestment_rate": 255.46,
            "research_to_sale_ratio": 0,
            "price_fair": 55.07,
            "eps_avg_yearly": 1.57,
            "eps_latest_yearly": 0.52,
            "eps_growth_yearly": 345.08
        },
        "20104": {
            "year_quarter": 20104,
            "year": 2010,
            "quarter": 4,
            "eps": -0.12,
            "eps_growth_year": null,
            "eps_4q": -0.16,
            "eps_4q_growth_year": -381.44,
            "roe": -0.8,
            "roe_4q": -1.1,
            "gross_profit": 29888,
            "gross_margin": 10.17,
            "gross_margin_4q_avg": 12.3,
            "net_income": -5879,
            "net_income_4q": null,
            "revenue": 294000,
            "revenue_4q": null,
            "common_shares": 500457,
            "book_valuer_per_share": 14.48,
            "book_valuer_per_share_4q_avg": 15.11,
            "equity": 724590,
            "current_ratio": 281.36,
            "debt_ratio": 28.43,
            "inventory_turnover_ratio": 3.5,
            "account_receivable_turnover_ratio": 0.99,
            "reinvestment_rate": 303.72,
            "research_to_sale_ratio": 0,
            "price_fair": 53.38,
            "eps_avg_yearly": 1.53,
            "eps_latest_yearly": 0.52,
            "eps_growth_yearly": 381.24
        },
        "20111": {
            "year_quarter": 20111,
            "year": 2011,
            "quarter": 1,
            "eps": 0.1,
            "eps_growth_year": null,
            "eps_4q": 0.01,
            "eps_4q_growth_year": null,
            "roe": 0.69,
            "roe_4q": 0.04999999999999993,
            "gross_profit": 38160,
            "gross_margin": 12.06,
            "gross_margin_4q_avg": 11.99,
            "net_income": 5097,
            "net_income_4q": null,
            "revenue": 316529,
            "revenue_4q": null,
            "common_shares": 500457,
            "book_valuer_per_share": 15.15,
            "book_valuer_per_share_4q_avg": 14.93,
            "equity": 758377,
            "current_ratio": 302.34,
            "debt_ratio": 25.78,
            "inventory_turnover_ratio": 4.17,
            "account_receivable_turnover_ratio": 1.06,
            "reinvestment_rate": 350.99,
            "research_to_sale_ratio": null,
            "price_fair": 57.4,
            "eps_avg_yearly": 1.64,
            "eps_latest_yearly": 0.52,
            "eps_growth_yearly": 471.85
        },
        "20112": {
            "year_quarter": 20112,
            "year": 2011,
            "quarter": 2,
            "eps": 0.05,
            "eps_growth_year": -18.29,
            "eps_4q": -0,
            "eps_4q_growth_year": null,
            "roe": 0.33,
            "roe_4q": -0.020000000000000018,
            "gross_profit": 35029,
            "gross_margin": 11.26,
            "gross_margin_4q_avg": 11.89,
            "net_income": 2458,
            "net_income_4q": null,
            "revenue": 311049,
            "revenue_4q": null,
            "common_shares": 500137,
            "book_valuer_per_share": 15.02,
            "book_valuer_per_share_4q_avg": 14.84,
            "equity": 743196,
            "current_ratio": 236.26,
            "debt_ratio": 33.02,
            "inventory_turnover_ratio": 3.49,
            "account_receivable_turnover_ratio": 0.91,
            "reinvestment_rate": 481.03,
            "research_to_sale_ratio": null,
            "price_fair": 43.2,
            "eps_avg_yearly": 1.23,
            "eps_latest_yearly": 0.2,
            "eps_growth_yearly": 259.16
        },
        "20113": {
            "year_quarter": 20113,
            "year": 2011,
            "quarter": 3,
            "eps": 0.2,
            "eps_growth_year": null,
            "eps_4q": 0.23,
            "eps_4q_growth_year": null,
            "roe": 1.33,
            "roe_4q": 1.55,
            "gross_profit": 33614,
            "gross_margin": 10.49,
            "gross_margin_4q_avg": 11,
            "net_income": 9723,
            "net_income_4q": null,
            "revenue": 320292,
            "revenue_4q": null,
            "common_shares": 500137,
            "book_valuer_per_share": 14.84,
            "book_valuer_per_share_4q_avg": 14.87,
            "equity": 723625,
            "current_ratio": 226.93,
            "debt_ratio": 35.88,
            "inventory_turnover_ratio": 3.4,
            "account_receivable_turnover_ratio": 0.86,
            "reinvestment_rate": 568.63,
            "research_to_sale_ratio": null,
            "price_fair": 35.8,
            "eps_avg_yearly": 1.02,
            "eps_latest_yearly": 0.8,
            "eps_growth_yearly": 444.87
        },
        "20114": {
            "year_quarter": 20114,
            "year": 2011,
            "quarter": 4,
            "eps": 0.33,
            "eps_growth_year": null,
            "eps_4q": 0.69,
            "eps_4q_growth_year": null,
            "roe": 2.24,
            "roe_4q": 4.59,
            "gross_profit": 33674,
            "gross_margin": 10.19,
            "gross_margin_4q_avg": 11,
            "net_income": 16226,
            "net_income_4q": null,
            "revenue": 330395,
            "revenue_4q": null,
            "common_shares": 500137,
            "book_valuer_per_share": 14.89,
            "book_valuer_per_share_4q_avg": 14.98,
            "equity": 724644,
            "current_ratio": 215.52,
            "debt_ratio": 36.72,
            "inventory_turnover_ratio": 4.17,
            "account_receivable_turnover_ratio": 0.95,
            "reinvestment_rate": 565.78,
            "research_to_sale_ratio": null,
            "price_fair": 32.6,
            "eps_avg_yearly": 0.93,
            "eps_latest_yearly": 1.32,
            "eps_growth_yearly": 490.03
        },
        "20121": {
            "year_quarter": 20121,
            "year": 2012,
            "quarter": 1,
            "eps": 0.01,
            "eps_growth_year": -90,
            "eps_4q": 0.59,
            "eps_4q_growth_year": 6134.57,
            "roe": 0.05,
            "roe_4q": 3.95,
            "gross_profit": 33013,
            "gross_margin": 11.87,
            "gross_margin_4q_avg": 10.95,
            "net_income": 389,
            "net_income_4q": null,
            "revenue": 278043,
            "revenue_4q": null,
            "common_shares": 500137,
            "book_valuer_per_share": 15.12,
            "book_valuer_per_share_4q_avg": 14.97,
            "equity": 735671,
            "current_ratio": 263.16,
            "debt_ratio": 28.71,
            "inventory_turnover_ratio": 3.9,
            "account_receivable_turnover_ratio": 0.91,
            "reinvestment_rate": 756.07,
            "research_to_sale_ratio": null,
            "price_fair": 26.8,
            "eps_avg_yearly": 0.77,
            "eps_latest_yearly": 0.04,
            "eps_growth_yearly": 456.78
        },
        "20122": {
            "year_quarter": 20122,
            "year": 2012,
            "quarter": 2,
            "eps": 0.2,
            "eps_growth_year": 310.46,
            "eps_4q": 0.75,
            "eps_4q_growth_year": null,
            "roe": 1.37,
            "roe_4q": 4.99,
            "gross_profit": 40253,
            "gross_margin": 13.2,
            "gross_margin_4q_avg": 11.44,
            "net_income": 9924,
            "net_income_4q": null,
            "revenue": 305038,
            "revenue_4q": null,
            "common_shares": 500137,
            "book_valuer_per_share": 14.67,
            "book_valuer_per_share_4q_avg": 14.88,
            "equity": 713848,
            "current_ratio": 242.63,
            "debt_ratio": 33.56,
            "inventory_turnover_ratio": 4.64,
            "account_receivable_turnover_ratio": 1.06,
            "reinvestment_rate": 712.13,
            "research_to_sale_ratio": null,
            "price_fair": 25.8,
            "eps_avg_yearly": 0.74,
            "eps_latest_yearly": 0.8,
            "eps_growth_yearly": 1552.02
        },
        "20123": {
            "year_quarter": 20123,
            "year": 2012,
            "quarter": 3,
            "eps": 0.22,
            "eps_growth_year": 12.59,
            "eps_4q": 0.77,
            "eps_4q_growth_year": 229.34,
            "roe": 1.53,
            "roe_4q": 5.19,
            "gross_profit": 39587,
            "gross_margin": 12.54,
            "gross_margin_4q_avg": 11.95,
            "net_income": 10925,
            "net_income_4q": null,
            "revenue": 315737,
            "revenue_4q": null,
            "common_shares": 500137,
            "book_valuer_per_share": 14.72,
            "book_valuer_per_share_4q_avg": 14.85,
            "equity": 716389,
            "current_ratio": 236.5,
            "debt_ratio": 34.78,
            "inventory_turnover_ratio": 5.22,
            "account_receivable_turnover_ratio": 0.96,
            "reinvestment_rate": 805.44,
            "research_to_sale_ratio": null,
            "price_fair": 22.8,
            "eps_avg_yearly": 0.65,
            "eps_latest_yearly": 0.88,
            "eps_growth_yearly": 1530.3
        },
        "20124": {
            "year_quarter": 20124,
            "year": 2012,
            "quarter": 4,
            "eps": 0.11,
            "eps_growth_year": -66.8,
            "eps_4q": 0.55,
            "eps_4q_growth_year": -20.53,
            "roe": 0.75,
            "roe_4q": 3.7,
            "gross_profit": 41943,
            "gross_margin": 8.99,
            "gross_margin_4q_avg": 11.65,
            "net_income": 5387,
            "net_income_4q": null,
            "revenue": 466702,
            "revenue_4q": null,
            "common_shares": 500137,
            "book_valuer_per_share": 14.76,
            "book_valuer_per_share_4q_avg": 14.82,
            "equity": 718329,
            "current_ratio": 194.42,
            "debt_ratio": 41.95,
            "inventory_turnover_ratio": 7.76,
            "account_receivable_turnover_ratio": 1.07,
            "reinvestment_rate": 670.98,
            "research_to_sale_ratio": null,
            "price_fair": 21.88,
            "eps_avg_yearly": 0.63,
            "eps_latest_yearly": 0.44,
            "eps_growth_yearly": 1314.02
        },
        "20131": {
            "year_quarter": 20131,
            "year": 2013,
            "quarter": 1,
            "eps": 0.32,
            "eps_growth_year": 3100,
            "eps_4q": 0.86,
            "eps_4q_growth_year": 46.09,
            "roe": 2.14,
            "roe_4q": 5.79,
            "gross_profit": 50045,
            "gross_margin": 11.59,
            "gross_margin_4q_avg": 11.58,
            "net_income": 15831,
            "net_income_4q": null,
            "revenue": 431852,
            "revenue_4q": null,
            "common_shares": 500137,
            "book_valuer_per_share": 15.63,
            "book_valuer_per_share_4q_avg": 14.95,
            "equity": 760774,
            "current_ratio": 201.62,
            "debt_ratio": 39.34,
            "inventory_turnover_ratio": 6.07,
            "account_receivable_turnover_ratio": 0.83,
            "reinvestment_rate": 151.43,
            "research_to_sale_ratio": null,
            "price_fair": 24.42,
            "eps_avg_yearly": 0.7,
            "eps_latest_yearly": 1.28,
            "eps_growth_yearly": 1252.86
        },
        "20132": {
            "year_quarter": 20132,
            "year": 2013,
            "quarter": 2,
            "eps": 0.11,
            "eps_growth_year": -46.06,
            "eps_4q": 0.77,
            "eps_4q_growth_year": 3.93,
            "roe": 0.74,
            "roe_4q": 5.16,
            "gross_profit": 33712,
            "gross_margin": 10.41,
            "gross_margin_4q_avg": 10.88,
            "net_income": 5545,
            "net_income_4q": null,
            "revenue": 323850,
            "revenue_4q": null,
            "common_shares": 500137,
            "book_valuer_per_share": 15.23,
            "book_valuer_per_share_4q_avg": 15.09,
            "equity": 741223,
            "current_ratio": 202.14,
            "debt_ratio": 38.95,
            "inventory_turnover_ratio": 4.54,
            "account_receivable_turnover_ratio": 0.7,
            "reinvestment_rate": 155.77,
            "research_to_sale_ratio": null,
            "price_fair": 24.11,
            "eps_avg_yearly": 0.69,
            "eps_latest_yearly": 0.44,
            "eps_growth_yearly": 979.25
        },
        "20133": {
            "year_quarter": 20133,
            "year": 2013,
            "quarter": 3,
            "eps": 0.06,
            "eps_growth_year": -73.27,
            "eps_4q": 0.61,
            "eps_4q_growth_year": -21.12,
            "roe": 0.37,
            "roe_4q": 4,
            "gross_profit": 36769,
            "gross_margin": 11.32,
            "gross_margin_4q_avg": 10.58,
            "net_income": 2789,
            "net_income_4q": null,
            "revenue": 324902,
            "revenue_4q": null,
            "common_shares": 500137,
            "book_valuer_per_share": 15.45,
            "book_valuer_per_share_4q_avg": 15.27,
            "equity": 751651,
            "current_ratio": 192.63,
            "debt_ratio": 40.89,
            "inventory_turnover_ratio": 5.13,
            "account_receivable_turnover_ratio": 0.84,
            "reinvestment_rate": 159.55,
            "research_to_sale_ratio": null,
            "price_fair": 22.54,
            "eps_avg_yearly": 0.64,
            "eps_latest_yearly": 0.24,
            "eps_growth_yearly": 863.14
        },
        "20134": {
            "year_quarter": 20134,
            "year": 2013,
            "quarter": 4,
            "eps": 0.17,
            "eps_growth_year": 55.52,
            "eps_4q": 0.67,
            "eps_4q_growth_year": 22.23,
            "roe": 1.1,
            "roe_4q": 4.35,
            "gross_profit": 38601,
            "gross_margin": 11.91,
            "gross_margin_4q_avg": 11.31,
            "net_income": 8378,
            "net_income_4q": null,
            "revenue": 324043,
            "revenue_4q": null,
            "common_shares": 500137,
            "book_valuer_per_share": 15.97,
            "book_valuer_per_share_4q_avg": 15.57,
            "equity": 777090,
            "current_ratio": 191.08,
            "debt_ratio": 41.41,
            "inventory_turnover_ratio": 5.37,
            "account_receivable_turnover_ratio": 0.83,
            "reinvestment_rate": -320.66,
            "research_to_sale_ratio": null,
            "price_fair": 22.65,
            "eps_avg_yearly": 0.65,
            "eps_latest_yearly": 0.68,
            "eps_growth_yearly": 851.34
        },
        "20141": {
            "year_quarter": 20141,
            "year": 2014,
            "quarter": 1,
            "eps": 0.4,
            "eps_growth_year": 25,
            "eps_4q": 0.74,
            "eps_4q_growth_year": -14.42,
            "roe": 2.41,
            "roe_4q": 4.62,
            "gross_profit": 50466,
            "gross_margin": 13.2,
            "gross_margin_4q_avg": 11.71,
            "net_income": 19290,
            "net_income_4q": null,
            "revenue": 382269,
            "revenue_4q": null,
            "common_shares": 500137,
            "book_valuer_per_share": 16.97,
            "book_valuer_per_share_4q_avg": 15.91,
            "equity": 825753,
            "current_ratio": 198,
            "debt_ratio": 39.35,
            "inventory_turnover_ratio": 5.36,
            "account_receivable_turnover_ratio": 0.84,
            "reinvestment_rate": -208.55,
            "research_to_sale_ratio": null,
            "price_fair": 25.43,
            "eps_avg_yearly": 0.73,
            "eps_latest_yearly": 1.6,
            "eps_growth_yearly": 825.5
        },
        "20142": {
            "year_quarter": 20142,
            "year": 2014,
            "quarter": 2,
            "eps": 0.06,
            "eps_growth_year": -45.45,
            "eps_4q": 0.67,
            "eps_4q_growth_year": -13.58,
            "roe": 0.37,
            "roe_4q": 4.25,
            "gross_profit": 44754,
            "gross_margin": 10.72,
            "gross_margin_4q_avg": 11.79,
            "net_income": 3016,
            "net_income_4q": null,
            "revenue": 417318,
            "revenue_4q": null,
            "common_shares": 500137,
            "book_valuer_per_share": 15.85,
            "book_valuer_per_share_4q_avg": 16.06,
            "equity": 792694,
            "current_ratio": 188.26,
            "debt_ratio": 40.71,
            "inventory_turnover_ratio": 4.83,
            "account_receivable_turnover_ratio": 0.8,
            "reinvestment_rate": -228.91,
            "research_to_sale_ratio": null,
            "price_fair": 24.12,
            "eps_avg_yearly": 0.69,
            "eps_latest_yearly": 0.24,
            "eps_growth_yearly": 735.84
        },
        "20143": {
            "year_quarter": 20143,
            "year": 2014,
            "quarter": 3,
            "eps": 0.42,
            "eps_growth_year": 600,
            "eps_4q": 1.02,
            "eps_4q_growth_year": 68,
            "roe": 2.54,
            "roe_4q": 6.42,
            "gross_profit": 49624,
            "gross_margin": 10.71,
            "gross_margin_4q_avg": 11.64,
            "net_income": 20339,
            "net_income_4q": null,
            "revenue": 463134,
            "revenue_4q": null,
            "common_shares": 500137,
            "book_valuer_per_share": 16.11,
            "book_valuer_per_share_4q_avg": 16.23,
            "equity": 805889,
            "current_ratio": 185.01,
            "debt_ratio": 42.62,
            "inventory_turnover_ratio": 4.94,
            "account_receivable_turnover_ratio": 0.81,
            "reinvestment_rate": -196.37,
            "research_to_sale_ratio": null,
            "price_fair": 26.6,
            "eps_avg_yearly": 0.76,
            "eps_latest_yearly": 1.68,
            "eps_growth_yearly": 854.71
        },
        "20144": {
            "year_quarter": 20144,
            "year": 2014,
            "quarter": 4,
            "eps": 0.3,
            "eps_growth_year": 73.68,
            "eps_4q": 1.15,
            "eps_4q_growth_year": 72.22,
            "roe": 1.82,
            "roe_4q": 7.140000000000001,
            "gross_profit": 48357,
            "gross_margin": 10.01,
            "gross_margin_4q_avg": 11.16,
            "net_income": 14954,
            "net_income_4q": null,
            "revenue": 483002,
            "revenue_4q": null,
            "common_shares": 500137,
            "book_valuer_per_share": 16.8,
            "book_valuer_per_share_4q_avg": 16.43,
            "equity": 840473,
            "current_ratio": 185.87,
            "debt_ratio": 42.85,
            "inventory_turnover_ratio": 4.75,
            "account_receivable_turnover_ratio": 0.76,
            "reinvestment_rate": -158.42,
            "research_to_sale_ratio": null,
            "price_fair": 27.63,
            "eps_avg_yearly": 0.79,
            "eps_latest_yearly": 1.2,
            "eps_growth_yearly": 790.11
        },
        "20151": {
            "year_quarter": 20151,
            "year": 2015,
            "quarter": 1,
            "eps": 0.23,
            "eps_growth_year": -42.5,
            "eps_4q": 0.99,
            "eps_4q_growth_year": 34.09,
            "roe": 1.34,
            "roe_4q": 6.07,
            "gross_profit": 56361,
            "gross_margin": 11.95,
            "gross_margin_4q_avg": 10.85,
            "net_income": 11305,
            "net_income_4q": null,
            "revenue": 471566,
            "revenue_4q": null,
            "common_shares": 500137,
            "book_valuer_per_share": 16.89,
            "book_valuer_per_share_4q_avg": 16.41,
            "equity": 844539,
            "current_ratio": 188.69,
            "debt_ratio": 42.22,
            "inventory_turnover_ratio": 3.47,
            "account_receivable_turnover_ratio": 0.72,
            "reinvestment_rate": -183.86,
            "research_to_sale_ratio": null,
            "price_fair": 27.91,
            "eps_avg_yearly": 0.8,
            "eps_latest_yearly": 0.92,
            "eps_growth_yearly": 734.9
        },
        "20152": {
            "year_quarter": 20152,
            "year": 2015,
            "quarter": 2,
            "eps": 0.03,
            "eps_growth_year": -50,
            "eps_4q": 0.97,
            "eps_4q_growth_year": 44.55,
            "roe": 0.22,
            "roe_4q": 5.92,
            "gross_profit": 47134,
            "gross_margin": 10.22,
            "gross_margin_4q_avg": 10.72,
            "net_income": 1786,
            "net_income_4q": null,
            "revenue": 461411,
            "revenue_4q": null,
            "common_shares": 500137,
            "book_valuer_per_share": 15.74,
            "book_valuer_per_share_4q_avg": 16.39,
            "equity": 787175,
            "current_ratio": 175.62,
            "debt_ratio": 45.96,
            "inventory_turnover_ratio": 3.08,
            "account_receivable_turnover_ratio": 0.71,
            "reinvestment_rate": -196.85,
            "research_to_sale_ratio": null,
            "price_fair": 27.74,
            "eps_avg_yearly": 0.79,
            "eps_latest_yearly": 0.12,
            "eps_growth_yearly": 725.66
        },
        "20153": {
            "year_quarter": 20153,
            "year": 2015,
            "quarter": 3,
            "eps": 0.91,
            "eps_growth_year": 116.67,
            "eps_4q": 1.47,
            "eps_4q_growth_year": 44.39,
            "roe": 5.62,
            "roe_4q": 9,
            "gross_profit": 62879,
            "gross_margin": 11.65,
            "gross_margin_4q_avg": 10.96,
            "net_income": 45627,
            "net_income_4q": null,
            "revenue": 539765,
            "revenue_4q": null,
            "common_shares": 500137,
            "book_valuer_per_share": 16.7,
            "book_valuer_per_share_4q_avg": 16.53,
            "equity": 835342,
            "current_ratio": 181.81,
            "debt_ratio": 45.52,
            "inventory_turnover_ratio": 3.72,
            "account_receivable_turnover_ratio": 0.78,
            "reinvestment_rate": -160.06,
            "research_to_sale_ratio": null,
            "price_fair": 33.95,
            "eps_avg_yearly": 0.97,
            "eps_latest_yearly": 3.64,
            "eps_growth_yearly": 1383.99
        },
        "20154": {
            "year_quarter": 20154,
            "year": 2015,
            "quarter": 4,
            "eps": 0.01,
            "eps_growth_year": -97.37,
            "eps_4q": 1.18,
            "eps_4q_growth_year": 2.63,
            "roe": 0.05,
            "roe_4q": 7.2299999999999995,
            "gross_profit": 47494,
            "gross_margin": 10.6,
            "gross_margin_4q_avg": 11.11,
            "net_income": 394,
            "net_income_4q": null,
            "revenue": 448258,
            "revenue_4q": null,
            "common_shares": 500137,
            "book_valuer_per_share": 16.67,
            "book_valuer_per_share_4q_avg": 16.5,
            "equity": 833509,
            "current_ratio": 177.73,
            "debt_ratio": 46.34,
            "inventory_turnover_ratio": 3.06,
            "account_receivable_turnover_ratio": 0.63,
            "reinvestment_rate": -160.5,
            "research_to_sale_ratio": null,
            "price_fair": 31.15,
            "eps_avg_yearly": 0.89,
            "eps_latest_yearly": 0.04,
            "eps_growth_yearly": 1343.01
        },
        "20161": {
            "year_quarter": 20161,
            "year": 2016,
            "quarter": 1,
            "eps": -0.27,
            "eps_growth_year": -217.39,
            "eps_4q": 0.69,
            "eps_4q_growth_year": -30.83,
            "roe": -1.63,
            "roe_4q": 4.26,
            "gross_profit": 34746,
            "gross_margin": 10.07,
            "gross_margin_4q_avg": 10.64,
            "net_income": -13491,
            "net_income_4q": null,
            "revenue": 344883,
            "revenue_4q": null,
            "common_shares": 500137,
            "book_valuer_per_share": 16.46,
            "book_valuer_per_share_4q_avg": 16.39,
            "equity": 823402,
            "current_ratio": 180.69,
            "debt_ratio": 44.8,
            "inventory_turnover_ratio": 2.36,
            "account_receivable_turnover_ratio": 0.58,
            "reinvestment_rate": -177.31,
            "research_to_sale_ratio": null,
            "price_fair": 33.13,
            "eps_avg_yearly": 0.95,
            "eps_latest_yearly": 0.04,
            "eps_growth_yearly": 1458.41
        },
        "20162": {
            "year_quarter": 20162,
            "year": 2016,
            "quarter": 2,
            "eps": -0.03,
            "eps_growth_year": -200,
            "eps_4q": 0.62,
            "eps_4q_growth_year": -36.31,
            "roe": -0.21,
            "roe_4q": 3.83,
            "gross_profit": 40148,
            "gross_margin": 9.87,
            "gross_margin_4q_avg": 10.55,
            "net_income": -1715,
            "net_income_4q": null,
            "revenue": 406891,
            "revenue_4q": null,
            "common_shares": 500137,
            "book_valuer_per_share": 15.49,
            "book_valuer_per_share_4q_avg": 16.33,
            "equity": 774627,
            "current_ratio": 165.44,
            "debt_ratio": 49.31,
            "inventory_turnover_ratio": 2.92,
            "account_receivable_turnover_ratio": 0.78,
            "reinvestment_rate": -185.1,
            "research_to_sale_ratio": null,
            "price_fair": 33.5,
            "eps_avg_yearly": 0.96,
            "eps_latest_yearly": 0.04,
            "eps_growth_yearly": 1019.72
        },
        "20163": {
            "year_quarter": 20163,
            "year": 2016,
            "quarter": 3,
            "eps": 0.17,
            "eps_growth_year": -81.32,
            "eps_4q": -0.13,
            "eps_4q_growth_year": -108.6,
            "roe": 1.1,
            "roe_4q": -0.6899999999999997,
            "gross_profit": 66530,
            "gross_margin": 11.74,
            "gross_margin_4q_avg": 10.57,
            "net_income": 8478,
            "net_income_4q": null,
            "revenue": 566844,
            "revenue_4q": null,
            "common_shares": 500137,
            "book_valuer_per_share": 15.47,
            "book_valuer_per_share_4q_avg": 16.02,
            "equity": 773492,
            "current_ratio": 164.95,
            "debt_ratio": 49.48,
            "inventory_turnover_ratio": 4.45,
            "account_receivable_turnover_ratio": 0.94,
            "reinvestment_rate": -184.71,
            "research_to_sale_ratio": null,
            "price_fair": 33.71,
            "eps_avg_yearly": 0.96,
            "eps_latest_yearly": 0.04,
            "eps_growth_yearly": 1095.09
        },
        "20164": {
            "year_quarter": 20164,
            "year": 2016,
            "quarter": 4,
            "eps": 0.57,
            "eps_growth_year": 7123.71,
            "eps_4q": 0.43,
            "eps_4q_growth_year": -63.23,
            "roe": 3.62,
            "roe_4q": 2.880000000000001,
            "gross_profit": 61205,
            "gross_margin": 12.37,
            "gross_margin_4q_avg": 11.01,
            "net_income": 28462,
            "net_income_4q": null,
            "revenue": 494656,
            "revenue_4q": null,
            "common_shares": 500137,
            "book_valuer_per_share": 16,
            "book_valuer_per_share_4q_avg": 15.86,
            "equity": 800387,
            "current_ratio": 175.08,
            "debt_ratio": 47.17,
            "inventory_turnover_ratio": 3.74,
            "account_receivable_turnover_ratio": 0.71,
            "reinvestment_rate": -168.07,
            "research_to_sale_ratio": null,
            "price_fair": 38.66,
            "eps_avg_yearly": 1.1,
            "eps_latest_yearly": 2.28,
            "eps_growth_yearly": 1182.87
        },
        "20171": {
            "year_quarter": 20171,
            "year": 2017,
            "quarter": 1,
            "eps": -0.28,
            "eps_growth_year": null,
            "eps_4q": 0.42,
            "eps_4q_growth_year": -38.55,
            "roe": -1.79,
            "roe_4q": 2.72,
            "gross_profit": 55161,
            "gross_margin": 13.58,
            "gross_margin_4q_avg": 11.89,
            "net_income": -14139,
            "net_income_4q": null,
            "revenue": 406076,
            "revenue_4q": null,
            "common_shares": 500137,
            "book_valuer_per_share": 15.57,
            "book_valuer_per_share_4q_avg": 15.63,
            "equity": 778680,
            "current_ratio": 174.2,
            "debt_ratio": 46.73,
            "inventory_turnover_ratio": 2.6,
            "account_receivable_turnover_ratio": 0.65,
            "reinvestment_rate": -10.63,
            "research_to_sale_ratio": null,
            "price_fair": 38.15,
            "eps_avg_yearly": 1.09,
            "eps_latest_yearly": 2.28,
            "eps_growth_yearly": 1217.8
        },
        "20172": {
            "year_quarter": 20172,
            "year": 2017,
            "quarter": 2,
            "eps": 0.62,
            "eps_growth_year": null,
            "eps_4q": 1.08,
            "eps_4q_growth_year": 75.16,
            "roe": 3.99,
            "roe_4q": 6.92,
            "gross_profit": 69215,
            "gross_margin": 12.35,
            "gross_margin_4q_avg": 12.51,
            "net_income": 31175,
            "net_income_4q": null,
            "revenue": 560439,
            "revenue_4q": null,
            "common_shares": 500137,
            "book_valuer_per_share": 15.67,
            "book_valuer_per_share_4q_avg": 15.68,
            "equity": 783641,
            "current_ratio": 166.64,
            "debt_ratio": 49.6,
            "inventory_turnover_ratio": 3.44,
            "account_receivable_turnover_ratio": 0.9,
            "reinvestment_rate": -11.51,
            "research_to_sale_ratio": null,
            "price_fair": 40.22,
            "eps_avg_yearly": 1.15,
            "eps_latest_yearly": 2.28,
            "eps_growth_yearly": 1352.38
        },
        "20173": {
            "year_quarter": 20173,
            "year": 2017,
            "quarter": 3,
            "eps": 0.6,
            "eps_growth_year": 252.94,
            "eps_4q": 1.51,
            "eps_4q_growth_year": null,
            "roe": 3.75,
            "roe_4q": 9.57,
            "gross_profit": 77767,
            "gross_margin": 12,
            "gross_margin_4q_avg": 12.58,
            "net_income": 30192,
            "net_income_4q": null,
            "revenue": 647897,
            "revenue_4q": null,
            "common_shares": 500137,
            "book_valuer_per_share": 16.49,
            "book_valuer_per_share_4q_avg": 15.93,
            "equity": 824509,
            "current_ratio": 170.57,
            "debt_ratio": 48.4,
            "inventory_turnover_ratio": 3.72,
            "account_receivable_turnover_ratio": 0.87,
            "reinvestment_rate": -10.02,
            "research_to_sale_ratio": null,
            "price_fair": 47.09,
            "eps_avg_yearly": 1.35,
            "eps_latest_yearly": 2.4,
            "eps_growth_yearly": 1367.73
        },
        "20174": {
            "year_quarter": 20174,
            "year": 2017,
            "quarter": 4,
            "eps": 0.49,
            "eps_growth_year": -14.7,
            "eps_4q": 1.43,
            "eps_4q_growth_year": 229,
            "roe": 2.91,
            "roe_4q": 8.86,
            "gross_profit": 73599,
            "gross_margin": 12.32,
            "gross_margin_4q_avg": 12.56,
            "net_income": 24277,
            "net_income_4q": null,
            "revenue": 597160,
            "revenue_4q": null,
            "common_shares": 500137,
            "book_valuer_per_share": 16.93,
            "book_valuer_per_share_4q_avg": 16.17,
            "equity": 846692,
            "current_ratio": 169.39,
            "debt_ratio": 49.47,
            "inventory_turnover_ratio": 3.14,
            "account_receivable_turnover_ratio": 0.78,
            "reinvestment_rate": -17.1,
            "research_to_sale_ratio": null,
            "price_fair": 51.16,
            "eps_avg_yearly": 1.46,
            "eps_latest_yearly": 1.96,
            "eps_growth_yearly": 1294.4
        },
        "20181": {
            "year_quarter": 20181,
            "year": 2018,
            "quarter": 1,
            "eps": 0.5,
            "eps_growth_year": null,
            "eps_4q": 2.21,
            "eps_4q_growth_year": 425.14,
            "roe": 2.91,
            "roe_4q": 13.56,
            "gross_profit": 79929,
            "gross_margin": 12.81,
            "gross_margin_4q_avg": 12.37,
            "net_income": 25086,
            "net_income_4q": null,
            "revenue": 624031,
            "revenue_4q": null,
            "common_shares": 500137,
            "book_valuer_per_share": 17.59,
            "book_valuer_per_share_4q_avg": 16.67,
            "equity": 879673,
            "current_ratio": 164.34,
            "debt_ratio": 51.35,
            "inventory_turnover_ratio": 2.73,
            "account_receivable_turnover_ratio": 0.83,
            "reinvestment_rate": -79.26,
            "research_to_sale_ratio": null,
            "price_fair": 52.44,
            "eps_avg_yearly": 1.5,
            "eps_latest_yearly": 2,
            "eps_growth_yearly": 1245.94
        },
        "20182": {
            "year_quarter": 20182,
            "year": 2018,
            "quarter": 2,
            "eps": 1.01,
            "eps_growth_year": 62.9,
            "eps_4q": 2.5,
            "eps_4q_growth_year": 131.97,
            "roe": 5.62,
            "roe_4q": 15.190000000000001,
            "gross_profit": 84162,
            "gross_margin": 11.11,
            "gross_margin_4q_avg": 12.06,
            "net_income": 50661,
            "net_income_4q": null,
            "revenue": 757298,
            "revenue_4q": null,
            "common_shares": 500137,
            "book_valuer_per_share": 18.45,
            "book_valuer_per_share_4q_avg": 17.37,
            "equity": 922650,
            "current_ratio": 152.95,
            "debt_ratio": 56.18,
            "inventory_turnover_ratio": 2.49,
            "account_receivable_turnover_ratio": 0.87,
            "reinvestment_rate": -56.35,
            "research_to_sale_ratio": null,
            "price_fair": 64.53,
            "eps_avg_yearly": 1.84,
            "eps_latest_yearly": 4.04,
            "eps_growth_yearly": 1313.94
        },
        "20183": {
            "year_quarter": 20183,
            "year": 2018,
            "quarter": 3,
            "eps": 1.05,
            "eps_growth_year": 75,
            "eps_4q": 2.98,
            "eps_4q_growth_year": 96.7,
            "roe": 5.82,
            "roe_4q": 17.26,
            "gross_profit": 121853,
            "gross_margin": 11.54,
            "gross_margin_4q_avg": 11.95,
            "net_income": 54815,
            "net_income_4q": null,
            "revenue": 1055624,
            "revenue_4q": null,
            "common_shares": 520142,
            "book_valuer_per_share": 18.49,
            "book_valuer_per_share_4q_avg": 17.87,
            "equity": 961520,
            "current_ratio": 143.74,
            "debt_ratio": 61.56,
            "inventory_turnover_ratio": 2.37,
            "account_receivable_turnover_ratio": 1.01,
            "reinvestment_rate": -45.24,
            "research_to_sale_ratio": null,
            "price_fair": 72.55,
            "eps_avg_yearly": 2.07,
            "eps_latest_yearly": 4.2,
            "eps_growth_yearly": 1097.2
        },
        "20184": {
            "year_quarter": 20184,
            "year": 2018,
            "quarter": 4,
            "eps": 0.65,
            "eps_growth_year": 34.59,
            "eps_4q": 3.16,
            "eps_4q_growth_year": 121.26,
            "roe": 3.47,
            "roe_4q": 17.82,
            "gross_profit": 96103,
            "gross_margin": 9.04,
            "gross_margin_4q_avg": 11.13,
            "net_income": 33982,
            "net_income_4q": null,
            "revenue": 1062653,
            "revenue_4q": null,
            "common_shares": 520142,
            "book_valuer_per_share": 19.22,
            "book_valuer_per_share_4q_avg": 18.44,
            "equity": 999531,
            "current_ratio": 141.3,
            "debt_ratio": 63.14,
            "inventory_turnover_ratio": 2.06,
            "account_receivable_turnover_ratio": 0.9,
            "reinvestment_rate": -44.42,
            "research_to_sale_ratio": null,
            "price_fair": 77,
            "eps_avg_yearly": 2.2,
            "eps_latest_yearly": 2.6,
            "eps_growth_yearly": 1093.74
        },
        "20191": {
            "year_quarter": 20191,
            "year": 2019,
            "quarter": 1,
            "eps": 0.94,
            "eps_growth_year": 88,
            "eps_4q": 3.62,
            "eps_4q_growth_year": 63.54,
            "roe": 4.71,
            "roe_4q": 19.62,
            "gross_profit": 112794,
            "gross_margin": 11.67,
            "gross_margin_4q_avg": 10.84,
            "net_income": 48878,
            "net_income_4q": null,
            "revenue": 966468,
            "revenue_4q": null,
            "common_shares": 520142,
            "book_valuer_per_share": 20.68,
            "book_valuer_per_share_4q_avg": 19.21,
            "equity": 1075857,
            "current_ratio": 149.85,
            "debt_ratio": 58.7,
            "inventory_turnover_ratio": 2,
            "account_receivable_turnover_ratio": 0.81,
            "reinvestment_rate": -38.48,
            "research_to_sale_ratio": null,
            "price_fair": 86.04,
            "eps_avg_yearly": 2.46,
            "eps_latest_yearly": 3.76,
            "eps_growth_yearly": 1118.45
        },
        "20192": {
            "year_quarter": 20192,
            "year": 2019,
            "quarter": 2,
            "eps": 0.8,
            "eps_growth_year": -20.79,
            "eps_4q": 3.25,
            "eps_4q_growth_year": 29.98,
            "roe": 4.19,
            "roe_4q": 18.19,
            "gross_profit": 114632,
            "gross_margin": 11.34,
            "gross_margin_4q_avg": 10.9,
            "net_income": 44544,
            "net_income_4q": null,
            "revenue": 1010699,
            "revenue_4q": null,
            "common_shares": 520142,
            "book_valuer_per_share": 20.15,
            "book_valuer_per_share_4q_avg": 19.64,
            "equity": 1048253,
            "current_ratio": 152.76,
            "debt_ratio": 57.22,
            "inventory_turnover_ratio": 2.44,
            "account_receivable_turnover_ratio": 0.88,
            "reinvestment_rate": -30.31,
            "research_to_sale_ratio": null,
            "price_fair": 95.84,
            "eps_avg_yearly": 2.74,
            "eps_latest_yearly": 3.2,
            "eps_growth_yearly": 1144.65
        },
        "20193": {
            "year_quarter": 20193,
            "year": 2019,
            "quarter": 3,
            "eps": 0.73,
            "eps_growth_year": -30.48,
            "eps_4q": 3.01,
            "eps_4q_growth_year": 1.02,
            "roe": 3.81,
            "roe_4q": 16.18,
            "gross_profit": 107830,
            "gross_margin": 10.31,
            "gross_margin_4q_avg": 10.59,
            "net_income": 41002,
            "net_income_4q": null,
            "revenue": 1045592,
            "revenue_4q": null,
            "common_shares": 560000,
            "book_valuer_per_share": 19.72,
            "book_valuer_per_share_4q_avg": 19.94,
            "equity": 1104596,
            "current_ratio": 152.73,
            "debt_ratio": 56.46,
            "inventory_turnover_ratio": 3.06,
            "account_receivable_turnover_ratio": 0.93,
            "reinvestment_rate": -27.48,
            "research_to_sale_ratio": null,
            "price_fair": 93.55,
            "eps_avg_yearly": 2.67,
            "eps_latest_yearly": 2.92,
            "eps_growth_yearly": 74.8
        },
        "20194": {
            "year_quarter": 20194,
            "year": 2019,
            "quarter": 4,
            "eps": 0.14,
            "eps_growth_year": -78.1,
            "eps_4q": 2.54,
            "eps_4q_growth_year": -19.6,
            "roe": 0.73,
            "roe_4q": 13.440000000000001,
            "gross_profit": 50641,
            "gross_margin": 5.86,
            "gross_margin_4q_avg": 9.8,
            "net_income": 8012,
            "net_income_4q": null,
            "revenue": 864528,
            "revenue_4q": null,
            "common_shares": 560000,
            "book_valuer_per_share": 19.49,
            "book_valuer_per_share_4q_avg": 20.01,
            "equity": 1091465,
            "current_ratio": 152.42,
            "debt_ratio": 56.75,
            "inventory_turnover_ratio": 2.96,
            "account_receivable_turnover_ratio": 0.8,
            "reinvestment_rate": -28.22,
            "research_to_sale_ratio": null,
            "price_fair": 95.2,
            "eps_avg_yearly": 2.72,
            "eps_latest_yearly": 0.56,
            "eps_growth_yearly": 81.38
        },
        "20201": {
            "year_quarter": 20201,
            "year": 2020,
            "quarter": 1,
            "eps": 0.33,
            "eps_growth_year": -64.89,
            "eps_4q": 2,
            "eps_4q_growth_year": -44.68,
            "roe": 1.71,
            "roe_4q": 10.440000000000001,
            "gross_profit": 65189,
            "gross_margin": 8.26,
            "gross_margin_4q_avg": 8.94,
            "net_income": 18606,
            "net_income_4q": null,
            "revenue": 788786,
            "revenue_4q": null,
            "common_shares": 560000,
            "book_valuer_per_share": 19.33,
            "book_valuer_per_share_4q_avg": 19.67,
            "equity": 1082591,
            "current_ratio": 157.32,
            "debt_ratio": 55.44,
            "inventory_turnover_ratio": 2.89,
            "account_receivable_turnover_ratio": 0.79,
            "reinvestment_rate": -27.81,
            "research_to_sale_ratio": null,
            "price_fair": 91.12,
            "eps_avg_yearly": 2.6,
            "eps_latest_yearly": 1.32,
            "eps_growth_yearly": 119.84
        },
        "20202": {
            "year_quarter": 20202,
            "year": 2020,
            "quarter": 2,
            "eps": 0.29,
            "eps_growth_year": -63.75,
            "eps_4q": 1.44,
            "eps_4q_growth_year": -55.77,
            "roe": 1.62,
            "roe_4q": 7.870000000000001,
            "gross_profit": 80819,
            "gross_margin": 10.21,
            "gross_margin_4q_avg": 8.66,
            "net_income": 17411,
            "net_income_4q": null,
            "revenue": 791494,
            "revenue_4q": null,
            "common_shares": 560000,
            "book_valuer_per_share": 18.96,
            "book_valuer_per_share_4q_avg": 19.38,
            "equity": 1061735,
            "current_ratio": 152.86,
            "debt_ratio": 56.24,
            "inventory_turnover_ratio": 3.14,
            "account_receivable_turnover_ratio": 0.83,
            "reinvestment_rate": -26.04,
            "research_to_sale_ratio": null,
            "price_fair": 87.23,
            "eps_avg_yearly": 2.49,
            "eps_latest_yearly": 1.16,
            "eps_growth_yearly": 106.89
        },
        "20203": {
            "year_quarter": 20203,
            "year": 2020,
            "quarter": 3,
            "eps": 0.65,
            "eps_growth_year": -10.96,
            "eps_4q": 1.39,
            "eps_4q_growth_year": -53.7,
            "roe": 3.57,
            "roe_4q": 7.629999999999999,
            "gross_profit": 76643,
            "gross_margin": 10.55,
            "gross_margin_4q_avg": 8.72,
            "net_income": 38224,
            "net_income_4q": null,
            "revenue": 726355,
            "revenue_4q": null,
            "common_shares": 590800,
            "book_valuer_per_share": 18.25,
            "book_valuer_per_share_4q_avg": 19.01,
            "equity": 1078178,
            "current_ratio": 164.95,
            "debt_ratio": 52.01,
            "inventory_turnover_ratio": 3.14,
            "account_receivable_turnover_ratio": 0.81,
            "reinvestment_rate": -24.48,
            "research_to_sale_ratio": null,
            "price_fair": 87.5,
            "eps_avg_yearly": 2.5,
            "eps_latest_yearly": 2.6,
            "eps_growth_yearly": 134.72
        },
        "20204": {
            "year_quarter": 20204,
            "year": 2020,
            "quarter": 4,
            "eps": 0.51,
            "eps_growth_year": 253.98,
            "eps_4q": 1.76,
            "eps_4q_growth_year": -30.68,
            "roe": 2.73,
            "roe_4q": 9.629999999999999,
            "gross_profit": 96025,
            "gross_margin": 10.9,
            "gross_margin_4q_avg": 9.98,
            "net_income": 29921,
            "net_income_4q": null,
            "revenue": 881323,
            "revenue_4q": null,
            "common_shares": 590800,
            "book_valuer_per_share": 18.8,
            "book_valuer_per_share_4q_avg": 18.84,
            "equity": 1110768,
            "current_ratio": 165.25,
            "debt_ratio": 52.23,
            "inventory_turnover_ratio": 4.56,
            "account_receivable_turnover_ratio": 0.94,
            "reinvestment_rate": -21.77,
            "research_to_sale_ratio": null,
            "price_fair": 86.9,
            "eps_avg_yearly": 2.48,
            "eps_latest_yearly": 2.04,
            "eps_growth_yearly": 61.34
        },
        "20211": {
            "year_quarter": 20211,
            "year": 2021,
            "quarter": 1,
            "eps": 0.64,
            "eps_growth_year": 93.94,
            "eps_4q": 2.09,
            "eps_4q_growth_year": 4.13,
            "roe": 3.32,
            "roe_4q": 11.239999999999998,
            "gross_profit": 91605,
            "gross_margin": 11.1,
            "gross_margin_4q_avg": 10.69,
            "net_income": 37663,
            "net_income_4q": null,
            "revenue": 825378,
            "revenue_4q": null,
            "common_shares": 590800,
            "book_valuer_per_share": 19.55,
            "book_valuer_per_share_4q_avg": 18.89,
            "equity": 1154837,
            "current_ratio": 160.98,
            "debt_ratio": 54.1,
            "inventory_turnover_ratio": 3.02,
            "account_receivable_turnover_ratio": 0.8,
            "reinvestment_rate": -21.53,
            "research_to_sale_ratio": null,
            "price_fair": 87.08,
            "eps_avg_yearly": 2.49,
            "eps_latest_yearly": 2.56,
            "eps_growth_yearly": 64.05
        },
        "20212": {
            "year_quarter": 20212,
            "year": 2021,
            "quarter": 2,
            "eps": 0.4,
            "eps_growth_year": 37.93,
            "eps_4q": 2.19,
            "eps_4q_growth_year": 51.88,
            "roe": 2.01,
            "roe_4q": 11.63,
            "gross_profit": 96678,
            "gross_margin": 10.76,
            "gross_margin_4q_avg": 10.83,
            "net_income": 23338,
            "net_income_4q": null,
            "revenue": 898814,
            "revenue_4q": null,
            "common_shares": 590800,
            "book_valuer_per_share": 19.73,
            "book_valuer_per_share_4q_avg": 19.08,
            "equity": 1165644,
            "current_ratio": 163.41,
            "debt_ratio": 53.25,
            "inventory_turnover_ratio": 2.32,
            "account_receivable_turnover_ratio": 0.86,
            "reinvestment_rate": -21.24,
            "research_to_sale_ratio": null,
            "price_fair": 85.14,
            "eps_avg_yearly": 2.43,
            "eps_latest_yearly": 1.6,
            "eps_growth_yearly": 50.67
        },
        "20213": {
            "year_quarter": 20213,
            "year": 2021,
            "quarter": 3,
            "eps": 0.86,
            "eps_growth_year": 32.31,
            "eps_4q": 2.4,
            "eps_4q_growth_year": 72.36,
            "roe": 4.42,
            "roe_4q": 12.48,
            "gross_profit": 97350,
            "gross_margin": 10.17,
            "gross_margin_4q_avg": 10.73,
            "net_income": 50852,
            "net_income_4q": null,
            "revenue": 957589,
            "revenue_4q": null,
            "common_shares": 590800,
            "book_valuer_per_share": 19.23,
            "book_valuer_per_share_4q_avg": 19.33,
            "equity": 1135878,
            "current_ratio": 160.86,
            "debt_ratio": 54.24,
            "inventory_turnover_ratio": 2.06,
            "account_receivable_turnover_ratio": 0.89,
            "reinvestment_rate": -22.22,
            "research_to_sale_ratio": null,
            "price_fair": 87.41,
            "eps_avg_yearly": 2.5,
            "eps_latest_yearly": 3.44,
            "eps_growth_yearly": 80.23
        },
        "20214": {
            "year_quarter": 20214,
            "year": 2021,
            "quarter": 4,
            "eps": 0.53,
            "eps_growth_year": 4.27,
            "eps_4q": 2.42,
            "eps_4q_growth_year": 37.34,
            "roe": 2.66,
            "roe_4q": 12.41,
            "gross_profit": 94270,
            "gross_margin": 9.07,
            "gross_margin_4q_avg": 10.28,
            "net_income": 31199,
            "net_income_4q": null,
            "revenue": 1039352,
            "revenue_4q": null,
            "common_shares": 590800,
            "book_valuer_per_share": 20.5,
            "book_valuer_per_share_4q_avg": 19.75,
            "equity": 1210932,
            "current_ratio": 149.31,
            "debt_ratio": 58.84,
            "inventory_turnover_ratio": 1.9,
            "account_receivable_turnover_ratio": 0.87,
            "reinvestment_rate": -20.9,
            "research_to_sale_ratio": null,
            "price_fair": 87.76,
            "eps_avg_yearly": 2.51,
            "eps_latest_yearly": 2.12,
            "eps_growth_yearly": 75.22
        },
        "20221": {
            "year_quarter": 20221,
            "year": 2022,
            "quarter": 1,
            "eps": 0.89,
            "eps_growth_year": 39.06,
            "eps_4q": 2.68,
            "eps_4q_growth_year": 28.38,
            "roe": 4.26,
            "roe_4q": 13.35,
            "gross_profit": 84303,
            "gross_margin": 11.17,
            "gross_margin_4q_avg": 10.29,
            "net_income": 52804,
            "net_income_4q": null,
            "revenue": 754585,
            "revenue_4q": null,
            "common_shares": 590800,
            "book_valuer_per_share": 21.44,
            "book_valuer_per_share_4q_avg": 20.23,
            "equity": 1266943,
            "current_ratio": 161.48,
            "debt_ratio": 54.59,
            "inventory_turnover_ratio": 1.44,
            "account_receivable_turnover_ratio": 0.63,
            "reinvestment_rate": -0.92,
            "research_to_sale_ratio": null,
            "price_fair": 91.18,
            "eps_avg_yearly": 2.61,
            "eps_latest_yearly": 3.56,
            "eps_growth_yearly": 91.69
        },
        "20222": {
            "year_quarter": 20222,
            "year": 2022,
            "quarter": 2,
            "eps": 1.32,
            "eps_growth_year": 230,
            "eps_4q": 3.4,
            "eps_4q_growth_year": 55.48,
            "roe": 6.02,
            "roe_4q": 17.36,
            "gross_profit": 116480,
            "gross_margin": 12.07,
            "gross_margin_4q_avg": 10.62,
            "net_income": 77992,
            "net_income_4q": null,
            "revenue": 964794,
            "revenue_4q": null,
            "common_shares": 590800,
            "book_valuer_per_share": 22.4,
            "book_valuer_per_share_4q_avg": 20.89,
            "equity": 1323614,
            "current_ratio": 166.2,
            "debt_ratio": 52.63,
            "inventory_turnover_ratio": 2.19,
            "account_receivable_turnover_ratio": 0.85,
            "reinvestment_rate": -0.88,
            "research_to_sale_ratio": null,
            "price_fair": 93.89,
            "eps_avg_yearly": 2.68,
            "eps_latest_yearly": 5.28,
            "eps_growth_yearly": 78.27
        },
        "20223": {
            "year_quarter": 20223,
            "year": 2022,
            "quarter": 3,
            "eps": 1.54,
            "eps_growth_year": 79.07,
            "eps_4q": 4.13,
            "eps_4q_growth_year": 72.01,
            "roe": 6.61,
            "roe_4q": 19.55,
            "gross_profit": 87999,
            "gross_margin": 10.89,
            "gross_margin_4q_avg": 10.8,
            "net_income": 96497,
            "net_income_4q": null,
            "revenue": 807947,
            "revenue_4q": null,
            "common_shares": 626248,
            "book_valuer_per_share": 25.5,
            "book_valuer_per_share_4q_avg": 22.46,
            "equity": 1596748,
            "current_ratio": 174.43,
            "debt_ratio": 48.36,
            "inventory_turnover_ratio": 1.99,
            "account_receivable_turnover_ratio": 0.72,
            "reinvestment_rate": -0.82,
            "research_to_sale_ratio": null,
            "price_fair": 98.18,
            "eps_avg_yearly": 2.81,
            "eps_latest_yearly": 6.16,
            "eps_growth_yearly": 81.44
        },
        "20224": {
            "year_quarter": 20224,
            "year": 2022,
            "quarter": 4,
            "eps": -0.3,
            "eps_growth_year": -155.92,
            "eps_4q": 3.33,
            "eps_4q_growth_year": 37.7,
            "roe": -1.21,
            "roe_4q": 15.68,
            "gross_profit": 65221,
            "gross_margin": 9.1,
            "gross_margin_4q_avg": 10.81,
            "net_income": -18494,
            "net_income_4q": null,
            "revenue": 716703,
            "revenue_4q": null,
            "common_shares": 626248,
            "book_valuer_per_share": 23.33,
            "book_valuer_per_share_4q_avg": 23.17,
            "equity": 1461213,
            "current_ratio": 172.35,
            "debt_ratio": 49.89,
            "inventory_turnover_ratio": 1.8,
            "account_receivable_turnover_ratio": 0.7,
            "reinvestment_rate": -0.99,
            "research_to_sale_ratio": null,
            "price_fair": 98.65,
            "eps_avg_yearly": 2.82,
            "eps_latest_yearly": 6.16,
            "eps_growth_yearly": 97.03
        },
        "20231": {
            "year_quarter": 20231,
            "year": 2023,
            "quarter": 1,
            "eps": 0.22,
            "eps_growth_year": -75.28,
            "eps_4q": 2.71,
            "eps_4q_growth_year": 1.09,
            "roe": 0.88,
            "roe_4q": 12.3,
            "gross_profit": 62584,
            "gross_margin": 10.56,
            "gross_margin_4q_avg": 10.66,
            "net_income": 13517,
            "net_income_4q": null,
            "revenue": 592841,
            "revenue_4q": null,
            "common_shares": 626248,
            "book_valuer_per_share": 25.97,
            "book_valuer_per_share_4q_avg": 24.3,
            "equity": 1626280,
            "current_ratio": 178.92,
            "debt_ratio": 45.27,
            "inventory_turnover_ratio": 1.57,
            "account_receivable_turnover_ratio": 0.68,
            "reinvestment_rate": -1.08,
            "research_to_sale_ratio": null,
            "price_fair": 96.3,
            "eps_avg_yearly": 2.75,
            "eps_latest_yearly": 6.16,
            "eps_growth_yearly": 91.21
        },
        "20232": {
            "year_quarter": 20232,
            "year": 2023,
            "quarter": 2,
            "eps": 0.6,
            "eps_growth_year": -54.55,
            "eps_4q": 2,
            "eps_4q_growth_year": -41.03,
            "roe": 2.46,
            "roe_4q": 8.74,
            "gross_profit": 79754,
            "gross_margin": 11.02,
            "gross_margin_4q_avg": 10.39,
            "net_income": 39008,
            "net_income_4q": null,
            "revenue": 723852,
            "revenue_4q": null,
            "common_shares": 626248,
            "book_valuer_per_share": 24.65,
            "book_valuer_per_share_4q_avg": 24.86,
            "equity": 1543661,
            "current_ratio": 195.79,
            "debt_ratio": 41.09,
            "inventory_turnover_ratio": 2.21,
            "account_receivable_turnover_ratio": 0.93,
            "reinvestment_rate": -1.11,
            "research_to_sale_ratio": null,
            "price_fair": 94.3,
            "eps_avg_yearly": 2.69,
            "eps_latest_yearly": 2.4,
            "eps_growth_yearly": 144.82
        },
        "20233": {
            "year_quarter": 20233,
            "year": 2023,
            "quarter": 3,
            "eps": 0.99,
            "eps_growth_year": -35.71,
            "eps_4q": 1.52,
            "eps_4q_growth_year": -63.23,
            "roe": 4.1,
            "roe_4q": 6.2299999999999995,
            "gross_profit": 87351,
            "gross_margin": 11.32,
            "gross_margin_4q_avg": 10.5,
            "net_income": 64806,
            "net_income_4q": null,
            "revenue": 771614,
            "revenue_4q": null,
            "common_shares": 651298,
            "book_valuer_per_share": 24.81,
            "book_valuer_per_share_4q_avg": 24.69,
            "equity": 1615986,
            "current_ratio": 214.04,
            "debt_ratio": 38.01,
            "inventory_turnover_ratio": 2.62,
            "account_receivable_turnover_ratio": 0.91,
            "reinvestment_rate": -0.93,
            "research_to_sale_ratio": null,
            "price_fair": 96.9,
            "eps_avg_yearly": 2.77,
            "eps_latest_yearly": 3.96,
            "eps_growth_yearly": 165.89
        }
    },
    "months": {
        "2004-01": {
            "month": "2004-01",
            "price": "36.33",
            "revenue": 265745
        },
        "2004-02": {
            "month": "2004-02",
            "price": "39.17",
            "revenue": 217278
        },
        "2004-03": {
            "month": "2004-03",
            "price": "39.74",
            "revenue": 200042
        },
        "2004-04": {
            "month": "2004-04",
            "price": "44.32",
            "revenue": 213947
        },
        "2004-05": {
            "month": "2004-05",
            "price": "37.28",
            "revenue": 240547
        },
        "2004-06": {
            "month": "2004-06",
            "price": "36.15",
            "revenue": 181967
        },
        "2004-07": {
            "month": "2004-07",
            "price": "31.47",
            "revenue": 190120
        },
        "2004-08": {
            "month": "2004-08",
            "price": "27.72",
            "revenue": 174055
        },
        "2004-09": {
            "month": "2004-09",
            "price": "26.21",
            "revenue": 183767
        },
        "2004-10": {
            "month": "2004-10",
            "price": "25.23",
            "revenue": 170826
        },
        "2004-11": {
            "month": "2004-11",
            "price": "24.24",
            "revenue": 196588
        },
        "2004-12": {
            "month": "2004-12",
            "price": "23.57",
            "revenue": 219354
        },
        "2005-01": {
            "month": "2005-01",
            "price": "21.38",
            "revenue": 156825
        },
        "2005-02": {
            "month": "2005-02",
            "price": "22.28",
            "revenue": 260058
        },
        "2005-03": {
            "month": "2005-03",
            "price": "23.83",
            "revenue": 184371
        },
        "2005-04": {
            "month": "2005-04",
            "price": "23.32",
            "revenue": 196841
        },
        "2005-05": {
            "month": "2005-05",
            "price": "23.15",
            "revenue": 160803
        },
        "2005-06": {
            "month": "2005-06",
            "price": "23.89",
            "revenue": 236539
        },
        "2005-07": {
            "month": "2005-07",
            "price": "24.58",
            "revenue": 213409
        },
        "2005-08": {
            "month": "2005-08",
            "price": "21.39",
            "revenue": 200050
        },
        "2005-09": {
            "month": "2005-09",
            "price": "18.51",
            "revenue": 208804
        },
        "2005-10": {
            "month": "2005-10",
            "price": "16.50",
            "revenue": 231090
        },
        "2005-11": {
            "month": "2005-11",
            "price": "16.61",
            "revenue": 257364
        },
        "2005-12": {
            "month": "2005-12",
            "price": "19.77",
            "revenue": 166891
        },
        "2006-01": {
            "month": "2006-01",
            "price": "20.26",
            "revenue": 216439
        },
        "2006-02": {
            "month": "2006-02",
            "price": "17.99",
            "revenue": 220695
        },
        "2006-03": {
            "month": "2006-03",
            "price": "17.01",
            "revenue": 229552
        },
        "2006-04": {
            "month": "2006-04",
            "price": "17.56",
            "revenue": 221281
        },
        "2006-05": {
            "month": "2006-05",
            "price": "18.28",
            "revenue": 264290
        },
        "2006-06": {
            "month": "2006-06",
            "price": "15.28",
            "revenue": 279465
        },
        "2006-07": {
            "month": "2006-07",
            "price": "14.69",
            "revenue": 209302
        },
        "2006-08": {
            "month": "2006-08",
            "price": "13.83",
            "revenue": 231795
        },
        "2006-09": {
            "month": "2006-09",
            "price": "14.19",
            "revenue": 221821
        },
        "2006-10": {
            "month": "2006-10",
            "price": "15.18",
            "revenue": 249377
        },
        "2006-11": {
            "month": "2006-11",
            "price": "18.37",
            "revenue": 169507
        },
        "2006-12": {
            "month": "2006-12",
            "price": "22.17",
            "revenue": 164948
        },
        "2007-01": {
            "month": "2007-01",
            "price": "18.47",
            "revenue": 138320
        },
        "2007-02": {
            "month": "2007-02",
            "price": "18.13",
            "revenue": 103845
        },
        "2007-03": {
            "month": "2007-03",
            "price": "17.48",
            "revenue": 177615
        },
        "2007-04": {
            "month": "2007-04",
            "price": "19.67",
            "revenue": 165991
        },
        "2007-05": {
            "month": "2007-05",
            "price": "19.40",
            "revenue": 196796
        },
        "2007-06": {
            "month": "2007-06",
            "price": "20.34",
            "revenue": 214167
        },
        "2007-07": {
            "month": "2007-07",
            "price": "21.48",
            "revenue": 157655
        },
        "2007-08": {
            "month": "2007-08",
            "price": "16.83",
            "revenue": 167822
        },
        "2007-09": {
            "month": "2007-09",
            "price": "18.56",
            "revenue": 237869
        },
        "2007-10": {
            "month": "2007-10",
            "price": "18.93",
            "revenue": 229808
        },
        "2007-11": {
            "month": "2007-11",
            "price": "17.82",
            "revenue": 171846
        },
        "2007-12": {
            "month": "2007-12",
            "price": "16.38",
            "revenue": 180447
        },
        "2008-01": {
            "month": "2008-01",
            "price": "15.39",
            "revenue": 218663
        },
        "2008-02": {
            "month": "2008-02",
            "price": "15.68",
            "revenue": 183301
        },
        "2008-03": {
            "month": "2008-03",
            "price": "16.74",
            "revenue": 216529
        },
        "2008-04": {
            "month": "2008-04",
            "price": "19.91",
            "revenue": 181942
        },
        "2008-05": {
            "month": "2008-05",
            "price": "19.94",
            "revenue": 162215
        },
        "2008-06": {
            "month": "2008-06",
            "price": "18.77",
            "revenue": 168525
        },
        "2008-07": {
            "month": "2008-07",
            "price": "16.96",
            "revenue": 150539
        },
        "2008-08": {
            "month": "2008-08",
            "price": "13.92",
            "revenue": 215900
        },
        "2008-09": {
            "month": "2008-09",
            "price": "11.45",
            "revenue": 203137
        },
        "2008-10": {
            "month": "2008-10",
            "price": "10.40",
            "revenue": 164987
        },
        "2008-11": {
            "month": "2008-11",
            "price": "10.21",
            "revenue": 96361
        },
        "2008-12": {
            "month": "2008-12",
            "price": "8.87",
            "revenue": 36321
        },
        "2009-01": {
            "month": "2009-01",
            "price": "7.37",
            "revenue": 88232
        },
        "2009-02": {
            "month": "2009-02",
            "price": "8.06",
            "revenue": 66117
        },
        "2009-03": {
            "month": "2009-03",
            "price": "9.06",
            "revenue": 106594
        },
        "2009-04": {
            "month": "2009-04",
            "price": "11.21",
            "revenue": 136051
        },
        "2009-05": {
            "month": "2009-05",
            "price": "11.94",
            "revenue": 133792
        },
        "2009-06": {
            "month": "2009-06",
            "price": "12.73",
            "revenue": 124822
        },
        "2009-07": {
            "month": "2009-07",
            "price": "13.62",
            "revenue": 119627
        },
        "2009-08": {
            "month": "2009-08",
            "price": "12.23",
            "revenue": 128426
        },
        "2009-09": {
            "month": "2009-09",
            "price": "12.48",
            "revenue": 113267
        },
        "2009-10": {
            "month": "2009-10",
            "price": "13.35",
            "revenue": 89309
        },
        "2009-11": {
            "month": "2009-11",
            "price": "12.86",
            "revenue": 84671
        },
        "2009-12": {
            "month": "2009-12",
            "price": "12.82",
            "revenue": 79323
        },
        "2010-01": {
            "month": "2010-01",
            "price": "13.38",
            "revenue": 92789
        },
        "2010-02": {
            "month": "2010-02",
            "price": "12.83",
            "revenue": 63383
        },
        "2010-03": {
            "month": "2010-03",
            "price": "13.72",
            "revenue": 92970
        },
        "2010-04": {
            "month": "2010-04",
            "price": "14.36",
            "revenue": 125053
        },
        "2010-05": {
            "month": "2010-05",
            "price": "14.32",
            "revenue": 95076
        },
        "2010-06": {
            "month": "2010-06",
            "price": "13.33",
            "revenue": 84687
        },
        "2010-07": {
            "month": "2010-07",
            "price": "13.75",
            "revenue": 95809
        },
        "2010-08": {
            "month": "2010-08",
            "price": "13.47",
            "revenue": 79799
        },
        "2010-09": {
            "month": "2010-09",
            "price": "13.41",
            "revenue": 90702
        },
        "2010-10": {
            "month": "2010-10",
            "price": "13.37",
            "revenue": 91509
        },
        "2010-11": {
            "month": "2010-11",
            "price": "12.77",
            "revenue": 97656
        },
        "2010-12": {
            "month": "2010-12",
            "price": "12.96",
            "revenue": 110564
        },
        "2011-01": {
            "month": "2011-01",
            "price": "13.08",
            "revenue": 121956
        },
        "2011-02": {
            "month": "2011-02",
            "price": "13.16",
            "revenue": 77924
        },
        "2011-03": {
            "month": "2011-03",
            "price": "13.28",
            "revenue": 116845
        },
        "2011-04": {
            "month": "2011-04",
            "price": "13.24",
            "revenue": 98062
        },
        "2011-05": {
            "month": "2011-05",
            "price": "13.10",
            "revenue": 111578
        },
        "2011-06": {
            "month": "2011-06",
            "price": "13.34",
            "revenue": 101208
        },
        "2011-07": {
            "month": "2011-07",
            "price": "16.64",
            "revenue": 104626
        },
        "2011-08": {
            "month": "2011-08",
            "price": "12.39",
            "revenue": 113783
        },
        "2011-09": {
            "month": "2011-09",
            "price": "11.40",
            "revenue": 99143
        },
        "2011-10": {
            "month": "2011-10",
            "price": "10.82",
            "revenue": 82087
        },
        "2011-11": {
            "month": "2011-11",
            "price": "12.57",
            "revenue": 109247
        },
        "2011-12": {
            "month": "2011-12",
            "price": "11.93",
            "revenue": 135450
        },
        "2012-01": {
            "month": "2012-01",
            "price": "12.16",
            "revenue": 88240
        },
        "2012-02": {
            "month": "2012-02",
            "price": "13.14",
            "revenue": 83925
        },
        "2012-03": {
            "month": "2012-03",
            "price": "12.17",
            "revenue": 104697
        },
        "2012-04": {
            "month": "2012-04",
            "price": "11.85",
            "revenue": 107741
        },
        "2012-05": {
            "month": "2012-05",
            "price": "11.11",
            "revenue": 104047
        },
        "2012-06": {
            "month": "2012-06",
            "price": "10.85",
            "revenue": 92150
        },
        "2012-07": {
            "month": "2012-07",
            "price": "10.48",
            "revenue": 103629
        },
        "2012-08": {
            "month": "2012-08",
            "price": "10.53",
            "revenue": 110296
        },
        "2012-09": {
            "month": "2012-09",
            "price": "10.78",
            "revenue": 101812
        },
        "2012-10": {
            "month": "2012-10",
            "price": "10.95",
            "revenue": 126393
        },
        "2012-11": {
            "month": "2012-11",
            "price": "11.41",
            "revenue": 172165
        },
        "2012-12": {
            "month": "2012-12",
            "price": "11.51",
            "revenue": 167117
        },
        "2013-01": {
            "month": "2013-01",
            "price": "11.97",
            "revenue": 140925
        },
        "2013-02": {
            "month": "2013-02",
            "price": "11.87",
            "revenue": 142532
        },
        "2013-03": {
            "month": "2013-03",
            "price": "13.15",
            "revenue": 149077
        },
        "2013-04": {
            "month": "2013-04",
            "price": "12.89",
            "revenue": 110885
        },
        "2013-05": {
            "month": "2013-05",
            "price": "13.04",
            "revenue": 101101
        },
        "2013-06": {
            "month": "2013-06",
            "price": "12.71",
            "revenue": 112508
        },
        "2013-07": {
            "month": "2013-07",
            "price": "12.57",
            "revenue": 113230
        },
        "2013-08": {
            "month": "2013-08",
            "price": "12.14",
            "revenue": 102148
        },
        "2013-09": {
            "month": "2013-09",
            "price": "11.81",
            "revenue": 112444
        },
        "2013-10": {
            "month": "2013-10",
            "price": "12.20",
            "revenue": 97433
        },
        "2013-11": {
            "month": "2013-11",
            "price": "11.91",
            "revenue": 95834
        },
        "2013-12": {
            "month": "2013-12",
            "price": "11.72",
            "revenue": 130792
        },
        "2014-01": {
            "month": "2014-01",
            "price": "12.14",
            "revenue": 146501
        },
        "2014-02": {
            "month": "2014-02",
            "price": "12.59",
            "revenue": 114684
        },
        "2014-03": {
            "month": "2014-03",
            "price": "13.89",
            "revenue": 121828
        },
        "2014-04": {
            "month": "2014-04",
            "price": "15.41",
            "revenue": 143778
        },
        "2014-05": {
            "month": "2014-05",
            "price": "16.09",
            "revenue": 140462
        },
        "2014-06": {
            "month": "2014-06",
            "price": "16.67",
            "revenue": 133224
        },
        "2014-07": {
            "month": "2014-07",
            "price": "17.12",
            "revenue": 148752
        },
        "2014-08": {
            "month": "2014-08",
            "price": "15.34",
            "revenue": 157689
        },
        "2014-09": {
            "month": "2014-09",
            "price": "15.28",
            "revenue": 154195
        },
        "2014-10": {
            "month": "2014-10",
            "price": "15.84",
            "revenue": 157333
        },
        "2014-11": {
            "month": "2014-11",
            "price": "16.28",
            "revenue": 173699
        },
        "2014-12": {
            "month": "2014-12",
            "price": "17.26",
            "revenue": 148060
        },
        "2015-01": {
            "month": "2015-01",
            "price": "16.60",
            "revenue": 184849
        },
        "2015-02": {
            "month": "2015-02",
            "price": "15.98",
            "revenue": 136950
        },
        "2015-03": {
            "month": "2015-03",
            "price": "16.48",
            "revenue": 149168
        },
        "2015-04": {
            "month": "2015-04",
            "price": "16.35",
            "revenue": 166477
        },
        "2015-05": {
            "month": "2015-05",
            "price": "15.40",
            "revenue": 144164
        },
        "2015-06": {
            "month": "2015-06",
            "price": "14.53",
            "revenue": 149850
        },
        "2015-07": {
            "month": "2015-07",
            "price": "13.33",
            "revenue": 158706
        },
        "2015-08": {
            "month": "2015-08",
            "price": "11.15",
            "revenue": 166663
        },
        "2015-09": {
            "month": "2015-09",
            "price": "11.32",
            "revenue": 209142
        },
        "2015-10": {
            "month": "2015-10",
            "price": "12.71",
            "revenue": 162809
        },
        "2015-11": {
            "month": "2015-11",
            "price": "14.23",
            "revenue": 157231
        },
        "2015-12": {
            "month": "2015-12",
            "price": "13.17",
            "revenue": 133346
        },
        "2016-01": {
            "month": "2016-01",
            "price": "11.97",
            "revenue": 152269
        },
        "2016-02": {
            "month": "2016-02",
            "price": "12.59",
            "revenue": 78458
        },
        "2016-03": {
            "month": "2016-03",
            "price": "13.20",
            "revenue": 115814
        },
        "2016-04": {
            "month": "2016-04",
            "price": "12.18",
            "revenue": 112853
        },
        "2016-05": {
            "month": "2016-05",
            "price": "10.91",
            "revenue": 142096
        },
        "2016-06": {
            "month": "2016-06",
            "price": "11.10",
            "revenue": 152618
        },
        "2016-07": {
            "month": "2016-07",
            "price": "12.22",
            "revenue": 191041
        },
        "2016-08": {
            "month": "2016-08",
            "price": "11.38",
            "revenue": 198190
        },
        "2016-09": {
            "month": "2016-09",
            "price": "11.30",
            "revenue": 178557
        },
        "2016-10": {
            "month": "2016-10",
            "price": "11.26",
            "revenue": 172297
        },
        "2016-11": {
            "month": "2016-11",
            "price": "10.71",
            "revenue": 162686
        },
        "2016-12": {
            "month": "2016-12",
            "price": "10.32",
            "revenue": 153803
        },
        "2017-01": {
            "month": "2017-01",
            "price": "10.42",
            "revenue": 128555
        },
        "2017-02": {
            "month": "2017-02",
            "price": "11.71",
            "revenue": 124794
        },
        "2017-03": {
            "month": "2017-03",
            "price": "11.69",
            "revenue": 151093
        },
        "2017-04": {
            "month": "2017-04",
            "price": "11.81",
            "revenue": 163963
        },
        "2017-05": {
            "month": "2017-05",
            "price": "12.10",
            "revenue": 177673
        },
        "2017-06": {
            "month": "2017-06",
            "price": "12.03",
            "revenue": 211963
        },
        "2017-07": {
            "month": "2017-07",
            "price": "13.20",
            "revenue": 219923
        },
        "2017-08": {
            "month": "2017-08",
            "price": "16.42",
            "revenue": 227660
        },
        "2017-09": {
            "month": "2017-09",
            "price": "16.82",
            "revenue": 195034
        },
        "2017-10": {
            "month": "2017-10",
            "price": "16.03",
            "revenue": 204525
        },
        "2017-11": {
            "month": "2017-11",
            "price": "16.13",
            "revenue": 201810
        },
        "2017-12": {
            "month": "2017-12",
            "price": "16.07",
            "revenue": 188212
        },
        "2018-01": {
            "month": "2018-01",
            "price": "16.89",
            "revenue": 214439
        },
        "2018-02": {
            "month": "2018-02",
            "price": "16.89",
            "revenue": 200479
        },
        "2018-03": {
            "month": "2018-03",
            "price": "21.40",
            "revenue": 209441
        },
        "2018-04": {
            "month": "2018-04",
            "price": "20.47",
            "revenue": 233319
        },
        "2018-05": {
            "month": "2018-05",
            "price": "24.04",
            "revenue": 263419
        },
        "2018-06": {
            "month": "2018-06",
            "price": "34.88",
            "revenue": 263203
        },
        "2018-07": {
            "month": "2018-07",
            "price": "43.85",
            "revenue": 332670
        },
        "2018-08": {
            "month": "2018-08",
            "price": "38.25",
            "revenue": 349353
        },
        "2018-09": {
            "month": "2018-09",
            "price": "32.55",
            "revenue": 380585
        },
        "2018-10": {
            "month": "2018-10",
            "price": "29.97",
            "revenue": 390842
        },
        "2018-11": {
            "month": "2018-11",
            "price": "28.81",
            "revenue": 358575
        },
        "2018-12": {
            "month": "2018-12",
            "price": "30.06",
            "revenue": 310449
        },
        "2019-01": {
            "month": "2019-01",
            "price": "27.86",
            "revenue": 359346
        },
        "2019-02": {
            "month": "2019-02",
            "price": "31.35",
            "revenue": 278042
        },
        "2019-03": {
            "month": "2019-03",
            "price": "35.79",
            "revenue": 332274
        },
        "2019-04": {
            "month": "2019-04",
            "price": "36.94",
            "revenue": 323305
        },
        "2019-05": {
            "month": "2019-05",
            "price": "35.01",
            "revenue": 342203
        },
        "2019-06": {
            "month": "2019-06",
            "price": "35.06",
            "revenue": 351066
        },
        "2019-07": {
            "month": "2019-07",
            "price": "37.00",
            "revenue": 371725
        },
        "2019-08": {
            "month": "2019-08",
            "price": "34.67",
            "revenue": 349585
        },
        "2019-09": {
            "month": "2019-09",
            "price": "33.42",
            "revenue": 338535
        },
        "2019-10": {
            "month": "2019-10",
            "price": "31.24",
            "revenue": 290630
        },
        "2019-11": {
            "month": "2019-11",
            "price": "30.09",
            "revenue": 286835
        },
        "2019-12": {
            "month": "2019-12",
            "price": "29.77",
            "revenue": 296823
        },
        "2020-01": {
            "month": "2020-01",
            "price": "29.50",
            "revenue": 290836
        },
        "2020-02": {
            "month": "2020-02",
            "price": "26.24",
            "revenue": 214101
        },
        "2020-03": {
            "month": "2020-03",
            "price": "20.83",
            "revenue": 285151
        },
        "2020-04": {
            "month": "2020-04",
            "price": "20.33",
            "revenue": 291680
        },
        "2020-05": {
            "month": "2020-05",
            "price": "21.78",
            "revenue": 246568
        },
        "2020-06": {
            "month": "2020-06",
            "price": "22.49",
            "revenue": 254967
        },
        "2020-07": {
            "month": "2020-07",
            "price": "22.38",
            "revenue": 264524
        },
        "2020-08": {
            "month": "2020-08",
            "price": "19.80",
            "revenue": 220307
        },
        "2020-09": {
            "month": "2020-09",
            "price": "19.02",
            "revenue": 241110
        },
        "2020-10": {
            "month": "2020-10",
            "price": "18.69",
            "revenue": 271765
        },
        "2020-11": {
            "month": "2020-11",
            "price": "19.16",
            "revenue": 267968
        },
        "2020-12": {
            "month": "2020-12",
            "price": "21.91",
            "revenue": 339447
        },
        "2021-01": {
            "month": "2021-01",
            "price": "22.88",
            "revenue": 313194
        },
        "2021-02": {
            "month": "2021-02",
            "price": "22.16",
            "revenue": 218007
        },
        "2021-03": {
            "month": "2021-03",
            "price": "22.99",
            "revenue": 293699
        },
        "2021-04": {
            "month": "2021-04",
            "price": "24.61",
            "revenue": 294398
        },
        "2021-05": {
            "month": "2021-05",
            "price": "24.42",
            "revenue": 311058
        },
        "2021-06": {
            "month": "2021-06",
            "price": "24.33",
            "revenue": 292912
        },
        "2021-07": {
            "month": "2021-07",
            "price": "26.21",
            "revenue": 305496
        },
        "2021-08": {
            "month": "2021-08",
            "price": "35.12",
            "revenue": 315898
        },
        "2021-09": {
            "month": "2021-09",
            "price": "26.61",
            "revenue": 333445
        },
        "2021-10": {
            "month": "2021-10",
            "price": "25.04",
            "revenue": 310954
        },
        "2021-11": {
            "month": "2021-11",
            "price": "26.64",
            "revenue": 349161
        },
        "2021-12": {
            "month": "2021-12",
            "price": "28.92",
            "revenue": 376144
        },
        "2022-01": {
            "month": "2022-01",
            "price": "27.77",
            "revenue": 267990
        },
        "2022-02": {
            "month": "2022-02",
            "price": "27.01",
            "revenue": 218040
        },
        "2022-03": {
            "month": "2022-03",
            "price": "26.37",
            "revenue": 269114
        },
        "2022-04": {
            "month": "2022-04",
            "price": "26.33",
            "revenue": 426369
        },
        "2022-05": {
            "month": "2022-05",
            "price": "27.33",
            "revenue": 275102
        },
        "2022-06": {
            "month": "2022-06",
            "price": "26.99",
            "revenue": 264774
        },
        "2022-07": {
            "month": "2022-07",
            "price": "25.57",
            "revenue": 279903
        },
        "2022-08": {
            "month": "2022-08",
            "price": "27.18",
            "revenue": 254681
        },
        "2022-09": {
            "month": "2022-09",
            "price": "26.73",
            "revenue": 266275
        },
        "2022-10": {
            "month": "2022-10",
            "price": "25.38",
            "revenue": 253597
        },
        "2022-11": {
            "month": "2022-11",
            "price": "26.01",
            "revenue": 253128
        },
        "2022-12": {
            "month": "2022-12",
            "price": "26.20",
            "revenue": 227268
        },
        "2023-01": {
            "month": "2023-01",
            "price": "25.47",
            "revenue": 200009
        },
        "2023-02": {
            "month": "2023-02",
            "price": "26.44",
            "revenue": 182400
        },
        "2023-03": {
            "month": "2023-03",
            "price": "27.54",
            "revenue": 209415
        },
        "2023-04": {
            "month": "2023-04",
            "price": "27.37",
            "revenue": 195428
        },
        "2023-05": {
            "month": "2023-05",
            "price": "26.67",
            "revenue": 254389
        },
        "2023-06": {
            "month": "2023-06",
            "price": "27.28",
            "revenue": 273333
        },
        "2023-07": {
            "month": "2023-07",
            "price": "29.05",
            "revenue": 223958
        },
        "2023-08": {
            "month": "2023-08",
            "price": "26.43",
            "revenue": 291542
        },
        "2023-09": {
            "month": "2023-09",
            "price": "27.36",
            "revenue": 251492
        },
        "2023-10": {
            "month": "2023-10",
            "price": "26.56",
            "revenue": 218805
        },
        "2023-11": {
            "month": "2023-11",
            "price": "26.82",
            "revenue": 215752
        },
        "2023-12": {
            "month": "2023-12",
            "price": "26.96",
            "revenue": 232063
        }
    }
}
