{
    "summary": {
        "stock_name": "富榮綱",
        "stock_id": "3115",
        "category": "電子零組件",
        "main_business": "電子零組件製造業；電器及視聽電子產品製造業；模具製造業；<br>電子材料批發業；鋼鐵、鋁、銅及鎂基本工業；電子材料零售業<br>國際貿易業；其他金屬製品製造業；資訊軟體服務業；其他",
        "website_url": "http://www.tscl.com.tw",
        "ceo": "陳銘寬",
        "pe_ratio": -17,
        "report_year_from": 2001,
        "report_year_to": 2023,
        "age": 22,
        "eps_negative_percentage": 60,
        "eps_growth_avg": {
            "last_all": -49.47,
            "last_2y": null,
            "last_4y": -100,
            "last_8y": -84.85,
            "last_12y": -47.88,
            "last_16y": -58.56,
            "last_20y": null,
            "at_2006_last_3y": null,
            "at_2007_last_3y": null,
            "at_2008_last_3y": -52.12,
            "at_2009_last_3y": -85.26,
            "at_2010_last_3y": -100,
            "at_2011_last_3y": null,
            "at_2012_last_3y": null,
            "at_2013_last_3y": 100,
            "at_2014_last_3y": 29.27,
            "at_2015_last_3y": -13.13,
            "at_2016_last_3y": -34.85,
            "at_2017_last_3y": -79.79,
            "at_2018_last_3y": -99.31,
            "at_2019_last_3y": -100,
            "at_2020_last_3y": -100,
            "at_2021_last_3y": -100,
            "at_2022_last_3y": null,
            "at_2023_last_3y": null,
            "at_2006_last_all": -28.18,
            "at_2007_last_all": -52.12,
            "at_2008_last_all": -52.12,
            "at_2009_last_all": -52.12,
            "at_2010_last_all": -52.12,
            "at_2011_last_all": -52.12,
            "at_2012_last_all": -52.12,
            "at_2013_last_all": -14.09,
            "at_2014_last_all": -19.57,
            "at_2015_last_all": -32.62,
            "at_2016_last_all": -42.25,
            "at_2017_last_all": -42.25,
            "at_2018_last_all": -49.47,
            "at_2019_last_all": -49.47,
            "at_2020_last_all": -49.47,
            "at_2021_last_all": -49.47,
            "at_2022_last_all": -49.47,
            "at_2023_last_all": -49.47
        },
        "latest_eps": -0.61,
        "latest_price": 10.1,
        "latest_roe": -11.49,
        "latest_gross_margin": 28.94,
        "latest_equity": 218022,
        "latest_revenue": 387,
        "latest_gross_profit": 112,
        "latest_net_income": -5452,
        "latest_debt_ratio": 3.76,
        "latest_current_ratio": 2590.89,
        "latest_account_receivable_turnover_ratio": 1.52,
        "latest_inventory_turnover_ratio": 1.96,
        "latest_reinvestment_rate": null,
        "latest_research_to_sale_ratio": null
    },
    "eps_dividends": {
        "2001": {
            "cash": 0,
            "stock": 0,
            "eps": 0
        },
        "2002": {
            "cash": 0,
            "stock": 0,
            "eps": 0
        },
        "2003": {
            "cash": 0.8,
            "stock": 0,
            "eps": 0
        },
        "2004": {
            "cash": 2,
            "stock": 0,
            "eps": 2.05
        },
        "2005": {
            "cash": 2,
            "stock": 0.5,
            "eps": 2.34
        },
        "2006": {
            "cash": 1,
            "stock": 1,
            "eps": 0.69
        },
        "2007": {
            "cash": 0,
            "stock": 0,
            "eps": -0.16
        },
        "2008": {
            "cash": 0,
            "stock": 0,
            "eps": -1.76
        },
        "2009": {
            "cash": 0,
            "stock": 0,
            "eps": -2.14
        },
        "2010": {
            "cash": 0,
            "stock": 0,
            "eps": -1.14
        },
        "2011": {
            "cash": 0,
            "stock": 0,
            "eps": -0.06
        },
        "2012": {
            "cash": 0,
            "stock": 0,
            "eps": 0.31
        },
        "2013": {
            "cash": 0,
            "stock": 0,
            "eps": 0.82
        },
        "2014": {
            "cash": 0,
            "stock": 0,
            "eps": 0.48
        },
        "2015": {
            "cash": 0,
            "stock": 0,
            "eps": 0.01
        },
        "2016": {
            "cash": 0,
            "stock": 0,
            "eps": -0.1
        },
        "2017": {
            "cash": 0,
            "stock": 0,
            "eps": 0.52
        },
        "2018": {
            "cash": 0,
            "stock": 0,
            "eps": -1.38
        },
        "2019": {
            "cash": 0,
            "stock": 0,
            "eps": -1.04
        },
        "2020": {
            "cash": 0,
            "stock": 0,
            "eps": -1.01
        },
        "2021": {
            "cash": 0,
            "stock": 0,
            "eps": -0.33
        },
        "2022": {
            "cash": 0,
            "stock": 0,
            "eps": -0.33
        },
        "2023": {
            "cash": 0,
            "stock": 0,
            "eps": -0.32
        }
    },
    "dividends": {
        "2003-06-27": {
            "cash": 0.8,
            "stock": 0
        },
        "2004-04-22": {
            "cash": 2,
            "stock": 0
        },
        "2005-04-18": {
            "cash": 2,
            "stock": 0.5
        },
        "2006-03-24": {
            "cash": 1,
            "stock": 1
        }
    },
    "prices": {
        "200101": "無",
        "200102": "無",
        "200103": "無",
        "200104": "無",
        "200105": "無",
        "200106": "無",
        "200107": "無",
        "200108": "無",
        "200109": "無",
        "200110": "無",
        "200111": "無",
        "200112": "無",
        "200201": "無",
        "200202": "無",
        "200203": "無",
        "200204": "無",
        "200205": "無",
        "200206": "無",
        "200207": "無",
        "200208": "無",
        "200209": "無",
        "200210": "無",
        "200211": "無",
        "200212": "無",
        "200301": "無",
        "200302": "無",
        "200303": "無",
        "200304": "無",
        "200305": "無",
        "200306": "無",
        "200307": "無",
        "200308": "無",
        "200309": "無",
        "200310": "無",
        "200311": "18.20",
        "200312": "19.44",
        "200401": "25.45",
        "200402": "29.91",
        "200403": "29.70",
        "200404": "30.93",
        "200405": "24.78",
        "200406": "24.08",
        "200407": "20.50",
        "200408": "18.62",
        "200409": "17.12",
        "200410": "無",
        "200411": "16.50",
        "200412": "無",
        "200501": "無",
        "200502": "16.98",
        "200503": "18.64",
        "200504": "20.69",
        "200505": "25.87",
        "200506": "27.10",
        "200507": "29.02",
        "200508": "18.79",
        "200509": "16.72",
        "200510": "18.02",
        "200511": "18.37",
        "200512": "21.05",
        "200601": "30.34",
        "200602": "31.45",
        "200603": "27.10",
        "200604": "33.91",
        "200605": "30.45",
        "200606": "23.53",
        "200607": "23.29",
        "200608": "22.21",
        "200609": "21.82",
        "200610": "28.08",
        "200611": "27.66",
        "200612": "22.23",
        "200701": "22.71",
        "200702": "19.90",
        "200703": "19.10",
        "200704": "19.45",
        "200705": "19.69",
        "200706": "18.70",
        "200707": "19.36",
        "200708": "14.72",
        "200709": "13.02",
        "200710": "13.26",
        "200711": "12.25",
        "200712": "10.27",
        "200801": "9.08",
        "200802": "8.94",
        "200803": "9.31",
        "200804": "9.91",
        "200805": "9.66",
        "200806": "9.81",
        "200807": "8.90",
        "200808": "9.70",
        "200809": "8.89",
        "200810": "7.55",
        "200811": "6.73",
        "200812": "5.63",
        "200901": "5.00",
        "200902": "4.48",
        "200903": "5.60",
        "200904": "8.07",
        "200905": "8.85",
        "200906": "8.80",
        "200907": "9.98",
        "200908": "9.99",
        "200909": "11.62",
        "200910": "13.69",
        "200911": "13.31",
        "200912": "13.45",
        "201001": "14.79",
        "201002": "13.40",
        "201003": "14.55",
        "201004": "15.10",
        "201005": "13.88",
        "201006": "13.30",
        "201007": "13.97",
        "201008": "14.32",
        "201009": "13.78",
        "201010": "13.38",
        "201011": "13.08",
        "201012": "13.28",
        "201101": "13.30",
        "201102": "13.12",
        "201103": "14.67",
        "201104": "15.46",
        "201105": "14.92",
        "201106": "14.40",
        "201107": "14.50",
        "201108": "13.06",
        "201109": "12.98",
        "201110": "12.39",
        "201111": "11.92",
        "201112": "10.48",
        "201201": "10.16",
        "201202": "12.06",
        "201203": "11.84",
        "201204": "11.82",
        "201205": "11.33",
        "201206": "11.00",
        "201207": "10.96",
        "201208": "10.83",
        "201209": "11.02",
        "201210": "11.28",
        "201211": "10.93",
        "201212": "10.52",
        "201301": "10.72",
        "201302": "10.56",
        "201303": "10.49",
        "201304": "10.36",
        "201305": "10.28",
        "201306": "10.05",
        "201307": "9.98",
        "201308": "10.09",
        "201309": "10.66",
        "201310": "10.71",
        "201311": "13.22",
        "201312": "16.67",
        "201401": "16.31",
        "201402": "14.75",
        "201403": "15.02",
        "201404": "14.85",
        "201405": "14.59",
        "201406": "14.35",
        "201407": "15.50",
        "201408": "16.39",
        "201409": "16.09",
        "201410": "15.36",
        "201411": "14.48",
        "201412": "14.34",
        "201501": "14.18",
        "201502": "14.00",
        "201503": "14.13",
        "201504": "14.28",
        "201505": "13.27",
        "201506": "11.39",
        "201507": "11.01",
        "201508": "10.04",
        "201509": "9.57",
        "201510": "9.94",
        "201511": "11.29",
        "201512": "13.44",
        "201601": "13.46",
        "201602": "13.25",
        "201603": "12.42",
        "201604": "12.27",
        "201605": "11.81",
        "201606": "11.43",
        "201607": "11.86",
        "201608": "13.66",
        "201609": "13.53",
        "201610": "12.91",
        "201611": "12.67",
        "201612": "11.79",
        "201701": "10.43",
        "201702": "12.46",
        "201703": "12.90",
        "201704": "12.35",
        "201705": "12.40",
        "201706": "12.48",
        "201707": "12.36",
        "201708": "12.11",
        "201709": "11.69",
        "201710": "11.40",
        "201711": "11.53",
        "201712": "11.74",
        "201801": "11.66",
        "201802": "11.60",
        "201803": "17.16",
        "201804": "29.91",
        "201805": "28.93",
        "201806": "29.92",
        "201807": "26.22",
        "201808": "20.48",
        "201809": "21.27",
        "201810": "22.75",
        "201811": "19.60",
        "201812": "19.62",
        "201901": "23.36",
        "201902": "22.67",
        "201903": "21.62",
        "201904": "20.93",
        "201905": "20.18",
        "201906": "18.85",
        "201907": "18.38",
        "201908": "16.89",
        "201909": "16.34",
        "201910": "16.05",
        "201911": "15.01",
        "201912": "13.02",
        "202001": "12.05",
        "202002": "11.71",
        "202003": "10.43",
        "202004": "9.53",
        "202005": "11.70",
        "202006": "14.20",
        "202007": "13.53",
        "202008": "13.30",
        "202009": "16.47",
        "202010": "15.66",
        "202011": "14.50",
        "202012": "15.16",
        "202101": "16.54",
        "202102": "16.67",
        "202103": "16.60",
        "202104": "16.13",
        "202105": "16.04",
        "202106": "15.34",
        "202107": "14.46",
        "202108": "14.24",
        "202109": "13.68",
        "202110": "13.05",
        "202111": "12.96",
        "202112": "15.10",
        "202201": "14.79",
        "202202": "13.32",
        "202203": "12.17",
        "202204": "11.67",
        "202205": "11.68",
        "202206": "11.88",
        "202207": "10.70",
        "202208": "11.79",
        "202209": "12.46",
        "202210": "11.23",
        "202211": "10.89",
        "202212": "10.95",
        "202301": "11.54",
        "202302": "11.69",
        "202303": "11.64",
        "202304": "11.08",
        "202305": "10.42",
        "202306": "10.57",
        "202307": "11.14",
        "202308": "10.43",
        "202309": "10.82",
        "202310": "10.40"
    },
    "quarters": {
        "20011": {
            "year_quarter": 20011,
            "year": 2001,
            "quarter": 1,
            "eps": null,
            "eps_growth_year": null,
            "eps_4q": null,
            "eps_4q_growth_year": null,
            "roe": null,
            "roe_4q": 0,
            "gross_profit": null,
            "gross_margin": null,
            "gross_margin_4q_avg": 0,
            "net_income": null,
            "net_income_4q": null,
            "revenue": null,
            "revenue_4q": null,
            "common_shares": null,
            "book_valuer_per_share": null,
            "book_valuer_per_share_4q_avg": 0,
            "equity": null,
            "current_ratio": null,
            "debt_ratio": null,
            "inventory_turnover_ratio": null,
            "account_receivable_turnover_ratio": null,
            "reinvestment_rate": null,
            "research_to_sale_ratio": null,
            "price_fair": 0,
            "eps_avg_yearly": 0,
            "eps_latest_yearly": 0,
            "eps_growth_yearly": 0
        },
        "20012": {
            "year_quarter": 20012,
            "year": 2001,
            "quarter": 2,
            "eps": null,
            "eps_growth_year": null,
            "eps_4q": null,
            "eps_4q_growth_year": null,
            "roe": null,
            "roe_4q": 0,
            "gross_profit": null,
            "gross_margin": null,
            "gross_margin_4q_avg": 0,
            "net_income": null,
            "net_income_4q": null,
            "revenue": null,
            "revenue_4q": null,
            "common_shares": null,
            "book_valuer_per_share": null,
            "book_valuer_per_share_4q_avg": 0,
            "equity": null,
            "current_ratio": null,
            "debt_ratio": null,
            "inventory_turnover_ratio": null,
            "account_receivable_turnover_ratio": null,
            "reinvestment_rate": null,
            "research_to_sale_ratio": null,
            "price_fair": 0,
            "eps_avg_yearly": 0,
            "eps_latest_yearly": 0,
            "eps_growth_yearly": 0
        },
        "20013": {
            "year_quarter": 20013,
            "year": 2001,
            "quarter": 3,
            "eps": null,
            "eps_growth_year": null,
            "eps_4q": null,
            "eps_4q_growth_year": null,
            "roe": null,
            "roe_4q": 0,
            "gross_profit": null,
            "gross_margin": null,
            "gross_margin_4q_avg": 0,
            "net_income": null,
            "net_income_4q": null,
            "revenue": null,
            "revenue_4q": null,
            "common_shares": null,
            "book_valuer_per_share": null,
            "book_valuer_per_share_4q_avg": 0,
            "equity": null,
            "current_ratio": null,
            "debt_ratio": null,
            "inventory_turnover_ratio": null,
            "account_receivable_turnover_ratio": null,
            "reinvestment_rate": null,
            "research_to_sale_ratio": null,
            "price_fair": 0,
            "eps_avg_yearly": 0,
            "eps_latest_yearly": 0,
            "eps_growth_yearly": 0
        },
        "20014": {
            "year_quarter": 20014,
            "year": 2001,
            "quarter": 4,
            "eps": null,
            "eps_growth_year": null,
            "eps_4q": null,
            "eps_4q_growth_year": null,
            "roe": null,
            "roe_4q": 0,
            "gross_profit": null,
            "gross_margin": null,
            "gross_margin_4q_avg": 0,
            "net_income": null,
            "net_income_4q": null,
            "revenue": null,
            "revenue_4q": null,
            "common_shares": 160000,
            "book_valuer_per_share": 10.65,
            "book_valuer_per_share_4q_avg": 2.66,
            "equity": 170348,
            "current_ratio": 205.79,
            "debt_ratio": 17.83,
            "inventory_turnover_ratio": null,
            "account_receivable_turnover_ratio": null,
            "reinvestment_rate": null,
            "research_to_sale_ratio": null,
            "price_fair": 0,
            "eps_avg_yearly": 0,
            "eps_latest_yearly": 0,
            "eps_growth_yearly": 0
        },
        "20021": {
            "year_quarter": 20021,
            "year": 2002,
            "quarter": 1,
            "eps": null,
            "eps_growth_year": null,
            "eps_4q": null,
            "eps_4q_growth_year": null,
            "roe": null,
            "roe_4q": 0,
            "gross_profit": null,
            "gross_margin": null,
            "gross_margin_4q_avg": 0,
            "net_income": null,
            "net_income_4q": null,
            "revenue": null,
            "revenue_4q": null,
            "common_shares": null,
            "book_valuer_per_share": null,
            "book_valuer_per_share_4q_avg": 2.66,
            "equity": null,
            "current_ratio": null,
            "debt_ratio": null,
            "inventory_turnover_ratio": null,
            "account_receivable_turnover_ratio": null,
            "reinvestment_rate": null,
            "research_to_sale_ratio": null,
            "price_fair": 0,
            "eps_avg_yearly": 0,
            "eps_latest_yearly": 0,
            "eps_growth_yearly": 0
        },
        "20022": {
            "year_quarter": 20022,
            "year": 2002,
            "quarter": 2,
            "eps": null,
            "eps_growth_year": null,
            "eps_4q": null,
            "eps_4q_growth_year": null,
            "roe": null,
            "roe_4q": 0,
            "gross_profit": null,
            "gross_margin": null,
            "gross_margin_4q_avg": 0,
            "net_income": null,
            "net_income_4q": null,
            "revenue": null,
            "revenue_4q": null,
            "common_shares": null,
            "book_valuer_per_share": null,
            "book_valuer_per_share_4q_avg": 2.66,
            "equity": null,
            "current_ratio": null,
            "debt_ratio": null,
            "inventory_turnover_ratio": null,
            "account_receivable_turnover_ratio": null,
            "reinvestment_rate": null,
            "research_to_sale_ratio": null,
            "price_fair": 0,
            "eps_avg_yearly": 0,
            "eps_latest_yearly": 0,
            "eps_growth_yearly": 0
        },
        "20023": {
            "year_quarter": 20023,
            "year": 2002,
            "quarter": 3,
            "eps": null,
            "eps_growth_year": null,
            "eps_4q": null,
            "eps_4q_growth_year": null,
            "roe": null,
            "roe_4q": 0,
            "gross_profit": null,
            "gross_margin": null,
            "gross_margin_4q_avg": 0,
            "net_income": null,
            "net_income_4q": null,
            "revenue": null,
            "revenue_4q": null,
            "common_shares": null,
            "book_valuer_per_share": null,
            "book_valuer_per_share_4q_avg": 2.66,
            "equity": null,
            "current_ratio": null,
            "debt_ratio": null,
            "inventory_turnover_ratio": null,
            "account_receivable_turnover_ratio": null,
            "reinvestment_rate": null,
            "research_to_sale_ratio": null,
            "price_fair": 0,
            "eps_avg_yearly": 0,
            "eps_latest_yearly": 0,
            "eps_growth_yearly": 0
        },
        "20024": {
            "year_quarter": 20024,
            "year": 2002,
            "quarter": 4,
            "eps": null,
            "eps_growth_year": null,
            "eps_4q": null,
            "eps_4q_growth_year": null,
            "roe": null,
            "roe_4q": 0,
            "gross_profit": null,
            "gross_margin": null,
            "gross_margin_4q_avg": 0,
            "net_income": null,
            "net_income_4q": null,
            "revenue": null,
            "revenue_4q": null,
            "common_shares": 160000,
            "book_valuer_per_share": 11.98,
            "book_valuer_per_share_4q_avg": 3,
            "equity": 191619,
            "current_ratio": 340.96,
            "debt_ratio": 13.32,
            "inventory_turnover_ratio": null,
            "account_receivable_turnover_ratio": null,
            "reinvestment_rate": null,
            "research_to_sale_ratio": null,
            "price_fair": 0,
            "eps_avg_yearly": 0,
            "eps_latest_yearly": 0,
            "eps_growth_yearly": 0
        },
        "20031": {
            "year_quarter": 20031,
            "year": 2003,
            "quarter": 1,
            "eps": null,
            "eps_growth_year": null,
            "eps_4q": null,
            "eps_4q_growth_year": null,
            "roe": null,
            "roe_4q": 0,
            "gross_profit": null,
            "gross_margin": null,
            "gross_margin_4q_avg": 0,
            "net_income": null,
            "net_income_4q": null,
            "revenue": null,
            "revenue_4q": null,
            "common_shares": null,
            "book_valuer_per_share": null,
            "book_valuer_per_share_4q_avg": 3,
            "equity": null,
            "current_ratio": null,
            "debt_ratio": null,
            "inventory_turnover_ratio": null,
            "account_receivable_turnover_ratio": null,
            "reinvestment_rate": null,
            "research_to_sale_ratio": null,
            "price_fair": 0,
            "eps_avg_yearly": 0,
            "eps_latest_yearly": 0,
            "eps_growth_yearly": 0
        },
        "20032": {
            "year_quarter": 20032,
            "year": 2003,
            "quarter": 2,
            "eps": null,
            "eps_growth_year": null,
            "eps_4q": null,
            "eps_4q_growth_year": null,
            "roe": null,
            "roe_4q": 0,
            "gross_profit": null,
            "gross_margin": null,
            "gross_margin_4q_avg": 0,
            "net_income": null,
            "net_income_4q": null,
            "revenue": null,
            "revenue_4q": null,
            "common_shares": null,
            "book_valuer_per_share": null,
            "book_valuer_per_share_4q_avg": 3,
            "equity": null,
            "current_ratio": null,
            "debt_ratio": null,
            "inventory_turnover_ratio": null,
            "account_receivable_turnover_ratio": null,
            "reinvestment_rate": null,
            "research_to_sale_ratio": null,
            "price_fair": 0,
            "eps_avg_yearly": 0,
            "eps_latest_yearly": 0,
            "eps_growth_yearly": 0
        },
        "20033": {
            "year_quarter": 20033,
            "year": 2003,
            "quarter": 3,
            "eps": null,
            "eps_growth_year": null,
            "eps_4q": null,
            "eps_4q_growth_year": null,
            "roe": null,
            "roe_4q": 0,
            "gross_profit": null,
            "gross_margin": null,
            "gross_margin_4q_avg": 0,
            "net_income": null,
            "net_income_4q": null,
            "revenue": null,
            "revenue_4q": null,
            "common_shares": null,
            "book_valuer_per_share": null,
            "book_valuer_per_share_4q_avg": 3,
            "equity": null,
            "current_ratio": null,
            "debt_ratio": null,
            "inventory_turnover_ratio": null,
            "account_receivable_turnover_ratio": null,
            "reinvestment_rate": null,
            "research_to_sale_ratio": null,
            "price_fair": 0,
            "eps_avg_yearly": 0,
            "eps_latest_yearly": 0,
            "eps_growth_yearly": 0
        },
        "20034": {
            "year_quarter": 20034,
            "year": 2003,
            "quarter": 4,
            "eps": null,
            "eps_growth_year": null,
            "eps_4q": null,
            "eps_4q_growth_year": null,
            "roe": null,
            "roe_4q": 0,
            "gross_profit": null,
            "gross_margin": null,
            "gross_margin_4q_avg": 0,
            "net_income": null,
            "net_income_4q": null,
            "revenue": null,
            "revenue_4q": null,
            "common_shares": 160000,
            "book_valuer_per_share": 14.24,
            "book_valuer_per_share_4q_avg": 3.56,
            "equity": 227773,
            "current_ratio": 187.27,
            "debt_ratio": 23.57,
            "inventory_turnover_ratio": null,
            "account_receivable_turnover_ratio": null,
            "reinvestment_rate": null,
            "research_to_sale_ratio": null,
            "price_fair": 0,
            "eps_avg_yearly": 0,
            "eps_latest_yearly": 0,
            "eps_growth_yearly": 0
        },
        "20041": {
            "year_quarter": 20041,
            "year": 2004,
            "quarter": 1,
            "eps": 0.19,
            "eps_growth_year": null,
            "eps_4q": null,
            "eps_4q_growth_year": null,
            "roe": 1.36,
            "roe_4q": 1.36,
            "gross_profit": 8173,
            "gross_margin": 31.26,
            "gross_margin_4q_avg": 7.82,
            "net_income": 3114,
            "net_income_4q": null,
            "revenue": 26147,
            "revenue_4q": null,
            "common_shares": 160000,
            "book_valuer_per_share": 14.3,
            "book_valuer_per_share_4q_avg": 7.14,
            "equity": 228803,
            "current_ratio": 203.7,
            "debt_ratio": 18.89,
            "inventory_turnover_ratio": null,
            "account_receivable_turnover_ratio": null,
            "reinvestment_rate": null,
            "research_to_sale_ratio": null,
            "price_fair": 0,
            "eps_avg_yearly": 0,
            "eps_latest_yearly": 0,
            "eps_growth_yearly": 0
        },
        "20042": {
            "year_quarter": 20042,
            "year": 2004,
            "quarter": 2,
            "eps": 0.63,
            "eps_growth_year": null,
            "eps_4q": null,
            "eps_4q_growth_year": null,
            "roe": 4.58,
            "roe_4q": 5.94,
            "gross_profit": 14355,
            "gross_margin": 43.56,
            "gross_margin_4q_avg": 18.71,
            "net_income": 10003,
            "net_income_4q": null,
            "revenue": 32954,
            "revenue_4q": null,
            "common_shares": 160000,
            "book_valuer_per_share": 13.02,
            "book_valuer_per_share_4q_avg": 10.39,
            "equity": 208393,
            "current_ratio": 121.96,
            "debt_ratio": 28.79,
            "inventory_turnover_ratio": null,
            "account_receivable_turnover_ratio": null,
            "reinvestment_rate": null,
            "research_to_sale_ratio": null,
            "price_fair": 88.2,
            "eps_avg_yearly": 2.52,
            "eps_latest_yearly": 2.52,
            "eps_growth_yearly": 926.32
        },
        "20043": {
            "year_quarter": 20043,
            "year": 2004,
            "quarter": 3,
            "eps": 0.78,
            "eps_growth_year": null,
            "eps_4q": null,
            "eps_4q_growth_year": null,
            "roe": 5.83,
            "roe_4q": 11.77,
            "gross_profit": 16880,
            "gross_margin": 47.03,
            "gross_margin_4q_avg": 30.46,
            "net_income": 12532,
            "net_income_4q": null,
            "revenue": 35893,
            "revenue_4q": null,
            "common_shares": 160000,
            "book_valuer_per_share": 13.83,
            "book_valuer_per_share_4q_avg": 13.85,
            "equity": 221291,
            "current_ratio": 172.47,
            "debt_ratio": 19.1,
            "inventory_turnover_ratio": null,
            "account_receivable_turnover_ratio": null,
            "reinvestment_rate": null,
            "research_to_sale_ratio": null,
            "price_fair": 98.7,
            "eps_avg_yearly": 2.82,
            "eps_latest_yearly": 3.12,
            "eps_growth_yearly": 510.78
        },
        "20044": {
            "year_quarter": 20044,
            "year": 2004,
            "quarter": 4,
            "eps": 0.45,
            "eps_growth_year": null,
            "eps_4q": 2.04,
            "eps_4q_growth_year": null,
            "roe": 3.27,
            "roe_4q": 15.04,
            "gross_profit": 11390,
            "gross_margin": 34.13,
            "gross_margin_4q_avg": 39,
            "net_income": 7247,
            "net_income_4q": null,
            "revenue": 33375,
            "revenue_4q": null,
            "common_shares": 160000,
            "book_valuer_per_share": 13.88,
            "book_valuer_per_share_4q_avg": 13.76,
            "equity": 222099,
            "current_ratio": 288.9,
            "debt_ratio": 18.59,
            "inventory_turnover_ratio": null,
            "account_receivable_turnover_ratio": null,
            "reinvestment_rate": null,
            "research_to_sale_ratio": null,
            "price_fair": 86.8,
            "eps_avg_yearly": 2.48,
            "eps_latest_yearly": 1.8,
            "eps_growth_yearly": 284.11
        },
        "20051": {
            "year_quarter": 20051,
            "year": 2005,
            "quarter": 1,
            "eps": 0.5,
            "eps_growth_year": 163.16,
            "eps_4q": 2.37,
            "eps_4q_growth_year": null,
            "roe": 3.49,
            "roe_4q": 17.17,
            "gross_profit": 10440,
            "gross_margin": 33.81,
            "gross_margin_4q_avg": 39.63,
            "net_income": 7949,
            "net_income_4q": null,
            "revenue": 30878,
            "revenue_4q": null,
            "common_shares": 160000,
            "book_valuer_per_share": 14.58,
            "book_valuer_per_share_4q_avg": 13.83,
            "equity": 233283,
            "current_ratio": 235.62,
            "debt_ratio": 17.09,
            "inventory_turnover_ratio": null,
            "account_receivable_turnover_ratio": null,
            "reinvestment_rate": null,
            "research_to_sale_ratio": null,
            "price_fair": 82.6,
            "eps_avg_yearly": 2.36,
            "eps_latest_yearly": 2,
            "eps_growth_yearly": 224.19
        },
        "20052": {
            "year_quarter": 20052,
            "year": 2005,
            "quarter": 2,
            "eps": 0.17,
            "eps_growth_year": -73.02,
            "eps_4q": 1.77,
            "eps_4q_growth_year": null,
            "roe": 1.3,
            "roe_4q": 13.89,
            "gross_profit": 7413,
            "gross_margin": 26.7,
            "gross_margin_4q_avg": 35.42,
            "net_income": 2954,
            "net_income_4q": null,
            "revenue": 27764,
            "revenue_4q": null,
            "common_shares": 179200,
            "book_valuer_per_share": 12.31,
            "book_valuer_per_share_4q_avg": 13.65,
            "equity": 220550,
            "current_ratio": 143.56,
            "debt_ratio": 20.49,
            "inventory_turnover_ratio": null,
            "account_receivable_turnover_ratio": null,
            "reinvestment_rate": null,
            "research_to_sale_ratio": null,
            "price_fair": 70.84,
            "eps_avg_yearly": 2.02,
            "eps_latest_yearly": 0.68,
            "eps_growth_yearly": 126.55
        },
        "20053": {
            "year_quarter": 20053,
            "year": 2005,
            "quarter": 3,
            "eps": 0.72,
            "eps_growth_year": -7.69,
            "eps_4q": 1.72,
            "eps_4q_growth_year": null,
            "roe": 5.65,
            "roe_4q": 13.71,
            "gross_profit": 14503,
            "gross_margin": 42,
            "gross_margin_4q_avg": 34.16,
            "net_income": 13027,
            "net_income_4q": null,
            "revenue": 34531,
            "revenue_4q": null,
            "common_shares": 188160,
            "book_valuer_per_share": 12.81,
            "book_valuer_per_share_4q_avg": 13.4,
            "equity": 240983,
            "current_ratio": 191.31,
            "debt_ratio": 17.33,
            "inventory_turnover_ratio": null,
            "account_receivable_turnover_ratio": null,
            "reinvestment_rate": null,
            "research_to_sale_ratio": null,
            "price_fair": 75.83,
            "eps_avg_yearly": 2.17,
            "eps_latest_yearly": 2.88,
            "eps_growth_yearly": 321.15
        },
        "20054": {
            "year_quarter": 20054,
            "year": 2005,
            "quarter": 4,
            "eps": 0.95,
            "eps_growth_year": 111.11,
            "eps_4q": 2.26,
            "eps_4q_growth_year": 10.69,
            "roe": 6.95,
            "roe_4q": 17.39,
            "gross_profit": 18216,
            "gross_margin": 47.21,
            "gross_margin_4q_avg": 37.43,
            "net_income": 17340,
            "net_income_4q": null,
            "revenue": 38583,
            "revenue_4q": null,
            "common_shares": 188160,
            "book_valuer_per_share": 13.7,
            "book_valuer_per_share_4q_avg": 13.35,
            "equity": 257850,
            "current_ratio": 263.32,
            "debt_ratio": 19.29,
            "inventory_turnover_ratio": null,
            "account_receivable_turnover_ratio": null,
            "reinvestment_rate": null,
            "research_to_sale_ratio": null,
            "price_fair": 84,
            "eps_avg_yearly": 2.4,
            "eps_latest_yearly": 3.8,
            "eps_growth_yearly": 293.52
        },
        "20061": {
            "year_quarter": 20061,
            "year": 2006,
            "quarter": 1,
            "eps": 0.23,
            "eps_growth_year": -54,
            "eps_4q": 1.99,
            "eps_4q_growth_year": -16.25,
            "roe": 1.68,
            "roe_4q": 15.580000000000002,
            "gross_profit": 7100,
            "gross_margin": 24.45,
            "gross_margin_4q_avg": 35.09,
            "net_income": 4360,
            "net_income_4q": null,
            "revenue": 29043,
            "revenue_4q": null,
            "common_shares": 188160,
            "book_valuer_per_share": 13.9,
            "book_valuer_per_share_4q_avg": 13.18,
            "equity": 261558,
            "current_ratio": 166.89,
            "debt_ratio": 19.66,
            "inventory_turnover_ratio": null,
            "account_receivable_turnover_ratio": null,
            "reinvestment_rate": null,
            "research_to_sale_ratio": null,
            "price_fair": 77.53,
            "eps_avg_yearly": 2.22,
            "eps_latest_yearly": 0.92,
            "eps_growth_yearly": 218.94
        },
        "20062": {
            "year_quarter": 20062,
            "year": 2006,
            "quarter": 2,
            "eps": 0.31,
            "eps_growth_year": 82.35,
            "eps_4q": 2.15,
            "eps_4q_growth_year": 21.62,
            "roe": 2.3,
            "roe_4q": 16.58,
            "gross_profit": 8348,
            "gross_margin": 26.22,
            "gross_margin_4q_avg": 34.97,
            "net_income": 5859,
            "net_income_4q": null,
            "revenue": 31838,
            "revenue_4q": null,
            "common_shares": 188160,
            "book_valuer_per_share": 13.13,
            "book_valuer_per_share_4q_avg": 13.39,
            "equity": 247143,
            "current_ratio": 121.27,
            "debt_ratio": 25.15,
            "inventory_turnover_ratio": 140.66,
            "account_receivable_turnover_ratio": null,
            "reinvestment_rate": null,
            "research_to_sale_ratio": null,
            "price_fair": 73.73,
            "eps_avg_yearly": 2.11,
            "eps_latest_yearly": 1.24,
            "eps_growth_yearly": 210.07
        },
        "20063": {
            "year_quarter": 20063,
            "year": 2006,
            "quarter": 3,
            "eps": 0.02,
            "eps_growth_year": -97.22,
            "eps_4q": 1.63,
            "eps_4q_growth_year": -5.58,
            "roe": 0.14,
            "roe_4q": 11.07,
            "gross_profit": 6635,
            "gross_margin": 22.21,
            "gross_margin_4q_avg": 30.02,
            "net_income": 343,
            "net_income_4q": null,
            "revenue": 29875,
            "revenue_4q": null,
            "common_shares": 206976,
            "book_valuer_per_share": 12.08,
            "book_valuer_per_share_4q_avg": 13.2,
            "equity": 250127,
            "current_ratio": 116,
            "debt_ratio": 25.17,
            "inventory_turnover_ratio": 106.12,
            "account_receivable_turnover_ratio": null,
            "reinvestment_rate": null,
            "research_to_sale_ratio": null,
            "price_fair": 66.64,
            "eps_avg_yearly": 1.9,
            "eps_latest_yearly": 0.08,
            "eps_growth_yearly": 151.64
        },
        "20064": {
            "year_quarter": 20064,
            "year": 2006,
            "quarter": 4,
            "eps": 0.13,
            "eps_growth_year": -86.32,
            "eps_4q": 0.66,
            "eps_4q_growth_year": -70.98,
            "roe": 1.04,
            "roe_4q": 5.16,
            "gross_profit": 3863,
            "gross_margin": 15.36,
            "gross_margin_4q_avg": 22.06,
            "net_income": 2610,
            "net_income_4q": null,
            "revenue": 25144,
            "revenue_4q": null,
            "common_shares": 206976,
            "book_valuer_per_share": 12.28,
            "book_valuer_per_share_4q_avg": 12.85,
            "equity": 254173,
            "current_ratio": 182.15,
            "debt_ratio": 25.25,
            "inventory_turnover_ratio": 128.59,
            "account_receivable_turnover_ratio": null,
            "reinvestment_rate": null,
            "research_to_sale_ratio": null,
            "price_fair": 62.24,
            "eps_avg_yearly": 1.78,
            "eps_latest_yearly": 0.52,
            "eps_growth_yearly": 337.86
        },
        "20071": {
            "year_quarter": 20071,
            "year": 2007,
            "quarter": 1,
            "eps": -0.25,
            "eps_growth_year": -208.7,
            "eps_4q": 0.18,
            "eps_4q_growth_year": -90.85,
            "roe": -2.03,
            "roe_4q": 1.4500000000000002,
            "gross_profit": -1160,
            "gross_margin": -6.24,
            "gross_margin_4q_avg": 14.39,
            "net_income": -5102,
            "net_income_4q": null,
            "revenue": 18592,
            "revenue_4q": null,
            "common_shares": 206976,
            "book_valuer_per_share": 11.95,
            "book_valuer_per_share_4q_avg": 12.36,
            "equity": 247343,
            "current_ratio": 111.35,
            "debt_ratio": 24.59,
            "inventory_turnover_ratio": 50.39,
            "account_receivable_turnover_ratio": null,
            "reinvestment_rate": null,
            "research_to_sale_ratio": null,
            "price_fair": 62.24,
            "eps_avg_yearly": 1.78,
            "eps_latest_yearly": 0.52,
            "eps_growth_yearly": 337.86
        },
        "20072": {
            "year_quarter": 20072,
            "year": 2007,
            "quarter": 2,
            "eps": 0.12,
            "eps_growth_year": -61.29,
            "eps_4q": 0.01,
            "eps_4q_growth_year": -99.4,
            "roe": 0.96,
            "roe_4q": 0.11000000000000021,
            "gross_profit": 5145,
            "gross_margin": 19.93,
            "gross_margin_4q_avg": 12.82,
            "net_income": 2406,
            "net_income_4q": null,
            "revenue": 25814,
            "revenue_4q": null,
            "common_shares": 206976,
            "book_valuer_per_share": 12.39,
            "book_valuer_per_share_4q_avg": 12.18,
            "equity": 256433,
            "current_ratio": 109.64,
            "debt_ratio": 24.01,
            "inventory_turnover_ratio": 54.61,
            "account_receivable_turnover_ratio": null,
            "reinvestment_rate": null,
            "research_to_sale_ratio": null,
            "price_fair": 62.24,
            "eps_avg_yearly": 1.78,
            "eps_latest_yearly": 0.52,
            "eps_growth_yearly": 337.86
        },
        "20073": {
            "year_quarter": 20073,
            "year": 2007,
            "quarter": 3,
            "eps": 0.14,
            "eps_growth_year": 600,
            "eps_4q": 0.14,
            "eps_4q_growth_year": -91.64,
            "roe": 1.18,
            "roe_4q": 1.15,
            "gross_profit": 6648,
            "gross_margin": 23.24,
            "gross_margin_4q_avg": 13.07,
            "net_income": 2960,
            "net_income_4q": null,
            "revenue": 28612,
            "revenue_4q": null,
            "common_shares": 206976,
            "book_valuer_per_share": 11.95,
            "book_valuer_per_share_4q_avg": 12.14,
            "equity": 247383,
            "current_ratio": 95.75,
            "debt_ratio": 28.34,
            "inventory_turnover_ratio": 121.68,
            "account_receivable_turnover_ratio": null,
            "reinvestment_rate": null,
            "research_to_sale_ratio": null,
            "price_fair": 58.68,
            "eps_avg_yearly": 1.68,
            "eps_latest_yearly": 0.56,
            "eps_growth_yearly": 315.26
        },
        "20074": {
            "year_quarter": 20074,
            "year": 2007,
            "quarter": 4,
            "eps": -0.17,
            "eps_growth_year": -230.77,
            "eps_4q": -0.16,
            "eps_4q_growth_year": -124.39,
            "roe": -1.43,
            "roe_4q": -1.3199999999999998,
            "gross_profit": 8008,
            "gross_margin": 27.14,
            "gross_margin_4q_avg": 16.02,
            "net_income": -3622,
            "net_income_4q": null,
            "revenue": 29504,
            "revenue_4q": null,
            "common_shares": 206976,
            "book_valuer_per_share": 12.54,
            "book_valuer_per_share_4q_avg": 12.21,
            "equity": 259629,
            "current_ratio": 161.54,
            "debt_ratio": 29.52,
            "inventory_turnover_ratio": 70.48,
            "account_receivable_turnover_ratio": null,
            "reinvestment_rate": 21.15,
            "research_to_sale_ratio": null,
            "price_fair": 58.68,
            "eps_avg_yearly": 1.68,
            "eps_latest_yearly": 0.56,
            "eps_growth_yearly": 315.26
        },
        "20081": {
            "year_quarter": 20081,
            "year": 2008,
            "quarter": 1,
            "eps": -0.24,
            "eps_growth_year": null,
            "eps_4q": -0.16,
            "eps_4q_growth_year": -188.65,
            "roe": -2,
            "roe_4q": -1.29,
            "gross_profit": 3310,
            "gross_margin": 10.2,
            "gross_margin_4q_avg": 20.13,
            "net_income": -5309,
            "net_income_4q": null,
            "revenue": 32459,
            "revenue_4q": null,
            "common_shares": 226976,
            "book_valuer_per_share": 11.92,
            "book_valuer_per_share_4q_avg": 12.2,
            "equity": 270668,
            "current_ratio": 179.12,
            "debt_ratio": 27.41,
            "inventory_turnover_ratio": 52.52,
            "account_receivable_turnover_ratio": null,
            "reinvestment_rate": 97.93,
            "research_to_sale_ratio": null,
            "price_fair": 58.68,
            "eps_avg_yearly": 1.68,
            "eps_latest_yearly": 0.56,
            "eps_growth_yearly": 315.26
        },
        "20082": {
            "year_quarter": 20082,
            "year": 2008,
            "quarter": 2,
            "eps": -0.28,
            "eps_growth_year": -333.33,
            "eps_4q": -0.54,
            "eps_4q_growth_year": -4298.15,
            "roe": -2.32,
            "roe_4q": -4.57,
            "gross_profit": -142,
            "gross_margin": -0.47,
            "gross_margin_4q_avg": 15.03,
            "net_income": -6243,
            "net_income_4q": null,
            "revenue": 30500,
            "revenue_4q": null,
            "common_shares": 226976,
            "book_valuer_per_share": 11.78,
            "book_valuer_per_share_4q_avg": 12.05,
            "equity": 267287,
            "current_ratio": 199.9,
            "debt_ratio": 22.03,
            "inventory_turnover_ratio": 49.03,
            "account_receivable_turnover_ratio": null,
            "reinvestment_rate": 146.9,
            "research_to_sale_ratio": null,
            "price_fair": 56,
            "eps_avg_yearly": 1.6,
            "eps_latest_yearly": 0.56,
            "eps_growth_yearly": 259.71
        },
        "20083": {
            "year_quarter": 20083,
            "year": 2008,
            "quarter": 3,
            "eps": -0.36,
            "eps_growth_year": -357.14,
            "eps_4q": -1.03,
            "eps_4q_growth_year": -857.2,
            "roe": -3.06,
            "roe_4q": -8.81,
            "gross_profit": 8690,
            "gross_margin": 15.12,
            "gross_margin_4q_avg": 13,
            "net_income": -8188,
            "net_income_4q": null,
            "revenue": 57460,
            "revenue_4q": null,
            "common_shares": 226976,
            "book_valuer_per_share": 11.83,
            "book_valuer_per_share_4q_avg": 12.02,
            "equity": 268423,
            "current_ratio": 203.11,
            "debt_ratio": 22.78,
            "inventory_turnover_ratio": 57.21,
            "account_receivable_turnover_ratio": null,
            "reinvestment_rate": 214.12,
            "research_to_sale_ratio": null,
            "price_fair": 50.68,
            "eps_avg_yearly": 1.45,
            "eps_latest_yearly": 0.56,
            "eps_growth_yearly": 276.16
        },
        "20084": {
            "year_quarter": 20084,
            "year": 2008,
            "quarter": 4,
            "eps": -0.88,
            "eps_growth_year": null,
            "eps_4q": -1.75,
            "eps_4q_growth_year": null,
            "roe": -7.61,
            "roe_4q": -14.99,
            "gross_profit": -6133,
            "gross_margin": -38.41,
            "gross_margin_4q_avg": -3.39,
            "net_income": -19767,
            "net_income_4q": null,
            "revenue": 15968,
            "revenue_4q": null,
            "common_shares": 226976,
            "book_valuer_per_share": 11.07,
            "book_valuer_per_share_4q_avg": 11.65,
            "equity": 251267,
            "current_ratio": 228.42,
            "debt_ratio": 17.81,
            "inventory_turnover_ratio": 18.91,
            "account_receivable_turnover_ratio": 0.67,
            "reinvestment_rate": 182.37,
            "research_to_sale_ratio": null,
            "price_fair": 49.31,
            "eps_avg_yearly": 1.41,
            "eps_latest_yearly": 0.56,
            "eps_growth_yearly": 325.64
        },
        "20091": {
            "year_quarter": 20091,
            "year": 2009,
            "quarter": 1,
            "eps": -1.13,
            "eps_growth_year": null,
            "eps_4q": -2.64,
            "eps_4q_growth_year": null,
            "roe": -10.66,
            "roe_4q": -23.65,
            "gross_profit": -18231,
            "gross_margin": -115.8,
            "gross_margin_4q_avg": -34.89,
            "net_income": -25689,
            "net_income_4q": null,
            "revenue": 15743,
            "revenue_4q": null,
            "common_shares": 226976,
            "book_valuer_per_share": 10.16,
            "book_valuer_per_share_4q_avg": 11.21,
            "equity": 230706,
            "current_ratio": 149.02,
            "debt_ratio": 22.53,
            "inventory_turnover_ratio": 30.23,
            "account_receivable_turnover_ratio": 0.44,
            "reinvestment_rate": null,
            "research_to_sale_ratio": null,
            "price_fair": 46.73,
            "eps_avg_yearly": 1.34,
            "eps_latest_yearly": 0.56,
            "eps_growth_yearly": 360.79
        },
        "20092": {
            "year_quarter": 20092,
            "year": 2009,
            "quarter": 2,
            "eps": -0.17,
            "eps_growth_year": null,
            "eps_4q": -1.55,
            "eps_4q_growth_year": null,
            "roe": -10.34,
            "roe_4q": -31.669999999999998,
            "gross_profit": -6538,
            "gross_margin": -5.84,
            "gross_margin_4q_avg": -36.23,
            "net_income": -31628,
            "net_income_4q": null,
            "revenue": 111977,
            "revenue_4q": null,
            "common_shares": 376976,
            "book_valuer_per_share": 9.78,
            "book_valuer_per_share_4q_avg": 10.71,
            "equity": 380769,
            "current_ratio": 79.4,
            "debt_ratio": 46.23,
            "inventory_turnover_ratio": 28.7,
            "account_receivable_turnover_ratio": 1.59,
            "reinvestment_rate": null,
            "research_to_sale_ratio": null,
            "price_fair": 50,
            "eps_avg_yearly": 1.43,
            "eps_latest_yearly": 0.56,
            "eps_growth_yearly": 450.05
        },
        "20093": {
            "year_quarter": 20093,
            "year": 2009,
            "quarter": 3,
            "eps": -0.44,
            "eps_growth_year": null,
            "eps_4q": -1.67,
            "eps_4q_growth_year": null,
            "roe": -3.38,
            "roe_4q": -31.99,
            "gross_profit": 10425,
            "gross_margin": 11.1,
            "gross_margin_4q_avg": -37.24,
            "net_income": -12594,
            "net_income_4q": null,
            "revenue": 93954,
            "revenue_4q": null,
            "common_shares": 376976,
            "book_valuer_per_share": 9.35,
            "book_valuer_per_share_4q_avg": 10.09,
            "equity": 364300,
            "current_ratio": 84.9,
            "debt_ratio": 46.82,
            "inventory_turnover_ratio": 8.55,
            "account_receivable_turnover_ratio": 0.73,
            "reinvestment_rate": null,
            "research_to_sale_ratio": null,
            "price_fair": 41.53,
            "eps_avg_yearly": 1.19,
            "eps_latest_yearly": 0.56,
            "eps_growth_yearly": 309.37
        },
        "20094": {
            "year_quarter": 20094,
            "year": 2009,
            "quarter": 4,
            "eps": -0.4,
            "eps_growth_year": null,
            "eps_4q": -1.48,
            "eps_4q_growth_year": null,
            "roe": -3.61,
            "roe_4q": -27.99,
            "gross_profit": 12012,
            "gross_margin": 13.37,
            "gross_margin_4q_avg": -24.29,
            "net_income": -12922,
            "net_income_4q": null,
            "revenue": 89844,
            "revenue_4q": null,
            "common_shares": 376976,
            "book_valuer_per_share": 9,
            "book_valuer_per_share_4q_avg": 9.57,
            "equity": 350647,
            "current_ratio": 88.5,
            "debt_ratio": 48.81,
            "inventory_turnover_ratio": 7.82,
            "account_receivable_turnover_ratio": 1.09,
            "reinvestment_rate": null,
            "research_to_sale_ratio": null,
            "price_fair": 23.24,
            "eps_avg_yearly": 0.66,
            "eps_latest_yearly": 0.56,
            "eps_growth_yearly": 345.69
        },
        "20101": {
            "year_quarter": 20101,
            "year": 2010,
            "quarter": 1,
            "eps": -0.26,
            "eps_growth_year": null,
            "eps_4q": -1.06,
            "eps_4q_growth_year": null,
            "roe": -3.07,
            "roe_4q": -20.4,
            "gross_profit": 17746,
            "gross_margin": 16.25,
            "gross_margin_4q_avg": 8.72,
            "net_income": -10610,
            "net_income_4q": null,
            "revenue": 109202,
            "revenue_4q": null,
            "common_shares": 376976,
            "book_valuer_per_share": 8.72,
            "book_valuer_per_share_4q_avg": 9.21,
            "equity": 339522,
            "current_ratio": 91.65,
            "debt_ratio": 48.28,
            "inventory_turnover_ratio": 6.61,
            "account_receivable_turnover_ratio": 0.7,
            "reinvestment_rate": null,
            "research_to_sale_ratio": null,
            "price_fair": 21,
            "eps_avg_yearly": 0.6,
            "eps_latest_yearly": 0.56,
            "eps_growth_yearly": 507.9
        },
        "20102": {
            "year_quarter": 20102,
            "year": 2010,
            "quarter": 2,
            "eps": -1.05,
            "eps_growth_year": null,
            "eps_4q": -1.86,
            "eps_4q_growth_year": null,
            "roe": -14.03,
            "roe_4q": -24.089999999999996,
            "gross_profit": 19374,
            "gross_margin": 12.23,
            "gross_margin_4q_avg": 13.24,
            "net_income": -48889,
            "net_income_4q": null,
            "revenue": 158477,
            "revenue_4q": null,
            "common_shares": 436976,
            "book_valuer_per_share": 8,
            "book_valuer_per_share_4q_avg": 8.77,
            "equity": 357451,
            "current_ratio": 130.06,
            "debt_ratio": 45.19,
            "inventory_turnover_ratio": 11.03,
            "account_receivable_turnover_ratio": 0.82,
            "reinvestment_rate": null,
            "research_to_sale_ratio": null,
            "price_fair": 13.53,
            "eps_avg_yearly": 0.39,
            "eps_latest_yearly": 0.56,
            "eps_growth_yearly": 630.82
        },
        "20103": {
            "year_quarter": 20103,
            "year": 2010,
            "quarter": 3,
            "eps": 0.22,
            "eps_growth_year": null,
            "eps_4q": -1.34,
            "eps_4q_growth_year": null,
            "roe": 2.76,
            "roe_4q": -17.95,
            "gross_profit": 22463,
            "gross_margin": 15.29,
            "gross_margin_4q_avg": 14.29,
            "net_income": 9951,
            "net_income_4q": null,
            "revenue": 146923,
            "revenue_4q": null,
            "common_shares": 436976,
            "book_valuer_per_share": 8.15,
            "book_valuer_per_share_4q_avg": 8.47,
            "equity": 364255,
            "current_ratio": 140.85,
            "debt_ratio": 43.81,
            "inventory_turnover_ratio": 14.51,
            "account_receivable_turnover_ratio": 0.58,
            "reinvestment_rate": null,
            "research_to_sale_ratio": null,
            "price_fair": 18.9,
            "eps_avg_yearly": 0.54,
            "eps_latest_yearly": 0.56,
            "eps_growth_yearly": 1133.33
        },
        "20104": {
            "year_quarter": 20104,
            "year": 2010,
            "quarter": 4,
            "eps": -0.05,
            "eps_growth_year": null,
            "eps_4q": -1.11,
            "eps_4q_growth_year": null,
            "roe": -0.68,
            "roe_4q": -15.02,
            "gross_profit": 14217,
            "gross_margin": 8.97,
            "gross_margin_4q_avg": 13.19,
            "net_income": -2426,
            "net_income_4q": null,
            "revenue": 158497,
            "revenue_4q": null,
            "common_shares": 436976,
            "book_valuer_per_share": 7.91,
            "book_valuer_per_share_4q_avg": 8.2,
            "equity": 353731,
            "current_ratio": 142.19,
            "debt_ratio": 40.03,
            "inventory_turnover_ratio": 17.32,
            "account_receivable_turnover_ratio": 0.63,
            "reinvestment_rate": null,
            "research_to_sale_ratio": null,
            "price_fair": 19.6,
            "eps_avg_yearly": 0.56,
            "eps_latest_yearly": 0.56,
            "eps_growth_yearly": 66.67
        },
        "20111": {
            "year_quarter": 20111,
            "year": 2011,
            "quarter": 1,
            "eps": 0.09,
            "eps_growth_year": null,
            "eps_4q": -0.79,
            "eps_4q_growth_year": null,
            "roe": 1.14,
            "roe_4q": -10.809999999999999,
            "gross_profit": 18562,
            "gross_margin": 9.46,
            "gross_margin_4q_avg": 11.49,
            "net_income": 4062,
            "net_income_4q": null,
            "revenue": 196288,
            "revenue_4q": null,
            "common_shares": 436976,
            "book_valuer_per_share": 8.05,
            "book_valuer_per_share_4q_avg": 8.03,
            "equity": 360073,
            "current_ratio": 142.31,
            "debt_ratio": 43.59,
            "inventory_turnover_ratio": 17.49,
            "account_receivable_turnover_ratio": 0.73,
            "reinvestment_rate": null,
            "research_to_sale_ratio": null,
            "price_fair": 19.6,
            "eps_avg_yearly": 0.56,
            "eps_latest_yearly": 0.56,
            "eps_growth_yearly": 66.67
        },
        "20112": {
            "year_quarter": 20112,
            "year": 2011,
            "quarter": 2,
            "eps": -0.04,
            "eps_growth_year": null,
            "eps_4q": 0.22,
            "eps_4q_growth_year": null,
            "roe": -0.48,
            "roe_4q": 2.7399999999999998,
            "gross_profit": 9698,
            "gross_margin": 5.39,
            "gross_margin_4q_avg": 9.78,
            "net_income": -1731,
            "net_income_4q": null,
            "revenue": 179857,
            "revenue_4q": null,
            "common_shares": 436976,
            "book_valuer_per_share": 7.98,
            "book_valuer_per_share_4q_avg": 8.02,
            "equity": 356793,
            "current_ratio": 134.95,
            "debt_ratio": 42.84,
            "inventory_turnover_ratio": 17.97,
            "account_receivable_turnover_ratio": 0.63,
            "reinvestment_rate": null,
            "research_to_sale_ratio": null,
            "price_fair": 19.6,
            "eps_avg_yearly": 0.56,
            "eps_latest_yearly": 0.56,
            "eps_growth_yearly": 66.67
        },
        "20113": {
            "year_quarter": 20113,
            "year": 2011,
            "quarter": 3,
            "eps": 0.07,
            "eps_growth_year": -68.68,
            "eps_4q": 0.07,
            "eps_4q_growth_year": null,
            "roe": 0.88,
            "roe_4q": 0.86,
            "gross_profit": 10536,
            "gross_margin": 5.9,
            "gross_margin_4q_avg": 7.43,
            "net_income": 3168,
            "net_income_4q": null,
            "revenue": 178470,
            "revenue_4q": null,
            "common_shares": 436976,
            "book_valuer_per_share": 8.29,
            "book_valuer_per_share_4q_avg": 8.06,
            "equity": 362443,
            "current_ratio": 134.14,
            "debt_ratio": 42.77,
            "inventory_turnover_ratio": 28.05,
            "account_receivable_turnover_ratio": 0.63,
            "reinvestment_rate": null,
            "research_to_sale_ratio": null,
            "price_fair": 0,
            "eps_avg_yearly": 0,
            "eps_latest_yearly": 0,
            "eps_growth_yearly": 0
        },
        "20114": {
            "year_quarter": 20114,
            "year": 2011,
            "quarter": 4,
            "eps": -0.18,
            "eps_growth_year": null,
            "eps_4q": -0.06,
            "eps_4q_growth_year": null,
            "roe": -2.16,
            "roe_4q": -0.6200000000000003,
            "gross_profit": 22005,
            "gross_margin": 11.92,
            "gross_margin_4q_avg": 8.17,
            "net_income": -7750,
            "net_income_4q": null,
            "revenue": 184640,
            "revenue_4q": null,
            "common_shares": 436976,
            "book_valuer_per_share": 8.11,
            "book_valuer_per_share_4q_avg": 8.11,
            "equity": 354561,
            "current_ratio": 137.7,
            "debt_ratio": 45.16,
            "inventory_turnover_ratio": 28.89,
            "account_receivable_turnover_ratio": 0.59,
            "reinvestment_rate": null,
            "research_to_sale_ratio": null,
            "price_fair": 0,
            "eps_avg_yearly": 0,
            "eps_latest_yearly": 0,
            "eps_growth_yearly": 0
        },
        "20121": {
            "year_quarter": 20121,
            "year": 2012,
            "quarter": 1,
            "eps": -0.15,
            "eps_growth_year": -266.67,
            "eps_4q": -0.3,
            "eps_4q_growth_year": null,
            "roe": -1.9,
            "roe_4q": -3.6600000000000006,
            "gross_profit": 10181,
            "gross_margin": 6.21,
            "gross_margin_4q_avg": 7.36,
            "net_income": -6646,
            "net_income_4q": null,
            "revenue": 163830,
            "revenue_4q": null,
            "common_shares": 436976,
            "book_valuer_per_share": 7.87,
            "book_valuer_per_share_4q_avg": 8.06,
            "equity": 344045,
            "current_ratio": 149.09,
            "debt_ratio": 41.85,
            "inventory_turnover_ratio": 28.74,
            "account_receivable_turnover_ratio": 0.51,
            "reinvestment_rate": null,
            "research_to_sale_ratio": null,
            "price_fair": 0,
            "eps_avg_yearly": 0,
            "eps_latest_yearly": 0,
            "eps_growth_yearly": 0
        },
        "20122": {
            "year_quarter": 20122,
            "year": 2012,
            "quarter": 2,
            "eps": 0.07,
            "eps_growth_year": null,
            "eps_4q": -0.19,
            "eps_4q_growth_year": -183.41,
            "roe": 0.94,
            "roe_4q": -2.24,
            "gross_profit": 18488,
            "gross_margin": 10.4,
            "gross_margin_4q_avg": 8.61,
            "net_income": 3253,
            "net_income_4q": null,
            "revenue": 177825,
            "revenue_4q": null,
            "common_shares": 436976,
            "book_valuer_per_share": 7.96,
            "book_valuer_per_share_4q_avg": 8.06,
            "equity": 347984,
            "current_ratio": 153.05,
            "debt_ratio": 43.57,
            "inventory_turnover_ratio": 28.68,
            "account_receivable_turnover_ratio": 0.56,
            "reinvestment_rate": null,
            "research_to_sale_ratio": null,
            "price_fair": 0,
            "eps_avg_yearly": 0,
            "eps_latest_yearly": 0,
            "eps_growth_yearly": 0
        },
        "20123": {
            "year_quarter": 20123,
            "year": 2012,
            "quarter": 3,
            "eps": 0.09,
            "eps_growth_year": 29.74,
            "eps_4q": -0.16,
            "eps_4q_growth_year": -334.56,
            "roe": 1.13,
            "roe_4q": -1.9900000000000002,
            "gross_profit": 19726,
            "gross_margin": 9.82,
            "gross_margin_4q_avg": 9.59,
            "net_income": 3935,
            "net_income_4q": null,
            "revenue": 200969,
            "revenue_4q": null,
            "common_shares": 436976,
            "book_valuer_per_share": 8.02,
            "book_valuer_per_share_4q_avg": 7.99,
            "equity": 350372,
            "current_ratio": 148.82,
            "debt_ratio": 46.17,
            "inventory_turnover_ratio": 32.62,
            "account_receivable_turnover_ratio": 0.57,
            "reinvestment_rate": null,
            "research_to_sale_ratio": null,
            "price_fair": 12.6,
            "eps_avg_yearly": 0.36,
            "eps_latest_yearly": 0.36,
            "eps_growth_yearly": 114.29
        },
        "20124": {
            "year_quarter": 20124,
            "year": 2012,
            "quarter": 4,
            "eps": 0.3,
            "eps_growth_year": null,
            "eps_4q": 0.31,
            "eps_4q_growth_year": null,
            "roe": 3.68,
            "roe_4q": 3.85,
            "gross_profit": 15723,
            "gross_margin": 7.67,
            "gross_margin_4q_avg": 8.53,
            "net_income": 12929,
            "net_income_4q": null,
            "revenue": 204869,
            "revenue_4q": null,
            "common_shares": 436976,
            "book_valuer_per_share": 8.04,
            "book_valuer_per_share_4q_avg": 7.97,
            "equity": 351515,
            "current_ratio": 158.23,
            "debt_ratio": 43.62,
            "inventory_turnover_ratio": 34.67,
            "account_receivable_turnover_ratio": 0.56,
            "reinvestment_rate": null,
            "research_to_sale_ratio": null,
            "price_fair": 27.3,
            "eps_avg_yearly": 0.78,
            "eps_latest_yearly": 1.2,
            "eps_growth_yearly": 523.81
        },
        "20131": {
            "year_quarter": 20131,
            "year": 2013,
            "quarter": 1,
            "eps": 0.03,
            "eps_growth_year": null,
            "eps_4q": 0.49,
            "eps_4q_growth_year": null,
            "roe": 0.32,
            "roe_4q": 6.07,
            "gross_profit": 14061,
            "gross_margin": 10.21,
            "gross_margin_4q_avg": 9.53,
            "net_income": 1121,
            "net_income_4q": null,
            "revenue": 137655,
            "revenue_4q": null,
            "common_shares": 436976,
            "book_valuer_per_share": 8.13,
            "book_valuer_per_share_4q_avg": 8.04,
            "equity": 355416,
            "current_ratio": 170.73,
            "debt_ratio": 41.59,
            "inventory_turnover_ratio": 19.06,
            "account_receivable_turnover_ratio": 0.41,
            "reinvestment_rate": null,
            "research_to_sale_ratio": null,
            "price_fair": 19.6,
            "eps_avg_yearly": 0.56,
            "eps_latest_yearly": 0.12,
            "eps_growth_yearly": 229.21
        },
        "20132": {
            "year_quarter": 20132,
            "year": 2013,
            "quarter": 2,
            "eps": 0.26,
            "eps_growth_year": 249.26,
            "eps_4q": 0.67,
            "eps_4q_growth_year": null,
            "roe": 3.11,
            "roe_4q": 8.239999999999998,
            "gross_profit": 25321,
            "gross_margin": 16.41,
            "gross_margin_4q_avg": 11.03,
            "net_income": 11261,
            "net_income_4q": null,
            "revenue": 154287,
            "revenue_4q": null,
            "common_shares": 436976,
            "book_valuer_per_share": 8.45,
            "book_valuer_per_share_4q_avg": 8.16,
            "equity": 369045,
            "current_ratio": 185.81,
            "debt_ratio": 37.81,
            "inventory_turnover_ratio": 17.82,
            "account_receivable_turnover_ratio": 0.49,
            "reinvestment_rate": null,
            "research_to_sale_ratio": null,
            "price_fair": 23.8,
            "eps_avg_yearly": 0.68,
            "eps_latest_yearly": 1.04,
            "eps_growth_yearly": 938.57
        },
        "20133": {
            "year_quarter": 20133,
            "year": 2013,
            "quarter": 3,
            "eps": 0.4,
            "eps_growth_year": 344.19,
            "eps_4q": 0.98,
            "eps_4q_growth_year": null,
            "roe": 4.69,
            "roe_4q": 11.8,
            "gross_profit": 31356,
            "gross_margin": 17.44,
            "gross_margin_4q_avg": 12.93,
            "net_income": 17692,
            "net_income_4q": null,
            "revenue": 179755,
            "revenue_4q": null,
            "common_shares": 436976,
            "book_valuer_per_share": 8.81,
            "book_valuer_per_share_4q_avg": 8.36,
            "equity": 385154,
            "current_ratio": 184.74,
            "debt_ratio": 38.39,
            "inventory_turnover_ratio": 35.08,
            "account_receivable_turnover_ratio": 0.55,
            "reinvestment_rate": null,
            "research_to_sale_ratio": null,
            "price_fair": 30.24,
            "eps_avg_yearly": 0.86,
            "eps_latest_yearly": 1.6,
            "eps_growth_yearly": 793.93
        },
        "20134": {
            "year_quarter": 20134,
            "year": 2013,
            "quarter": 4,
            "eps": 0.13,
            "eps_growth_year": -54.9,
            "eps_4q": 0.82,
            "eps_4q_growth_year": 166.54,
            "roe": 1.5,
            "roe_4q": 9.620000000000001,
            "gross_profit": 15129,
            "gross_margin": 7.51,
            "gross_margin_4q_avg": 12.89,
            "net_income": 5831,
            "net_income_4q": null,
            "revenue": 201351,
            "revenue_4q": null,
            "common_shares": 436976,
            "book_valuer_per_share": 9.03,
            "book_valuer_per_share_4q_avg": 8.61,
            "equity": 394411,
            "current_ratio": 181.62,
            "debt_ratio": 39.99,
            "inventory_turnover_ratio": 55.8,
            "account_receivable_turnover_ratio": 0.57,
            "reinvestment_rate": null,
            "research_to_sale_ratio": null,
            "price_fair": 28.23,
            "eps_avg_yearly": 0.81,
            "eps_latest_yearly": 0.52,
            "eps_growth_yearly": 616.61
        },
        "20141": {
            "year_quarter": 20141,
            "year": 2014,
            "quarter": 1,
            "eps": 0.11,
            "eps_growth_year": 266.67,
            "eps_4q": 0.9,
            "eps_4q_growth_year": 86.06,
            "roe": 1.19,
            "roe_4q": 10.49,
            "gross_profit": 15676,
            "gross_margin": 10.03,
            "gross_margin_4q_avg": 12.85,
            "net_income": 4731,
            "net_income_4q": null,
            "revenue": 156347,
            "revenue_4q": null,
            "common_shares": 436976,
            "book_valuer_per_share": 9.12,
            "book_valuer_per_share_4q_avg": 8.85,
            "equity": 398707,
            "current_ratio": 185.92,
            "debt_ratio": 39.55,
            "inventory_turnover_ratio": 54.91,
            "account_receivable_turnover_ratio": 0.45,
            "reinvestment_rate": -805.78,
            "research_to_sale_ratio": null,
            "price_fair": 26.4,
            "eps_avg_yearly": 0.75,
            "eps_latest_yearly": 0.44,
            "eps_growth_yearly": 519.73
        },
        "20142": {
            "year_quarter": 20142,
            "year": 2014,
            "quarter": 2,
            "eps": 0.13,
            "eps_growth_year": -50,
            "eps_4q": 0.78,
            "eps_4q_growth_year": 16.69,
            "roe": 1.47,
            "roe_4q": 8.850000000000001,
            "gross_profit": 21284,
            "gross_margin": 11.74,
            "gross_margin_4q_avg": 11.68,
            "net_income": 5873,
            "net_income_4q": null,
            "revenue": 181276,
            "revenue_4q": null,
            "common_shares": 436976,
            "book_valuer_per_share": 9.21,
            "book_valuer_per_share_4q_avg": 9.04,
            "equity": 402313,
            "current_ratio": 175.66,
            "debt_ratio": 40.88,
            "inventory_turnover_ratio": 58.95,
            "account_receivable_turnover_ratio": 0.53,
            "reinvestment_rate": -161.36,
            "research_to_sale_ratio": null,
            "price_fair": 25.38,
            "eps_avg_yearly": 0.73,
            "eps_latest_yearly": 0.52,
            "eps_growth_yearly": 463.86
        },
        "20143": {
            "year_quarter": 20143,
            "year": 2014,
            "quarter": 3,
            "eps": 0.2,
            "eps_growth_year": -50,
            "eps_4q": 0.57,
            "eps_4q_growth_year": -41.77,
            "roe": 2.11,
            "roe_4q": 6.27,
            "gross_profit": 23340,
            "gross_margin": 11.61,
            "gross_margin_4q_avg": 10.22,
            "net_income": 8606,
            "net_income_4q": null,
            "revenue": 201094,
            "revenue_4q": null,
            "common_shares": 436976,
            "book_valuer_per_share": 9.47,
            "book_valuer_per_share_4q_avg": 9.21,
            "equity": 413998,
            "current_ratio": 171.4,
            "debt_ratio": 43.31,
            "inventory_turnover_ratio": 6.18,
            "account_receivable_turnover_ratio": 0.55,
            "reinvestment_rate": -453.47,
            "research_to_sale_ratio": null,
            "price_fair": 25.67,
            "eps_avg_yearly": 0.73,
            "eps_latest_yearly": 0.8,
            "eps_growth_yearly": 436.25
        },
        "20144": {
            "year_quarter": 20144,
            "year": 2014,
            "quarter": 4,
            "eps": 0.04,
            "eps_growth_year": -71.86,
            "eps_4q": 0.48,
            "eps_4q_growth_year": -41.93,
            "roe": 0.39,
            "roe_4q": 5.16,
            "gross_profit": 20673,
            "gross_margin": 9.97,
            "gross_margin_4q_avg": 10.84,
            "net_income": 1641,
            "net_income_4q": null,
            "revenue": 207324,
            "revenue_4q": null,
            "common_shares": 436976,
            "book_valuer_per_share": 9.58,
            "book_valuer_per_share_4q_avg": 9.35,
            "equity": 418696,
            "current_ratio": 173.18,
            "debt_ratio": 43.63,
            "inventory_turnover_ratio": 2.97,
            "account_receivable_turnover_ratio": 0.54,
            "reinvestment_rate": -39.28,
            "research_to_sale_ratio": null,
            "price_fair": 23.66,
            "eps_avg_yearly": 0.68,
            "eps_latest_yearly": 0.16,
            "eps_growth_yearly": 360.62
        },
        "20151": {
            "year_quarter": 20151,
            "year": 2015,
            "quarter": 1,
            "eps": -0.11,
            "eps_growth_year": -200,
            "eps_4q": 0.25,
            "eps_4q_growth_year": -71.92,
            "roe": -1.21,
            "roe_4q": 2.76,
            "gross_profit": 13574,
            "gross_margin": 6.62,
            "gross_margin_4q_avg": 9.99,
            "net_income": -5025,
            "net_income_4q": null,
            "revenue": 205194,
            "revenue_4q": null,
            "common_shares": 436976,
            "book_valuer_per_share": 9.44,
            "book_valuer_per_share_4q_avg": 9.43,
            "equity": 412407,
            "current_ratio": 170.98,
            "debt_ratio": 43.78,
            "inventory_turnover_ratio": 3.15,
            "account_receivable_turnover_ratio": 0.54,
            "reinvestment_rate": -24.83,
            "research_to_sale_ratio": null,
            "price_fair": 23.66,
            "eps_avg_yearly": 0.68,
            "eps_latest_yearly": 0.16,
            "eps_growth_yearly": 360.62
        },
        "20152": {
            "year_quarter": 20152,
            "year": 2015,
            "quarter": 2,
            "eps": 0.17,
            "eps_growth_year": 30.77,
            "eps_4q": 0.29,
            "eps_4q_growth_year": -62.5,
            "roe": 1.82,
            "roe_4q": 3.11,
            "gross_profit": 14925,
            "gross_margin": 6.62,
            "gross_margin_4q_avg": 8.71,
            "net_income": 7574,
            "net_income_4q": null,
            "revenue": 225454,
            "revenue_4q": null,
            "common_shares": 436976,
            "book_valuer_per_share": 9.57,
            "book_valuer_per_share_4q_avg": 9.52,
            "equity": 418112,
            "current_ratio": 172.3,
            "debt_ratio": 44.83,
            "inventory_turnover_ratio": 3.16,
            "account_receivable_turnover_ratio": 0.59,
            "reinvestment_rate": -47.32,
            "research_to_sale_ratio": null,
            "price_fair": 23.66,
            "eps_avg_yearly": 0.68,
            "eps_latest_yearly": 0.16,
            "eps_growth_yearly": 360.62
        },
        "20153": {
            "year_quarter": 20153,
            "year": 2015,
            "quarter": 3,
            "eps": 0.09,
            "eps_growth_year": -55,
            "eps_4q": 0.01,
            "eps_4q_growth_year": -98.13,
            "roe": -0.89,
            "roe_4q": 0.1100000000000001,
            "gross_profit": 14913,
            "gross_margin": 6.82,
            "gross_margin_4q_avg": 7.51,
            "net_income": -3721,
            "net_income_4q": null,
            "revenue": 218513,
            "revenue_4q": null,
            "common_shares": 436976,
            "book_valuer_per_share": 9.61,
            "book_valuer_per_share_4q_avg": 9.55,
            "equity": 420141,
            "current_ratio": 181.01,
            "debt_ratio": 42.78,
            "inventory_turnover_ratio": 3.14,
            "account_receivable_turnover_ratio": 0.54,
            "reinvestment_rate": -567.41,
            "research_to_sale_ratio": null,
            "price_fair": 22.65,
            "eps_avg_yearly": 0.65,
            "eps_latest_yearly": 0.36,
            "eps_growth_yearly": 310.73
        },
        "20154": {
            "year_quarter": 20154,
            "year": 2015,
            "quarter": 4,
            "eps": -0.14,
            "eps_growth_year": -480.98,
            "eps_4q": -0.17,
            "eps_4q_growth_year": -135.6,
            "roe": -1.51,
            "roe_4q": -1.7899999999999998,
            "gross_profit": 15416,
            "gross_margin": 6.75,
            "gross_margin_4q_avg": 6.7,
            "net_income": -6252,
            "net_income_4q": null,
            "revenue": 228366,
            "revenue_4q": null,
            "common_shares": 436976,
            "book_valuer_per_share": 9.36,
            "book_valuer_per_share_4q_avg": 9.5,
            "equity": 409097,
            "current_ratio": 171.79,
            "debt_ratio": 46.02,
            "inventory_turnover_ratio": 4.77,
            "account_receivable_turnover_ratio": 0.54,
            "reinvestment_rate": -25.51,
            "research_to_sale_ratio": null,
            "price_fair": 22.65,
            "eps_avg_yearly": 0.65,
            "eps_latest_yearly": 0.36,
            "eps_growth_yearly": 310.73
        },
        "20161": {
            "year_quarter": 20161,
            "year": 2016,
            "quarter": 1,
            "eps": -0.08,
            "eps_growth_year": null,
            "eps_4q": -0.14,
            "eps_4q_growth_year": -153.86,
            "roe": -0.88,
            "roe_4q": -1.4600000000000002,
            "gross_profit": 9111,
            "gross_margin": 6.33,
            "gross_margin_4q_avg": 6.63,
            "net_income": -3577,
            "net_income_4q": null,
            "revenue": 143914,
            "revenue_4q": null,
            "common_shares": 436976,
            "book_valuer_per_share": 9.26,
            "book_valuer_per_share_4q_avg": 9.45,
            "equity": 404821,
            "current_ratio": 196.58,
            "debt_ratio": 39.19,
            "inventory_turnover_ratio": 2.84,
            "account_receivable_turnover_ratio": 0.37,
            "reinvestment_rate": -18.03,
            "research_to_sale_ratio": null,
            "price_fair": 22.65,
            "eps_avg_yearly": 0.65,
            "eps_latest_yearly": 0.36,
            "eps_growth_yearly": 310.73
        },
        "20162": {
            "year_quarter": 20162,
            "year": 2016,
            "quarter": 2,
            "eps": 0.05,
            "eps_growth_year": -70.59,
            "eps_4q": -0.26,
            "eps_4q_growth_year": -187.8,
            "roe": 0.57,
            "roe_4q": -2.71,
            "gross_profit": 14595,
            "gross_margin": 9.06,
            "gross_margin_4q_avg": 7.24,
            "net_income": 2315,
            "net_income_4q": null,
            "revenue": 161108,
            "revenue_4q": null,
            "common_shares": 436976,
            "book_valuer_per_share": 9.24,
            "book_valuer_per_share_4q_avg": 9.37,
            "equity": 403603,
            "current_ratio": 203.66,
            "debt_ratio": 38.04,
            "inventory_turnover_ratio": 2.84,
            "account_receivable_turnover_ratio": 0.48,
            "reinvestment_rate": -16.99,
            "research_to_sale_ratio": null,
            "price_fair": 22.65,
            "eps_avg_yearly": 0.65,
            "eps_latest_yearly": 0.36,
            "eps_growth_yearly": 310.73
        },
        "20163": {
            "year_quarter": 20163,
            "year": 2016,
            "quarter": 3,
            "eps": -0.07,
            "eps_growth_year": -177.78,
            "eps_4q": -0.24,
            "eps_4q_growth_year": -2308.07,
            "roe": -0.71,
            "roe_4q": -2.5300000000000002,
            "gross_profit": 16846,
            "gross_margin": 10.49,
            "gross_margin_4q_avg": 8.16,
            "net_income": -2842,
            "net_income_4q": null,
            "revenue": 160545,
            "revenue_4q": null,
            "common_shares": 436976,
            "book_valuer_per_share": 9.08,
            "book_valuer_per_share_4q_avg": 9.24,
            "equity": 396919,
            "current_ratio": 216.03,
            "debt_ratio": 35.57,
            "inventory_turnover_ratio": 3.16,
            "account_receivable_turnover_ratio": 0.5,
            "reinvestment_rate": -504.72,
            "research_to_sale_ratio": null,
            "price_fair": 23.66,
            "eps_avg_yearly": 0.68,
            "eps_latest_yearly": 0.36,
            "eps_growth_yearly": 330.37
        },
        "20164": {
            "year_quarter": 20164,
            "year": 2016,
            "quarter": 4,
            "eps": 0,
            "eps_growth_year": null,
            "eps_4q": -0.09,
            "eps_4q_growth_year": null,
            "roe": 0.02,
            "roe_4q": -1,
            "gross_profit": 32334,
            "gross_margin": 18.36,
            "gross_margin_4q_avg": 11.06,
            "net_income": 89,
            "net_income_4q": null,
            "revenue": 176091,
            "revenue_4q": null,
            "common_shares": 436976,
            "book_valuer_per_share": 9.06,
            "book_valuer_per_share_4q_avg": 9.16,
            "equity": 395691,
            "current_ratio": 214.16,
            "debt_ratio": 36.49,
            "inventory_turnover_ratio": 3.48,
            "account_receivable_turnover_ratio": 0.53,
            "reinvestment_rate": -58.69,
            "research_to_sale_ratio": null,
            "price_fair": 21.62,
            "eps_avg_yearly": 0.62,
            "eps_latest_yearly": 0.36,
            "eps_growth_yearly": 263.38
        },
        "20171": {
            "year_quarter": 20171,
            "year": 2017,
            "quarter": 1,
            "eps": 0.2,
            "eps_growth_year": null,
            "eps_4q": 0.19,
            "eps_4q_growth_year": null,
            "roe": 2.19,
            "roe_4q": 2.07,
            "gross_profit": 24268,
            "gross_margin": 14.75,
            "gross_margin_4q_avg": 13.17,
            "net_income": 8719,
            "net_income_4q": null,
            "revenue": 164516,
            "revenue_4q": null,
            "common_shares": 436976,
            "book_valuer_per_share": 9.13,
            "book_valuer_per_share_4q_avg": 9.13,
            "equity": 398855,
            "current_ratio": 214.34,
            "debt_ratio": 37.87,
            "inventory_turnover_ratio": 2.76,
            "account_receivable_turnover_ratio": 0.5,
            "reinvestment_rate": -119.64,
            "research_to_sale_ratio": null,
            "price_fair": 23.8,
            "eps_avg_yearly": 0.68,
            "eps_latest_yearly": 0.36,
            "eps_growth_yearly": 341.3
        },
        "20172": {
            "year_quarter": 20172,
            "year": 2017,
            "quarter": 2,
            "eps": -0.07,
            "eps_growth_year": -240,
            "eps_4q": 0.06,
            "eps_4q_growth_year": null,
            "roe": -0.8,
            "roe_4q": 0.7,
            "gross_profit": 10664,
            "gross_margin": 7.22,
            "gross_margin_4q_avg": 12.71,
            "net_income": -3201,
            "net_income_4q": null,
            "revenue": 147638,
            "revenue_4q": null,
            "common_shares": 436976,
            "book_valuer_per_share": 9.1,
            "book_valuer_per_share_4q_avg": 9.09,
            "equity": 397700,
            "current_ratio": 211.9,
            "debt_ratio": 38.2,
            "inventory_turnover_ratio": 2.07,
            "account_receivable_turnover_ratio": 0.48,
            "reinvestment_rate": -179.63,
            "research_to_sale_ratio": null,
            "price_fair": 1.89,
            "eps_avg_yearly": 0.63,
            "eps_latest_yearly": 0.36,
            "eps_growth_yearly": -48.04
        },
        "20173": {
            "year_quarter": 20173,
            "year": 2017,
            "quarter": 3,
            "eps": 0.22,
            "eps_growth_year": null,
            "eps_4q": 0.35,
            "eps_4q_growth_year": null,
            "roe": 2.4,
            "roe_4q": 3.81,
            "gross_profit": 23196,
            "gross_margin": 14.94,
            "gross_margin_4q_avg": 13.82,
            "net_income": 9680,
            "net_income_4q": null,
            "revenue": 155226,
            "revenue_4q": null,
            "common_shares": 436976,
            "book_valuer_per_share": 9.36,
            "book_valuer_per_share_4q_avg": 9.16,
            "equity": 409029,
            "current_ratio": 234.96,
            "debt_ratio": 35.3,
            "inventory_turnover_ratio": 1.75,
            "account_receivable_turnover_ratio": 0.52,
            "reinvestment_rate": -250.52,
            "research_to_sale_ratio": null,
            "price_fair": 1.4,
            "eps_avg_yearly": 0.47,
            "eps_latest_yearly": 0.36,
            "eps_growth_yearly": -91.94
        },
        "20174": {
            "year_quarter": 20174,
            "year": 2017,
            "quarter": 4,
            "eps": 0.17,
            "eps_growth_year": 8388.76,
            "eps_4q": 0.52,
            "eps_4q_growth_year": null,
            "roe": 1.83,
            "roe_4q": 5.620000000000001,
            "gross_profit": 18910,
            "gross_margin": 13.91,
            "gross_margin_4q_avg": 12.71,
            "net_income": 7556,
            "net_income_4q": null,
            "revenue": 135959,
            "revenue_4q": null,
            "common_shares": 436976,
            "book_valuer_per_share": 9.52,
            "book_valuer_per_share_4q_avg": 9.28,
            "equity": 416083,
            "current_ratio": 246.1,
            "debt_ratio": 34.02,
            "inventory_turnover_ratio": 1.24,
            "account_receivable_turnover_ratio": 0.48,
            "reinvestment_rate": -233.48,
            "research_to_sale_ratio": null,
            "price_fair": 1.48,
            "eps_avg_yearly": 0.49,
            "eps_latest_yearly": 0.68,
            "eps_growth_yearly": -62.1
        },
        "20181": {
            "year_quarter": 20181,
            "year": 2018,
            "quarter": 1,
            "eps": -0.09,
            "eps_growth_year": -145,
            "eps_4q": 0.23,
            "eps_4q_growth_year": 20.34,
            "roe": -0.98,
            "roe_4q": 2.45,
            "gross_profit": 12002,
            "gross_margin": 8.34,
            "gross_margin_4q_avg": 11.1,
            "net_income": -4070,
            "net_income_4q": null,
            "revenue": 143851,
            "revenue_4q": null,
            "common_shares": 436976,
            "book_valuer_per_share": 9.48,
            "book_valuer_per_share_4q_avg": 9.37,
            "equity": 414042,
            "current_ratio": 294.5,
            "debt_ratio": 29.5,
            "inventory_turnover_ratio": 1.36,
            "account_receivable_turnover_ratio": 0.55,
            "reinvestment_rate": -412.66,
            "research_to_sale_ratio": null,
            "price_fair": 1.51,
            "eps_avg_yearly": 0.5,
            "eps_latest_yearly": 0.68,
            "eps_growth_yearly": -62.21
        },
        "20182": {
            "year_quarter": 20182,
            "year": 2018,
            "quarter": 2,
            "eps": -0.11,
            "eps_growth_year": null,
            "eps_4q": 0.19,
            "eps_4q_growth_year": 204.27,
            "roe": -1.16,
            "roe_4q": 2.0900000000000003,
            "gross_profit": 6235,
            "gross_margin": 4.96,
            "gross_margin_4q_avg": 10.54,
            "net_income": -4753,
            "net_income_4q": null,
            "revenue": 125760,
            "revenue_4q": null,
            "common_shares": 436976,
            "book_valuer_per_share": 9.34,
            "book_valuer_per_share_4q_avg": 9.43,
            "equity": 408185,
            "current_ratio": 298.15,
            "debt_ratio": 29.74,
            "inventory_turnover_ratio": 1.45,
            "account_receivable_turnover_ratio": 0.54,
            "reinvestment_rate": -859.78,
            "research_to_sale_ratio": null,
            "price_fair": 1.5,
            "eps_avg_yearly": 0.5,
            "eps_latest_yearly": 0.68,
            "eps_growth_yearly": -95.94
        },
        "20183": {
            "year_quarter": 20183,
            "year": 2018,
            "quarter": 3,
            "eps": -0.71,
            "eps_growth_year": -422.73,
            "eps_4q": -0.74,
            "eps_4q_growth_year": -311.11,
            "roe": -7.93,
            "roe_4q": -8.24,
            "gross_profit": -7150,
            "gross_margin": -8.61,
            "gross_margin_4q_avg": 4.65,
            "net_income": -31006,
            "net_income_4q": null,
            "revenue": 83059,
            "revenue_4q": null,
            "common_shares": 436976,
            "book_valuer_per_share": 8.56,
            "book_valuer_per_share_4q_avg": 9.23,
            "equity": 373993,
            "current_ratio": 310.53,
            "debt_ratio": 27.85,
            "inventory_turnover_ratio": 1.18,
            "account_receivable_turnover_ratio": 0.48,
            "reinvestment_rate": null,
            "research_to_sale_ratio": null,
            "price_fair": 1.2,
            "eps_avg_yearly": 0.4,
            "eps_latest_yearly": 0.68,
            "eps_growth_yearly": -199.71
        },
        "20184": {
            "year_quarter": 20184,
            "year": 2018,
            "quarter": 4,
            "eps": -0.47,
            "eps_growth_year": -373.66,
            "eps_4q": -1.38,
            "eps_4q_growth_year": -365.92,
            "roe": -5.68,
            "roe_4q": -15.75,
            "gross_profit": 1590,
            "gross_margin": 0.41,
            "gross_margin_4q_avg": 1.28,
            "net_income": -20678,
            "net_income_4q": null,
            "revenue": 384421,
            "revenue_4q": null,
            "common_shares": 436976,
            "book_valuer_per_share": 8.1,
            "book_valuer_per_share_4q_avg": 8.87,
            "equity": 354029,
            "current_ratio": 281.61,
            "debt_ratio": 31.31,
            "inventory_turnover_ratio": 6.34,
            "account_receivable_turnover_ratio": 2.21,
            "reinvestment_rate": null,
            "research_to_sale_ratio": null,
            "price_fair": 1.56,
            "eps_avg_yearly": 0.52,
            "eps_latest_yearly": 0.68,
            "eps_growth_yearly": -139.57
        },
        "20191": {
            "year_quarter": 20191,
            "year": 2019,
            "quarter": 1,
            "eps": -0.27,
            "eps_growth_year": null,
            "eps_4q": -1.56,
            "eps_4q_growth_year": -786.17,
            "roe": -3.42,
            "roe_4q": -18.19,
            "gross_profit": 2706,
            "gross_margin": 1.86,
            "gross_margin_4q_avg": -0.35,
            "net_income": -11940,
            "net_income_4q": null,
            "revenue": 145213,
            "revenue_4q": null,
            "common_shares": 436976,
            "book_valuer_per_share": 7.87,
            "book_valuer_per_share_4q_avg": 8.47,
            "equity": 344107,
            "current_ratio": 319.41,
            "debt_ratio": 29.2,
            "inventory_turnover_ratio": 3.19,
            "account_receivable_turnover_ratio": 0.74,
            "reinvestment_rate": null,
            "research_to_sale_ratio": 1.12,
            "price_fair": 1.56,
            "eps_avg_yearly": 0.52,
            "eps_latest_yearly": 0.68,
            "eps_growth_yearly": -139.57
        },
        "20192": {
            "year_quarter": 20192,
            "year": 2019,
            "quarter": 2,
            "eps": -0.19,
            "eps_growth_year": null,
            "eps_4q": -1.65,
            "eps_4q_growth_year": -956.15,
            "roe": -2.48,
            "roe_4q": -19.509999999999998,
            "gross_profit": 1278,
            "gross_margin": 1.23,
            "gross_margin_4q_avg": -1.28,
            "net_income": -8404,
            "net_income_4q": null,
            "revenue": 104059,
            "revenue_4q": null,
            "common_shares": 436976,
            "book_valuer_per_share": 7.66,
            "book_valuer_per_share_4q_avg": 8.05,
            "equity": 334673,
            "current_ratio": 265.37,
            "debt_ratio": 34.77,
            "inventory_turnover_ratio": 2.39,
            "account_receivable_turnover_ratio": 0.57,
            "reinvestment_rate": null,
            "research_to_sale_ratio": 1.33,
            "price_fair": 1.56,
            "eps_avg_yearly": 0.52,
            "eps_latest_yearly": 0.68,
            "eps_growth_yearly": -139.57
        },
        "20193": {
            "year_quarter": 20193,
            "year": 2019,
            "quarter": 3,
            "eps": -0.23,
            "eps_growth_year": null,
            "eps_4q": -1.17,
            "eps_4q_growth_year": null,
            "roe": -3.09,
            "roe_4q": -14.67,
            "gross_profit": 251,
            "gross_margin": 0.26,
            "gross_margin_4q_avg": 0.94,
            "net_income": -10124,
            "net_income_4q": null,
            "revenue": 97124,
            "revenue_4q": null,
            "common_shares": 436976,
            "book_valuer_per_share": 7.36,
            "book_valuer_per_share_4q_avg": 7.75,
            "equity": 321423,
            "current_ratio": 289.4,
            "debt_ratio": 31.74,
            "inventory_turnover_ratio": 1.7,
            "account_receivable_turnover_ratio": 0.63,
            "reinvestment_rate": null,
            "research_to_sale_ratio": 1.19,
            "price_fair": 2.04,
            "eps_avg_yearly": 0.68,
            "eps_latest_yearly": 0.68,
            "eps_growth_yearly": -90.91
        },
        "20194": {
            "year_quarter": 20194,
            "year": 2019,
            "quarter": 4,
            "eps": -0.35,
            "eps_growth_year": null,
            "eps_4q": -1.04,
            "eps_4q_growth_year": null,
            "roe": -4.83,
            "roe_4q": -13.82,
            "gross_profit": 5688,
            "gross_margin": 4.7,
            "gross_margin_4q_avg": 2.01,
            "net_income": -15145,
            "net_income_4q": null,
            "revenue": 120956,
            "revenue_4q": null,
            "common_shares": 436976,
            "book_valuer_per_share": 6.99,
            "book_valuer_per_share_4q_avg": 7.47,
            "equity": 305533,
            "current_ratio": 272.84,
            "debt_ratio": 33.44,
            "inventory_turnover_ratio": 2.2,
            "account_receivable_turnover_ratio": 0.92,
            "reinvestment_rate": null,
            "research_to_sale_ratio": 0.58,
            "price_fair": 2.04,
            "eps_avg_yearly": 0.68,
            "eps_latest_yearly": 0.68,
            "eps_growth_yearly": -90.91
        },
        "20201": {
            "year_quarter": 20201,
            "year": 2020,
            "quarter": 1,
            "eps": 0.01,
            "eps_growth_year": null,
            "eps_4q": -0.76,
            "eps_4q_growth_year": null,
            "roe": 0.13,
            "roe_4q": -10.27,
            "gross_profit": 2595,
            "gross_margin": 2.16,
            "gross_margin_4q_avg": 2.09,
            "net_income": 404,
            "net_income_4q": null,
            "revenue": 120318,
            "revenue_4q": null,
            "common_shares": 436976,
            "book_valuer_per_share": 6.98,
            "book_valuer_per_share_4q_avg": 7.25,
            "equity": 304964,
            "current_ratio": 255.95,
            "debt_ratio": 37.11,
            "inventory_turnover_ratio": 2.65,
            "account_receivable_turnover_ratio": 0.92,
            "reinvestment_rate": null,
            "research_to_sale_ratio": 1.62,
            "price_fair": 2.04,
            "eps_avg_yearly": 0.68,
            "eps_latest_yearly": 0.68,
            "eps_growth_yearly": -90.91
        },
        "20202": {
            "year_quarter": 20202,
            "year": 2020,
            "quarter": 2,
            "eps": -0.21,
            "eps_growth_year": null,
            "eps_4q": -0.78,
            "eps_4q_growth_year": null,
            "roe": -3.02,
            "roe_4q": -10.81,
            "gross_profit": -3343,
            "gross_margin": -3.58,
            "gross_margin_4q_avg": 0.89,
            "net_income": -9064,
            "net_income_4q": null,
            "revenue": 93472,
            "revenue_4q": null,
            "common_shares": 436976,
            "book_valuer_per_share": 6.74,
            "book_valuer_per_share_4q_avg": 7.02,
            "equity": 294683,
            "current_ratio": 321.67,
            "debt_ratio": 27.38,
            "inventory_turnover_ratio": 2.17,
            "account_receivable_turnover_ratio": 0.83,
            "reinvestment_rate": null,
            "research_to_sale_ratio": 2.02,
            "price_fair": 2.04,
            "eps_avg_yearly": 0.68,
            "eps_latest_yearly": 0.68,
            "eps_growth_yearly": -90.91
        },
        "20203": {
            "year_quarter": 20203,
            "year": 2020,
            "quarter": 3,
            "eps": -0.04,
            "eps_growth_year": null,
            "eps_4q": -0.58,
            "eps_4q_growth_year": null,
            "roe": -0.56,
            "roe_4q": -8.280000000000001,
            "gross_profit": 6319,
            "gross_margin": 9.77,
            "gross_margin_4q_avg": 3.26,
            "net_income": -1646,
            "net_income_4q": null,
            "revenue": 64672,
            "revenue_4q": null,
            "common_shares": 436976,
            "book_valuer_per_share": 6.74,
            "book_valuer_per_share_4q_avg": 6.86,
            "equity": 294561,
            "current_ratio": 1072.69,
            "debt_ratio": 10.07,
            "inventory_turnover_ratio": 2.46,
            "account_receivable_turnover_ratio": 0.67,
            "reinvestment_rate": null,
            "research_to_sale_ratio": 2.25,
            "price_fair": 2.04,
            "eps_avg_yearly": 0.68,
            "eps_latest_yearly": 0.68,
            "eps_growth_yearly": -90.91
        },
        "20204": {
            "year_quarter": 20204,
            "year": 2020,
            "quarter": 4,
            "eps": -0.77,
            "eps_growth_year": null,
            "eps_4q": -1.01,
            "eps_4q_growth_year": null,
            "roe": -12.13,
            "roe_4q": -15.58,
            "gross_profit": 1058,
            "gross_margin": 1.42,
            "gross_margin_4q_avg": 2.44,
            "net_income": -33780,
            "net_income_4q": null,
            "revenue": 74364,
            "revenue_4q": null,
            "common_shares": 436976,
            "book_valuer_per_share": 6.01,
            "book_valuer_per_share_4q_avg": 6.62,
            "equity": 262571,
            "current_ratio": 928.76,
            "debt_ratio": 12.17,
            "inventory_turnover_ratio": 15.13,
            "account_receivable_turnover_ratio": 0.93,
            "reinvestment_rate": null,
            "research_to_sale_ratio": -0.2,
            "price_fair": 2.04,
            "eps_avg_yearly": 0.68,
            "eps_latest_yearly": 0.68,
            "eps_growth_yearly": -90.91
        },
        "20211": {
            "year_quarter": 20211,
            "year": 2021,
            "quarter": 1,
            "eps": -0.13,
            "eps_growth_year": -1400,
            "eps_4q": -1.14,
            "eps_4q_growth_year": null,
            "roe": -2.11,
            "roe_4q": -17.82,
            "gross_profit": 533,
            "gross_margin": 0.55,
            "gross_margin_4q_avg": 2.04,
            "net_income": -5465,
            "net_income_4q": null,
            "revenue": 96189,
            "revenue_4q": null,
            "common_shares": 436976,
            "book_valuer_per_share": 5.87,
            "book_valuer_per_share_4q_avg": 6.34,
            "equity": 256546,
            "current_ratio": 462.5,
            "debt_ratio": 20.54,
            "inventory_turnover_ratio": 29.13,
            "account_receivable_turnover_ratio": 1.3,
            "reinvestment_rate": null,
            "research_to_sale_ratio": 0,
            "price_fair": 2.04,
            "eps_avg_yearly": 0.68,
            "eps_latest_yearly": 0.68,
            "eps_growth_yearly": -90.91
        },
        "20212": {
            "year_quarter": 20212,
            "year": 2021,
            "quarter": 2,
            "eps": -0.03,
            "eps_growth_year": null,
            "eps_4q": -0.97,
            "eps_4q_growth_year": null,
            "roe": -0.57,
            "roe_4q": -15.370000000000001,
            "gross_profit": 1859,
            "gross_margin": 1.6,
            "gross_margin_4q_avg": 3.34,
            "net_income": -1449,
            "net_income_4q": null,
            "revenue": 116517,
            "revenue_4q": null,
            "common_shares": 436976,
            "book_valuer_per_share": 5.82,
            "book_valuer_per_share_4q_avg": 6.11,
            "equity": 254485,
            "current_ratio": 896.75,
            "debt_ratio": 10.6,
            "inventory_turnover_ratio": 17.44,
            "account_receivable_turnover_ratio": 1.43,
            "reinvestment_rate": null,
            "research_to_sale_ratio": 0,
            "price_fair": 2.04,
            "eps_avg_yearly": 0.68,
            "eps_latest_yearly": 0.68,
            "eps_growth_yearly": -90.91
        },
        "20213": {
            "year_quarter": 20213,
            "year": 2021,
            "quarter": 3,
            "eps": -0.01,
            "eps_growth_year": null,
            "eps_4q": -0.94,
            "eps_4q_growth_year": null,
            "roe": -0.23,
            "roe_4q": -15.040000000000001,
            "gross_profit": 2112,
            "gross_margin": 1.75,
            "gross_margin_4q_avg": 1.33,
            "net_income": -572,
            "net_income_4q": null,
            "revenue": 120797,
            "revenue_4q": null,
            "common_shares": 436976,
            "book_valuer_per_share": 5.81,
            "book_valuer_per_share_4q_avg": 5.88,
            "equity": 253846,
            "current_ratio": 555.27,
            "debt_ratio": 17.28,
            "inventory_turnover_ratio": 22.51,
            "account_receivable_turnover_ratio": 1.41,
            "reinvestment_rate": null,
            "research_to_sale_ratio": 0,
            "price_fair": 2.04,
            "eps_avg_yearly": 0.68,
            "eps_latest_yearly": 0.68,
            "eps_growth_yearly": -90.91
        },
        "20214": {
            "year_quarter": 20214,
            "year": 2021,
            "quarter": 4,
            "eps": -0.16,
            "eps_growth_year": null,
            "eps_4q": -0.33,
            "eps_4q_growth_year": null,
            "roe": -2.74,
            "roe_4q": -5.65,
            "gross_profit": 1633,
            "gross_margin": 1.86,
            "gross_margin_4q_avg": 1.44,
            "net_income": -6863,
            "net_income_4q": null,
            "revenue": 87746,
            "revenue_4q": null,
            "common_shares": 436976,
            "book_valuer_per_share": 5.67,
            "book_valuer_per_share_4q_avg": 5.79,
            "equity": 247652,
            "current_ratio": 811.78,
            "debt_ratio": 11.97,
            "inventory_turnover_ratio": 15.51,
            "account_receivable_turnover_ratio": 1.34,
            "reinvestment_rate": null,
            "research_to_sale_ratio": 0,
            "price_fair": 0,
            "eps_avg_yearly": 0,
            "eps_latest_yearly": 0,
            "eps_growth_yearly": 0
        },
        "20221": {
            "year_quarter": 20221,
            "year": 2022,
            "quarter": 1,
            "eps": -0.07,
            "eps_growth_year": null,
            "eps_4q": -0.28,
            "eps_4q_growth_year": null,
            "roe": -1.31,
            "roe_4q": -4.850000000000001,
            "gross_profit": 67,
            "gross_margin": 0.12,
            "gross_margin_4q_avg": 1.33,
            "net_income": -3244,
            "net_income_4q": null,
            "revenue": 57074,
            "revenue_4q": null,
            "common_shares": 436976,
            "book_valuer_per_share": 5.66,
            "book_valuer_per_share_4q_avg": 5.74,
            "equity": 247223,
            "current_ratio": 740.3,
            "debt_ratio": 13.8,
            "inventory_turnover_ratio": 14.88,
            "account_receivable_turnover_ratio": 1.36,
            "reinvestment_rate": null,
            "research_to_sale_ratio": 0,
            "price_fair": 0,
            "eps_avg_yearly": 0,
            "eps_latest_yearly": 0,
            "eps_growth_yearly": 0
        },
        "20222": {
            "year_quarter": 20222,
            "year": 2022,
            "quarter": 2,
            "eps": 0.02,
            "eps_growth_year": null,
            "eps_4q": -0.22,
            "eps_4q_growth_year": null,
            "roe": 0.5,
            "roe_4q": -3.7800000000000002,
            "gross_profit": 0,
            "gross_margin": null,
            "gross_margin_4q_avg": 0.93,
            "net_income": 1225,
            "net_income_4q": null,
            "revenue": 0,
            "revenue_4q": null,
            "common_shares": 436976,
            "book_valuer_per_share": 5.66,
            "book_valuer_per_share_4q_avg": 5.7,
            "equity": 247303,
            "current_ratio": 4132.82,
            "debt_ratio": 3.01,
            "inventory_turnover_ratio": null,
            "account_receivable_turnover_ratio": 0,
            "reinvestment_rate": null,
            "research_to_sale_ratio": null,
            "price_fair": 0,
            "eps_avg_yearly": 0,
            "eps_latest_yearly": 0,
            "eps_growth_yearly": 0
        },
        "20223": {
            "year_quarter": 20223,
            "year": 2022,
            "quarter": 3,
            "eps": -0.07,
            "eps_growth_year": null,
            "eps_4q": -0.28,
            "eps_4q_growth_year": null,
            "roe": -1.37,
            "roe_4q": -4.92,
            "gross_profit": 122,
            "gross_margin": 100,
            "gross_margin_4q_avg": 25.5,
            "net_income": -3369,
            "net_income_4q": null,
            "revenue": 122,
            "revenue_4q": null,
            "common_shares": 436976,
            "book_valuer_per_share": 5.61,
            "book_valuer_per_share_4q_avg": 5.65,
            "equity": 244926,
            "current_ratio": 4213.23,
            "debt_ratio": 2.76,
            "inventory_turnover_ratio": null,
            "account_receivable_turnover_ratio": 0.64,
            "reinvestment_rate": null,
            "research_to_sale_ratio": 0,
            "price_fair": 0,
            "eps_avg_yearly": 0,
            "eps_latest_yearly": 0,
            "eps_growth_yearly": 0
        },
        "20224": {
            "year_quarter": 20224,
            "year": 2022,
            "quarter": 4,
            "eps": -0.21,
            "eps_growth_year": null,
            "eps_4q": -0.34,
            "eps_4q_growth_year": null,
            "roe": -3.91,
            "roe_4q": -6.09,
            "gross_profit": 242,
            "gross_margin": 99.59,
            "gross_margin_4q_avg": 49.93,
            "net_income": -9369,
            "net_income_4q": null,
            "revenue": 243,
            "revenue_4q": null,
            "common_shares": 436976,
            "book_valuer_per_share": 5.36,
            "book_valuer_per_share_4q_avg": 5.57,
            "equity": 234167,
            "current_ratio": 1319.59,
            "debt_ratio": 7.59,
            "inventory_turnover_ratio": null,
            "account_receivable_turnover_ratio": 1.25,
            "reinvestment_rate": null,
            "research_to_sale_ratio": 0,
            "price_fair": 0,
            "eps_avg_yearly": 0,
            "eps_latest_yearly": 0,
            "eps_growth_yearly": 0
        },
        "20231": {
            "year_quarter": 20231,
            "year": 2023,
            "quarter": 1,
            "eps": -0.2,
            "eps_growth_year": null,
            "eps_4q": -0.46,
            "eps_4q_growth_year": null,
            "roe": -3.72,
            "roe_4q": -8.5,
            "gross_profit": 397,
            "gross_margin": 41.35,
            "gross_margin_4q_avg": 60.24,
            "net_income": -8553,
            "net_income_4q": null,
            "revenue": 960,
            "revenue_4q": null,
            "common_shares": 436976,
            "book_valuer_per_share": 5.17,
            "book_valuer_per_share_4q_avg": 5.45,
            "equity": 225956,
            "current_ratio": 280.51,
            "debt_ratio": 35.01,
            "inventory_turnover_ratio": 4.01,
            "account_receivable_turnover_ratio": 5.04,
            "reinvestment_rate": null,
            "research_to_sale_ratio": null,
            "price_fair": 0,
            "eps_avg_yearly": 0,
            "eps_latest_yearly": 0,
            "eps_growth_yearly": 0
        },
        "20232": {
            "year_quarter": 20232,
            "year": 2023,
            "quarter": 2,
            "eps": -0.12,
            "eps_growth_year": -700,
            "eps_4q": -0.61,
            "eps_4q_growth_year": null,
            "roe": -2.46,
            "roe_4q": -11.46,
            "gross_profit": 112,
            "gross_margin": 28.94,
            "gross_margin_4q_avg": 67.47,
            "net_income": -5452,
            "net_income_4q": null,
            "revenue": 387,
            "revenue_4q": null,
            "common_shares": 436976,
            "book_valuer_per_share": 4.99,
            "book_valuer_per_share_4q_avg": 5.28,
            "equity": 218022,
            "current_ratio": 2590.89,
            "debt_ratio": 3.76,
            "inventory_turnover_ratio": 1.96,
            "account_receivable_turnover_ratio": 1.52,
            "reinvestment_rate": null,
            "research_to_sale_ratio": null,
            "price_fair": 0,
            "eps_avg_yearly": 0,
            "eps_latest_yearly": 0,
            "eps_growth_yearly": 0
        }
    },
    "months": {
        "2003-11": {
            "month": "2003-11",
            "price": "18.20",
            "revenue": 17437
        },
        "2003-12": {
            "month": "2003-12",
            "price": "19.44",
            "revenue": 15310
        },
        "2004-01": {
            "month": "2004-01",
            "price": "25.45",
            "revenue": 10438
        },
        "2004-02": {
            "month": "2004-02",
            "price": "29.91",
            "revenue": 9047
        },
        "2004-03": {
            "month": "2004-03",
            "price": "29.70",
            "revenue": 6661
        },
        "2004-04": {
            "month": "2004-04",
            "price": "30.93",
            "revenue": 9522
        },
        "2004-05": {
            "month": "2004-05",
            "price": "24.78",
            "revenue": 11720
        },
        "2004-06": {
            "month": "2004-06",
            "price": "24.08",
            "revenue": 11712
        },
        "2004-07": {
            "month": "2004-07",
            "price": "20.50",
            "revenue": 11699
        },
        "2004-08": {
            "month": "2004-08",
            "price": "18.62",
            "revenue": 11032
        },
        "2004-09": {
            "month": "2004-09",
            "price": "17.12",
            "revenue": 13162
        },
        "2004-11": {
            "month": "2004-11",
            "price": "16.50",
            "revenue": 9410
        },
        "2005-02": {
            "month": "2005-02",
            "price": "16.98",
            "revenue": 9221
        },
        "2005-03": {
            "month": "2005-03",
            "price": "18.64",
            "revenue": 10205
        },
        "2005-04": {
            "month": "2005-04",
            "price": "20.69",
            "revenue": 9716
        },
        "2005-05": {
            "month": "2005-05",
            "price": "25.87",
            "revenue": 9001
        },
        "2005-06": {
            "month": "2005-06",
            "price": "27.10",
            "revenue": 9619
        },
        "2005-07": {
            "month": "2005-07",
            "price": "29.02",
            "revenue": 9038
        },
        "2005-08": {
            "month": "2005-08",
            "price": "18.79",
            "revenue": 13543
        },
        "2005-09": {
            "month": "2005-09",
            "price": "16.72",
            "revenue": 11950
        },
        "2005-10": {
            "month": "2005-10",
            "price": "18.02",
            "revenue": 12757
        },
        "2005-11": {
            "month": "2005-11",
            "price": "18.37",
            "revenue": 16585
        },
        "2005-12": {
            "month": "2005-12",
            "price": "21.05",
            "revenue": 12447
        },
        "2006-01": {
            "month": "2006-01",
            "price": "30.34",
            "revenue": 8515
        },
        "2006-02": {
            "month": "2006-02",
            "price": "31.45",
            "revenue": 9887
        },
        "2006-03": {
            "month": "2006-03",
            "price": "27.10",
            "revenue": 10641
        },
        "2006-04": {
            "month": "2006-04",
            "price": "33.91",
            "revenue": 11305
        },
        "2006-05": {
            "month": "2006-05",
            "price": "30.45",
            "revenue": 11076
        },
        "2006-06": {
            "month": "2006-06",
            "price": "23.53",
            "revenue": 9457
        },
        "2006-07": {
            "month": "2006-07",
            "price": "23.29",
            "revenue": 10225
        },
        "2006-08": {
            "month": "2006-08",
            "price": "22.21",
            "revenue": 10527
        },
        "2006-09": {
            "month": "2006-09",
            "price": "21.82",
            "revenue": 9123
        },
        "2006-10": {
            "month": "2006-10",
            "price": "28.08",
            "revenue": 8495
        },
        "2006-11": {
            "month": "2006-11",
            "price": "27.66",
            "revenue": 14351
        },
        "2006-12": {
            "month": "2006-12",
            "price": "22.23",
            "revenue": 12532
        },
        "2007-01": {
            "month": "2007-01",
            "price": "22.71",
            "revenue": 10031
        },
        "2007-02": {
            "month": "2007-02",
            "price": "19.90",
            "revenue": 8376
        },
        "2007-03": {
            "month": "2007-03",
            "price": "19.10",
            "revenue": 11969
        },
        "2007-04": {
            "month": "2007-04",
            "price": "19.45",
            "revenue": 13623
        },
        "2007-05": {
            "month": "2007-05",
            "price": "19.69",
            "revenue": 13449
        },
        "2007-06": {
            "month": "2007-06",
            "price": "18.70",
            "revenue": 10926
        },
        "2007-07": {
            "month": "2007-07",
            "price": "19.36",
            "revenue": 17015
        },
        "2007-08": {
            "month": "2007-08",
            "price": "14.72",
            "revenue": 15713
        },
        "2007-09": {
            "month": "2007-09",
            "price": "13.02",
            "revenue": 14399
        },
        "2007-10": {
            "month": "2007-10",
            "price": "13.26",
            "revenue": 16233
        },
        "2007-11": {
            "month": "2007-11",
            "price": "12.25",
            "revenue": 14819
        },
        "2007-12": {
            "month": "2007-12",
            "price": "10.27",
            "revenue": 9792
        },
        "2008-01": {
            "month": "2008-01",
            "price": "9.08",
            "revenue": 9598
        },
        "2008-02": {
            "month": "2008-02",
            "price": "8.94",
            "revenue": 8851
        },
        "2008-03": {
            "month": "2008-03",
            "price": "9.31",
            "revenue": 8828
        },
        "2008-04": {
            "month": "2008-04",
            "price": "9.91",
            "revenue": 9614
        },
        "2008-05": {
            "month": "2008-05",
            "price": "9.66",
            "revenue": 9523
        },
        "2008-06": {
            "month": "2008-06",
            "price": "9.81",
            "revenue": 8350
        },
        "2008-07": {
            "month": "2008-07",
            "price": "8.90",
            "revenue": 16694
        },
        "2008-08": {
            "month": "2008-08",
            "price": "9.70",
            "revenue": 18713
        },
        "2008-09": {
            "month": "2008-09",
            "price": "8.89",
            "revenue": 23174
        },
        "2008-10": {
            "month": "2008-10",
            "price": "7.55",
            "revenue": 17780
        },
        "2008-11": {
            "month": "2008-11",
            "price": "6.73",
            "revenue": 2528
        },
        "2008-12": {
            "month": "2008-12",
            "price": "5.63",
            "revenue": 2301
        },
        "2009-01": {
            "month": "2009-01",
            "price": "5.00",
            "revenue": 620
        },
        "2009-02": {
            "month": "2009-02",
            "price": "4.48",
            "revenue": 10786
        },
        "2009-03": {
            "month": "2009-03",
            "price": "5.60",
            "revenue": 4510
        },
        "2009-04": {
            "month": "2009-04",
            "price": "8.07",
            "revenue": 6272
        },
        "2009-05": {
            "month": "2009-05",
            "price": "8.85",
            "revenue": 6447
        },
        "2009-06": {
            "month": "2009-06",
            "price": "8.80",
            "revenue": 5204
        },
        "2009-07": {
            "month": "2009-07",
            "price": "9.98",
            "revenue": 24895
        },
        "2009-08": {
            "month": "2009-08",
            "price": "9.99",
            "revenue": 31666
        },
        "2009-09": {
            "month": "2009-09",
            "price": "11.62",
            "revenue": 35620
        },
        "2009-10": {
            "month": "2009-10",
            "price": "13.69",
            "revenue": 31680
        },
        "2009-11": {
            "month": "2009-11",
            "price": "13.31",
            "revenue": 28135
        },
        "2009-12": {
            "month": "2009-12",
            "price": "13.45",
            "revenue": 32611
        },
        "2010-01": {
            "month": "2010-01",
            "price": "14.79",
            "revenue": 29058
        },
        "2010-02": {
            "month": "2010-02",
            "price": "13.40",
            "revenue": 31371
        },
        "2010-03": {
            "month": "2010-03",
            "price": "14.55",
            "revenue": 48718
        },
        "2010-04": {
            "month": "2010-04",
            "price": "15.10",
            "revenue": 56039
        },
        "2010-05": {
            "month": "2010-05",
            "price": "13.88",
            "revenue": 56353
        },
        "2010-06": {
            "month": "2010-06",
            "price": "13.30",
            "revenue": 46793
        },
        "2010-07": {
            "month": "2010-07",
            "price": "13.97",
            "revenue": 38699
        },
        "2010-08": {
            "month": "2010-08",
            "price": "14.32",
            "revenue": 61736
        },
        "2010-09": {
            "month": "2010-09",
            "price": "13.78",
            "revenue": 46911
        },
        "2010-10": {
            "month": "2010-10",
            "price": "13.38",
            "revenue": 46338
        },
        "2010-11": {
            "month": "2010-11",
            "price": "13.08",
            "revenue": 51593
        },
        "2010-12": {
            "month": "2010-12",
            "price": "13.28",
            "revenue": 63105
        },
        "2011-01": {
            "month": "2011-01",
            "price": "13.30",
            "revenue": 59127
        },
        "2011-02": {
            "month": "2011-02",
            "price": "13.12",
            "revenue": 59170
        },
        "2011-03": {
            "month": "2011-03",
            "price": "14.67",
            "revenue": 80319
        },
        "2011-04": {
            "month": "2011-04",
            "price": "15.46",
            "revenue": 70358
        },
        "2011-05": {
            "month": "2011-05",
            "price": "14.92",
            "revenue": 57324
        },
        "2011-06": {
            "month": "2011-06",
            "price": "14.40",
            "revenue": 56450
        },
        "2011-07": {
            "month": "2011-07",
            "price": "14.50",
            "revenue": 56919
        },
        "2011-08": {
            "month": "2011-08",
            "price": "13.06",
            "revenue": 60722
        },
        "2011-09": {
            "month": "2011-09",
            "price": "12.98",
            "revenue": 57546
        },
        "2011-10": {
            "month": "2011-10",
            "price": "12.39",
            "revenue": 66089
        },
        "2011-11": {
            "month": "2011-11",
            "price": "11.92",
            "revenue": 61394
        },
        "2011-12": {
            "month": "2011-12",
            "price": "10.48",
            "revenue": 70083
        },
        "2012-01": {
            "month": "2012-01",
            "price": "10.16",
            "revenue": 32805
        },
        "2012-02": {
            "month": "2012-02",
            "price": "12.06",
            "revenue": 57631
        },
        "2012-03": {
            "month": "2012-03",
            "price": "11.84",
            "revenue": 73206
        },
        "2012-04": {
            "month": "2012-04",
            "price": "11.82",
            "revenue": 71843
        },
        "2012-05": {
            "month": "2012-05",
            "price": "11.33",
            "revenue": 59293
        },
        "2012-06": {
            "month": "2012-06",
            "price": "11.00",
            "revenue": 49425
        },
        "2012-07": {
            "month": "2012-07",
            "price": "10.96",
            "revenue": 64712
        },
        "2012-08": {
            "month": "2012-08",
            "price": "10.83",
            "revenue": 75448
        },
        "2012-09": {
            "month": "2012-09",
            "price": "11.02",
            "revenue": 59087
        },
        "2012-10": {
            "month": "2012-10",
            "price": "11.28",
            "revenue": 59088
        },
        "2012-11": {
            "month": "2012-11",
            "price": "10.93",
            "revenue": 65982
        },
        "2012-12": {
            "month": "2012-12",
            "price": "10.52",
            "revenue": 86230
        },
        "2013-01": {
            "month": "2013-01",
            "price": "10.72",
            "revenue": 47830
        },
        "2013-02": {
            "month": "2013-02",
            "price": "10.56",
            "revenue": 42051
        },
        "2013-03": {
            "month": "2013-03",
            "price": "10.49",
            "revenue": 47700
        },
        "2013-04": {
            "month": "2013-04",
            "price": "10.36",
            "revenue": 58925
        },
        "2013-05": {
            "month": "2013-05",
            "price": "10.28",
            "revenue": 52282
        },
        "2013-06": {
            "month": "2013-06",
            "price": "10.05",
            "revenue": 45592
        },
        "2013-07": {
            "month": "2013-07",
            "price": "9.98",
            "revenue": 55914
        },
        "2013-08": {
            "month": "2013-08",
            "price": "10.09",
            "revenue": 56865
        },
        "2013-09": {
            "month": "2013-09",
            "price": "10.66",
            "revenue": 68965
        },
        "2013-10": {
            "month": "2013-10",
            "price": "10.71",
            "revenue": 81523
        },
        "2013-11": {
            "month": "2013-11",
            "price": "13.22",
            "revenue": 63568
        },
        "2013-12": {
            "month": "2013-12",
            "price": "16.67",
            "revenue": 61268
        },
        "2014-01": {
            "month": "2014-01",
            "price": "16.31",
            "revenue": 51660
        },
        "2014-02": {
            "month": "2014-02",
            "price": "14.75",
            "revenue": 42103
        },
        "2014-03": {
            "month": "2014-03",
            "price": "15.02",
            "revenue": 62829
        },
        "2014-04": {
            "month": "2014-04",
            "price": "14.85",
            "revenue": 63897
        },
        "2014-05": {
            "month": "2014-05",
            "price": "14.59",
            "revenue": 51987
        },
        "2014-06": {
            "month": "2014-06",
            "price": "14.35",
            "revenue": 66739
        },
        "2014-07": {
            "month": "2014-07",
            "price": "15.50",
            "revenue": 62209
        },
        "2014-08": {
            "month": "2014-08",
            "price": "16.39",
            "revenue": 71395
        },
        "2014-09": {
            "month": "2014-09",
            "price": "16.09",
            "revenue": 71191
        },
        "2014-10": {
            "month": "2014-10",
            "price": "15.36",
            "revenue": 69935
        },
        "2014-11": {
            "month": "2014-11",
            "price": "14.48",
            "revenue": 65599
        },
        "2014-12": {
            "month": "2014-12",
            "price": "14.34",
            "revenue": 81430
        },
        "2015-01": {
            "month": "2015-01",
            "price": "14.18",
            "revenue": 77249
        },
        "2015-02": {
            "month": "2015-02",
            "price": "14.00",
            "revenue": 43528
        },
        "2015-03": {
            "month": "2015-03",
            "price": "14.13",
            "revenue": 88214
        },
        "2015-04": {
            "month": "2015-04",
            "price": "14.28",
            "revenue": 73919
        },
        "2015-05": {
            "month": "2015-05",
            "price": "13.27",
            "revenue": 76460
        },
        "2015-06": {
            "month": "2015-06",
            "price": "11.39",
            "revenue": 74874
        },
        "2015-07": {
            "month": "2015-07",
            "price": "11.01",
            "revenue": 79947
        },
        "2015-08": {
            "month": "2015-08",
            "price": "10.04",
            "revenue": 72009
        },
        "2015-09": {
            "month": "2015-09",
            "price": "9.57",
            "revenue": 76801
        },
        "2015-10": {
            "month": "2015-10",
            "price": "9.94",
            "revenue": 81931
        },
        "2015-11": {
            "month": "2015-11",
            "price": "11.29",
            "revenue": 74703
        },
        "2015-12": {
            "month": "2015-12",
            "price": "13.44",
            "revenue": 69684
        },
        "2016-01": {
            "month": "2016-01",
            "price": "13.46",
            "revenue": 58429
        },
        "2016-02": {
            "month": "2016-02",
            "price": "13.25",
            "revenue": 27018
        },
        "2016-03": {
            "month": "2016-03",
            "price": "12.42",
            "revenue": 60461
        },
        "2016-04": {
            "month": "2016-04",
            "price": "12.27",
            "revenue": 59449
        },
        "2016-05": {
            "month": "2016-05",
            "price": "11.81",
            "revenue": 55638
        },
        "2016-06": {
            "month": "2016-06",
            "price": "11.43",
            "revenue": 45605
        },
        "2016-07": {
            "month": "2016-07",
            "price": "11.86",
            "revenue": 45701
        },
        "2016-08": {
            "month": "2016-08",
            "price": "13.66",
            "revenue": 58327
        },
        "2016-09": {
            "month": "2016-09",
            "price": "13.53",
            "revenue": 56106
        },
        "2016-10": {
            "month": "2016-10",
            "price": "12.91",
            "revenue": 61454
        },
        "2016-11": {
            "month": "2016-11",
            "price": "12.67",
            "revenue": 67285
        },
        "2016-12": {
            "month": "2016-12",
            "price": "11.79",
            "revenue": 74914
        },
        "2017-01": {
            "month": "2017-01",
            "price": "10.43",
            "revenue": 44257
        },
        "2017-02": {
            "month": "2017-02",
            "price": "12.46",
            "revenue": 61171
        },
        "2017-03": {
            "month": "2017-03",
            "price": "12.90",
            "revenue": 66886
        },
        "2017-04": {
            "month": "2017-04",
            "price": "12.35",
            "revenue": 56804
        },
        "2017-05": {
            "month": "2017-05",
            "price": "12.40",
            "revenue": 49516
        },
        "2017-06": {
            "month": "2017-06",
            "price": "12.48",
            "revenue": 49069
        },
        "2017-07": {
            "month": "2017-07",
            "price": "12.36",
            "revenue": 46745
        },
        "2017-08": {
            "month": "2017-08",
            "price": "12.11",
            "revenue": 52902
        },
        "2017-09": {
            "month": "2017-09",
            "price": "11.69",
            "revenue": 53878
        },
        "2017-10": {
            "month": "2017-10",
            "price": "11.40",
            "revenue": 48966
        },
        "2017-11": {
            "month": "2017-11",
            "price": "11.53",
            "revenue": 45359
        },
        "2017-12": {
            "month": "2017-12",
            "price": "11.74",
            "revenue": 43525
        },
        "2018-01": {
            "month": "2018-01",
            "price": "11.66",
            "revenue": 51925
        },
        "2018-02": {
            "month": "2018-02",
            "price": "11.60",
            "revenue": 33789
        },
        "2018-03": {
            "month": "2018-03",
            "price": "17.16",
            "revenue": 58147
        },
        "2018-04": {
            "month": "2018-04",
            "price": "29.91",
            "revenue": 41210
        },
        "2018-05": {
            "month": "2018-05",
            "price": "28.93",
            "revenue": 44096
        },
        "2018-06": {
            "month": "2018-06",
            "price": "29.92",
            "revenue": 39986
        },
        "2018-07": {
            "month": "2018-07",
            "price": "26.22",
            "revenue": 28900
        },
        "2018-08": {
            "month": "2018-08",
            "price": "20.48",
            "revenue": 29806
        },
        "2018-09": {
            "month": "2018-09",
            "price": "21.27",
            "revenue": 25835
        },
        "2018-10": {
            "month": "2018-10",
            "price": "22.75",
            "revenue": 30440
        },
        "2018-11": {
            "month": "2018-11",
            "price": "19.60",
            "revenue": 79172
        },
        "2018-12": {
            "month": "2018-12",
            "price": "19.62",
            "revenue": 274902
        },
        "2019-01": {
            "month": "2019-01",
            "price": "23.36",
            "revenue": 51910
        },
        "2019-02": {
            "month": "2019-02",
            "price": "22.67",
            "revenue": 27594
        },
        "2019-03": {
            "month": "2019-03",
            "price": "21.62",
            "revenue": 65709
        },
        "2019-04": {
            "month": "2019-04",
            "price": "20.93",
            "revenue": 42873
        },
        "2019-05": {
            "month": "2019-05",
            "price": "20.18",
            "revenue": 33304
        },
        "2019-06": {
            "month": "2019-06",
            "price": "18.85",
            "revenue": 27882
        },
        "2019-07": {
            "month": "2019-07",
            "price": "18.38",
            "revenue": 31858
        },
        "2019-08": {
            "month": "2019-08",
            "price": "16.89",
            "revenue": 31309
        },
        "2019-09": {
            "month": "2019-09",
            "price": "16.34",
            "revenue": 33957
        },
        "2019-10": {
            "month": "2019-10",
            "price": "16.05",
            "revenue": 34067
        },
        "2019-11": {
            "month": "2019-11",
            "price": "15.01",
            "revenue": 40481
        },
        "2019-12": {
            "month": "2019-12",
            "price": "13.02",
            "revenue": 46408
        },
        "2020-01": {
            "month": "2020-01",
            "price": "12.05",
            "revenue": 41519
        },
        "2020-02": {
            "month": "2020-02",
            "price": "11.71",
            "revenue": 41641
        },
        "2020-03": {
            "month": "2020-03",
            "price": "10.43",
            "revenue": 37158
        },
        "2020-04": {
            "month": "2020-04",
            "price": "9.53",
            "revenue": 33632
        },
        "2020-05": {
            "month": "2020-05",
            "price": "11.70",
            "revenue": 30672
        },
        "2020-06": {
            "month": "2020-06",
            "price": "14.20",
            "revenue": 29168
        },
        "2020-07": {
            "month": "2020-07",
            "price": "13.53",
            "revenue": 22443
        },
        "2020-08": {
            "month": "2020-08",
            "price": "13.30",
            "revenue": 20717
        },
        "2020-09": {
            "month": "2020-09",
            "price": "16.47",
            "revenue": 21512
        },
        "2020-10": {
            "month": "2020-10",
            "price": "15.66",
            "revenue": 20168
        },
        "2020-11": {
            "month": "2020-11",
            "price": "14.50",
            "revenue": 24047
        },
        "2020-12": {
            "month": "2020-12",
            "price": "15.16",
            "revenue": 30149
        },
        "2021-01": {
            "month": "2021-01",
            "price": "16.54",
            "revenue": 20593
        },
        "2021-02": {
            "month": "2021-02",
            "price": "16.67",
            "revenue": 42443
        },
        "2021-03": {
            "month": "2021-03",
            "price": "16.60",
            "revenue": 33153
        },
        "2021-04": {
            "month": "2021-04",
            "price": "16.13",
            "revenue": 41028
        },
        "2021-05": {
            "month": "2021-05",
            "price": "16.04",
            "revenue": 29378
        },
        "2021-06": {
            "month": "2021-06",
            "price": "15.34",
            "revenue": 46110
        },
        "2021-07": {
            "month": "2021-07",
            "price": "14.46",
            "revenue": 43750
        },
        "2021-08": {
            "month": "2021-08",
            "price": "14.24",
            "revenue": 39576
        },
        "2021-09": {
            "month": "2021-09",
            "price": "13.68",
            "revenue": 37471
        },
        "2021-10": {
            "month": "2021-10",
            "price": "13.05",
            "revenue": 31824
        },
        "2021-11": {
            "month": "2021-11",
            "price": "12.96",
            "revenue": 26848
        },
        "2021-12": {
            "month": "2021-12",
            "price": "15.10",
            "revenue": 29073
        },
        "2022-01": {
            "month": "2022-01",
            "price": "14.79",
            "revenue": 18235
        },
        "2022-02": {
            "month": "2022-02",
            "price": "13.32",
            "revenue": 21914
        },
        "2022-03": {
            "month": "2022-03",
            "price": "12.17",
            "revenue": 16926
        },
        "2022-04": {
            "month": "2022-04",
            "price": "11.67",
            "revenue": 0
        },
        "2022-05": {
            "month": "2022-05",
            "price": "11.68",
            "revenue": 0
        },
        "2022-06": {
            "month": "2022-06",
            "price": "11.88",
            "revenue": 0
        },
        "2022-07": {
            "month": "2022-07",
            "price": "10.70",
            "revenue": 37
        },
        "2022-08": {
            "month": "2022-08",
            "price": "11.79",
            "revenue": 36
        },
        "2022-09": {
            "month": "2022-09",
            "price": "12.46",
            "revenue": 49
        },
        "2022-10": {
            "month": "2022-10",
            "price": "11.23",
            "revenue": 37
        },
        "2022-11": {
            "month": "2022-11",
            "price": "10.89",
            "revenue": 9251
        },
        "2022-12": {
            "month": "2022-12",
            "price": "10.95",
            "revenue": 29795
        },
        "2023-01": {
            "month": "2023-01",
            "price": "11.54",
            "revenue": 26298
        },
        "2023-02": {
            "month": "2023-02",
            "price": "11.69",
            "revenue": 284
        },
        "2023-03": {
            "month": "2023-03",
            "price": "11.64",
            "revenue": 613
        },
        "2023-04": {
            "month": "2023-04",
            "price": "11.08",
            "revenue": 94
        },
        "2023-05": {
            "month": "2023-05",
            "price": "10.42",
            "revenue": 149
        },
        "2023-06": {
            "month": "2023-06",
            "price": "10.57",
            "revenue": 146
        },
        "2023-07": {
            "month": "2023-07",
            "price": "11.14",
            "revenue": 0
        },
        "2023-08": {
            "month": "2023-08",
            "price": "10.43",
            "revenue": 0
        },
        "2023-09": {
            "month": "2023-09",
            "price": "10.82",
            "revenue": 112
        }
    }
}
