{
    "summary": {
        "stock_name": "進階",
        "stock_id": "3118",
        "category": "生技醫療",
        "main_business": "生物醫學相關產品代理<br>臨床前試驗服務",
        "website_url": "http://www.level.com.tw",
        "ceo": "邱春龍",
        "pe_ratio": 16,
        "report_year_from": 2001,
        "report_year_to": 2023,
        "age": 23,
        "eps_negative_percentage": 0,
        "eps_growth_avg": {
            "last_all": 7.72,
            "last_2y": 3.6,
            "last_4y": 11.02,
            "last_8y": 0.32,
            "last_12y": 0.87,
            "last_16y": 7.72,
            "last_20y": null,
            "at_2006_last_3y": null,
            "at_2007_last_3y": null,
            "at_2008_last_3y": null,
            "at_2009_last_3y": null,
            "at_2010_last_3y": 29.97,
            "at_2011_last_3y": 10.66,
            "at_2012_last_3y": -2.31,
            "at_2013_last_3y": 9.94,
            "at_2014_last_3y": 2.13,
            "at_2015_last_3y": 7.27,
            "at_2016_last_3y": 5.97,
            "at_2017_last_3y": 2.5,
            "at_2018_last_3y": -13.06,
            "at_2019_last_3y": -8.17,
            "at_2020_last_3y": 2.34,
            "at_2021_last_3y": 4.61,
            "at_2022_last_3y": 11.83,
            "at_2023_last_3y": 8.35,
            "at_2024_last_3y": 8.35,
            "at_2006_last_all": null,
            "at_2007_last_all": null,
            "at_2008_last_all": 48.21,
            "at_2009_last_all": 23.18,
            "at_2010_last_all": 29.97,
            "at_2011_last_all": 20.28,
            "at_2012_last_all": 14.53,
            "at_2013_last_all": 15.61,
            "at_2014_last_all": 16.05,
            "at_2015_last_all": 14.5,
            "at_2016_last_all": 11.11,
            "at_2017_last_all": 10.84,
            "at_2018_last_all": 6.35,
            "at_2019_last_all": 7.52,
            "at_2020_last_all": 8.6,
            "at_2021_last_all": 9.18,
            "at_2022_last_all": 7.72,
            "at_2023_last_all": 7.72,
            "at_2024_last_all": 7.72
        },
        "latest_eps": 1.94,
        "latest_price": 30.15,
        "latest_roe": 11.52,
        "latest_gross_margin": 33.41,
        "latest_equity": 549472,
        "latest_revenue": 189474,
        "latest_gross_profit": 63310,
        "latest_net_income": 20097,
        "latest_debt_ratio": 33.21,
        "latest_current_ratio": 269.23,
        "latest_account_receivable_turnover_ratio": 1.65,
        "latest_inventory_turnover_ratio": 1.39,
        "latest_reinvestment_rate": -13.62,
        "latest_research_to_sale_ratio": 1.63
    },
    "eps_dividends": {
        "2001": {
            "cash": 0,
            "stock": 0,
            "eps": 0
        },
        "2002": {
            "cash": 0,
            "stock": 0,
            "eps": 0
        },
        "2003": {
            "cash": 0,
            "stock": 0,
            "eps": 0
        },
        "2004": {
            "cash": 0,
            "stock": 0,
            "eps": 0
        },
        "2005": {
            "cash": 0.5,
            "stock": 1,
            "eps": 0
        },
        "2006": {
            "cash": 0.6,
            "stock": 1,
            "eps": 0.97
        },
        "2007": {
            "cash": 0.6,
            "stock": 1,
            "eps": 1.54
        },
        "2008": {
            "cash": 1,
            "stock": 0,
            "eps": 2.12
        },
        "2009": {
            "cash": 1.8,
            "stock": 0,
            "eps": 1.55
        },
        "2010": {
            "cash": 1.5,
            "stock": 0,
            "eps": 2.33
        },
        "2011": {
            "cash": 1.5,
            "stock": 0.5,
            "eps": 1.9
        },
        "2012": {
            "cash": 2,
            "stock": 0,
            "eps": 1.63
        },
        "2013": {
            "cash": 1.7,
            "stock": 0,
            "eps": 1.99
        },
        "2014": {
            "cash": 1.7,
            "stock": 0,
            "eps": 2.37
        },
        "2015": {
            "cash": 2,
            "stock": 0,
            "eps": 2.42
        },
        "2016": {
            "cash": 2.2,
            "stock": 0,
            "eps": 1.95
        },
        "2017": {
            "cash": 1.9,
            "stock": 0,
            "eps": 2.11
        },
        "2018": {
            "cash": 1.9,
            "stock": 0,
            "eps": 1.2
        },
        "2019": {
            "cash": 1,
            "stock": 0,
            "eps": 1.46
        },
        "2020": {
            "cash": 1.3,
            "stock": 0,
            "eps": 1.79
        },
        "2021": {
            "cash": 1.6,
            "stock": 0,
            "eps": 2.1
        },
        "2022": {
            "cash": 1.9,
            "stock": 0,
            "eps": 1.8
        },
        "2023": {
            "cash": 1.7,
            "stock": 0,
            "eps": 1.94
        }
    },
    "dividends": {
        "2005-06-14": {
            "cash": 0.5,
            "stock": 1
        },
        "2006-04-04": {
            "cash": 0.6,
            "stock": 1
        },
        "2007-04-04": {
            "cash": 0.6,
            "stock": 1
        },
        "2008-03-11": {
            "cash": 1,
            "stock": 0
        },
        "2009-03-26": {
            "cash": 1.8,
            "stock": 0
        },
        "2010-03-24": {
            "cash": 1.5,
            "stock": 0
        },
        "2011-03-24": {
            "cash": 1.5,
            "stock": 0.5
        },
        "2012-03-27": {
            "cash": 2,
            "stock": 0
        },
        "2013-06-10": {
            "cash": 1.7,
            "stock": 0
        },
        "2014-06-16": {
            "cash": 1.7,
            "stock": 0
        },
        "2015-07-17": {
            "cash": 2,
            "stock": 0
        },
        "2016-07-20": {
            "cash": 2.2,
            "stock": 0
        },
        "2017-07-21": {
            "cash": 1.9,
            "stock": 0
        },
        "2018-07-19": {
            "cash": 1.9,
            "stock": 0
        },
        "2019-07-24": {
            "cash": 1,
            "stock": 0
        },
        "2020-07-10": {
            "cash": 1.3,
            "stock": 0
        },
        "2021-08-17": {
            "cash": 1.6,
            "stock": 0
        },
        "2022-07-13": {
            "cash": 1.9,
            "stock": 0
        },
        "2023-07-14": {
            "cash": 1.7,
            "stock": 0
        }
    },
    "prices": {
        "200101": "無",
        "200102": "無",
        "200103": "無",
        "200104": "無",
        "200105": "無",
        "200106": "無",
        "200107": "無",
        "200108": "無",
        "200109": "無",
        "200110": "無",
        "200111": "無",
        "200112": "無",
        "200201": "無",
        "200202": "無",
        "200203": "無",
        "200204": "無",
        "200205": "無",
        "200206": "無",
        "200207": "無",
        "200208": "無",
        "200209": "無",
        "200210": "無",
        "200211": "無",
        "200212": "無",
        "200301": "無",
        "200302": "無",
        "200303": "無",
        "200304": "無",
        "200305": "無",
        "200306": "無",
        "200307": "無",
        "200308": "無",
        "200309": "無",
        "200310": "無",
        "200311": "無",
        "200312": "無",
        "200401": "無",
        "200402": "無",
        "200403": "無",
        "200404": "無",
        "200405": "無",
        "200406": "無",
        "200407": "無",
        "200408": "無",
        "200409": "17.63",
        "200410": "17.53",
        "200411": "14.82",
        "200412": "14.74",
        "200501": "14.42",
        "200502": "14.61",
        "200503": "15.15",
        "200504": "15.77",
        "200505": "15.97",
        "200506": "16.45",
        "200507": "16.20",
        "200508": "16.56",
        "200509": "15.94",
        "200510": "16.74",
        "200511": "15.61",
        "200512": "15.24",
        "200601": "15.51",
        "200602": "16.21",
        "200603": "15.98",
        "200604": "15.73",
        "200605": "15.85",
        "200606": "15.93",
        "200607": "16.27",
        "200608": "18.11",
        "200609": "16.50",
        "200610": "無",
        "200611": "16.13",
        "200612": "16.14",
        "200701": "16.22",
        "200702": "17.32",
        "200703": "21.50",
        "200704": "22.48",
        "200705": "23.77",
        "200706": "32.65",
        "200707": "41.05",
        "200708": "43.01",
        "200709": "43.14",
        "200710": "39.88",
        "200711": "41.41",
        "200712": "38.71",
        "200801": "38.94",
        "200802": "39.99",
        "200803": "40.45",
        "200804": "50.18",
        "200805": "52.92",
        "200806": "42.01",
        "200807": "37.00",
        "200808": "37.06",
        "200809": "29.35",
        "200810": "27.50",
        "200811": "26.75",
        "200812": "25.01",
        "200901": "22.51",
        "200902": "22.86",
        "200903": "27.81",
        "200904": "36.21",
        "200905": "32.34",
        "200906": "31.80",
        "200907": "32.31",
        "200908": "31.40",
        "200909": "29.84",
        "200910": "34.67",
        "200911": "32.50",
        "200912": "35.29",
        "201001": "34.00",
        "201002": "30.18",
        "201003": "33.11",
        "201004": "35.28",
        "201005": "36.50",
        "201006": "37.02",
        "201007": "36.92",
        "201008": "45.86",
        "201009": "59.89",
        "201010": "61.16",
        "201011": "54.12",
        "201012": "51.89",
        "201101": "46.23",
        "201102": "45.45",
        "201103": "43.00",
        "201104": "43.91",
        "201105": "45.18",
        "201106": "40.68",
        "201107": "40.04",
        "201108": "30.86",
        "201109": "29.07",
        "201110": "28.71",
        "201111": "27.95",
        "201112": "25.53",
        "201201": "27.50",
        "201202": "30.48",
        "201203": "29.58",
        "201204": "31.71",
        "201205": "31.64",
        "201206": "30.11",
        "201207": "29.71",
        "201208": "29.85",
        "201209": "31.18",
        "201210": "33.61",
        "201211": "30.39",
        "201212": "34.44",
        "201301": "38.07",
        "201302": "37.56",
        "201303": "39.49",
        "201304": "37.18",
        "201305": "36.41",
        "201306": "36.57",
        "201307": "34.98",
        "201308": "34.30",
        "201309": "35.72",
        "201310": "36.88",
        "201311": "35.65",
        "201312": "36.23",
        "201401": "35.82",
        "201402": "37.15",
        "201403": "37.79",
        "201404": "37.10",
        "201405": "36.76",
        "201406": "38.12",
        "201407": "39.71",
        "201408": "35.54",
        "201409": "34.50",
        "201410": "32.56",
        "201411": "31.68",
        "201412": "32.79",
        "201501": "35.07",
        "201502": "34.07",
        "201503": "34.91",
        "201504": "35.65",
        "201505": "34.47",
        "201506": "33.54",
        "201507": "32.36",
        "201508": "32.83",
        "201509": "32.72",
        "201510": "35.68",
        "201511": "40.23",
        "201512": "39.19",
        "201601": "35.59",
        "201602": "36.45",
        "201603": "37.74",
        "201604": "37.77",
        "201605": "35.86",
        "201606": "35.70",
        "201607": "34.66",
        "201608": "33.56",
        "201609": "32.63",
        "201610": "31.19",
        "201611": "29.35",
        "201612": "30.05",
        "201701": "30.35",
        "201702": "31.81",
        "201703": "30.96",
        "201704": "31.71",
        "201705": "32.81",
        "201706": "33.56",
        "201707": "31.99",
        "201708": "32.14",
        "201709": "32.90",
        "201710": "32.92",
        "201711": "32.63",
        "201712": "32.54",
        "201801": "33.03",
        "201802": "32.17",
        "201803": "33.29",
        "201804": "34.46",
        "201805": "32.79",
        "201806": "32.39",
        "201807": "31.01",
        "201808": "30.95",
        "201809": "30.67",
        "201810": "29.39",
        "201811": "28.50",
        "201812": "28.42",
        "201901": "28.85",
        "201902": "29.12",
        "201903": "29.53",
        "201904": "28.81",
        "201905": "27.95",
        "201906": "27.85",
        "201907": "27.31",
        "201908": "27.38",
        "201909": "27.61",
        "201910": "27.30",
        "201911": "27.06",
        "201912": "27.02",
        "202001": "27.38",
        "202002": "28.12",
        "202003": "25.94",
        "202004": "26.26",
        "202005": "34.02",
        "202006": "34.96",
        "202007": "34.60",
        "202008": "31.82",
        "202009": "30.57",
        "202010": "29.92",
        "202011": "29.52",
        "202012": "29.70",
        "202101": "28.58",
        "202102": "29.08",
        "202103": "30.26",
        "202104": "32.10",
        "202105": "31.69",
        "202106": "31.46",
        "202107": "31.25",
        "202108": "30.14",
        "202109": "29.94",
        "202110": "29.71",
        "202111": "29.77",
        "202112": "29.90",
        "202201": "29.65",
        "202202": "29.44",
        "202203": "29.50",
        "202204": "30.99",
        "202205": "29.58",
        "202206": "28.74",
        "202207": "26.61",
        "202208": "26.93",
        "202209": "26.88",
        "202210": "25.19",
        "202211": "26.21",
        "202212": "27.48",
        "202301": "27.82",
        "202302": "28.43",
        "202303": "29.60",
        "202304": "31.18",
        "202305": "31.65",
        "202306": "30.81",
        "202307": "30.55",
        "202308": "30.15",
        "202309": "29.82",
        "202310": "30.00",
        "202311": "30.14",
        "202312": "30.54"
    },
    "quarters": {
        "20011": {
            "year_quarter": 20011,
            "year": 2001,
            "quarter": 1,
            "eps": null,
            "eps_growth_year": null,
            "eps_4q": null,
            "eps_4q_growth_year": null,
            "roe": null,
            "roe_4q": 0,
            "gross_profit": null,
            "gross_margin": null,
            "gross_margin_4q_avg": 0,
            "net_income": null,
            "net_income_4q": null,
            "revenue": null,
            "revenue_4q": null,
            "common_shares": null,
            "book_valuer_per_share": null,
            "book_valuer_per_share_4q_avg": 0,
            "equity": null,
            "current_ratio": null,
            "debt_ratio": null,
            "inventory_turnover_ratio": null,
            "account_receivable_turnover_ratio": null,
            "reinvestment_rate": null,
            "research_to_sale_ratio": null,
            "price_fair": 0,
            "eps_avg_yearly": 0,
            "eps_latest_yearly": 0,
            "eps_growth_yearly": 0
        },
        "20012": {
            "year_quarter": 20012,
            "year": 2001,
            "quarter": 2,
            "eps": null,
            "eps_growth_year": null,
            "eps_4q": null,
            "eps_4q_growth_year": null,
            "roe": null,
            "roe_4q": 0,
            "gross_profit": null,
            "gross_margin": null,
            "gross_margin_4q_avg": 0,
            "net_income": null,
            "net_income_4q": null,
            "revenue": null,
            "revenue_4q": null,
            "common_shares": null,
            "book_valuer_per_share": null,
            "book_valuer_per_share_4q_avg": 0,
            "equity": null,
            "current_ratio": null,
            "debt_ratio": null,
            "inventory_turnover_ratio": null,
            "account_receivable_turnover_ratio": null,
            "reinvestment_rate": null,
            "research_to_sale_ratio": null,
            "price_fair": 0,
            "eps_avg_yearly": 0,
            "eps_latest_yearly": 0,
            "eps_growth_yearly": 0
        },
        "20013": {
            "year_quarter": 20013,
            "year": 2001,
            "quarter": 3,
            "eps": null,
            "eps_growth_year": null,
            "eps_4q": null,
            "eps_4q_growth_year": null,
            "roe": null,
            "roe_4q": 0,
            "gross_profit": null,
            "gross_margin": null,
            "gross_margin_4q_avg": 0,
            "net_income": null,
            "net_income_4q": null,
            "revenue": null,
            "revenue_4q": null,
            "common_shares": null,
            "book_valuer_per_share": null,
            "book_valuer_per_share_4q_avg": 0,
            "equity": null,
            "current_ratio": null,
            "debt_ratio": null,
            "inventory_turnover_ratio": null,
            "account_receivable_turnover_ratio": null,
            "reinvestment_rate": null,
            "research_to_sale_ratio": null,
            "price_fair": 0,
            "eps_avg_yearly": 0,
            "eps_latest_yearly": 0,
            "eps_growth_yearly": 0
        },
        "20014": {
            "year_quarter": 20014,
            "year": 2001,
            "quarter": 4,
            "eps": null,
            "eps_growth_year": null,
            "eps_4q": null,
            "eps_4q_growth_year": null,
            "roe": null,
            "roe_4q": 0,
            "gross_profit": null,
            "gross_margin": null,
            "gross_margin_4q_avg": 0,
            "net_income": null,
            "net_income_4q": null,
            "revenue": null,
            "revenue_4q": null,
            "common_shares": 150320,
            "book_valuer_per_share": 14.71,
            "book_valuer_per_share_4q_avg": 3.68,
            "equity": 221151,
            "current_ratio": 338.34,
            "debt_ratio": 25.91,
            "inventory_turnover_ratio": null,
            "account_receivable_turnover_ratio": null,
            "reinvestment_rate": null,
            "research_to_sale_ratio": null,
            "price_fair": 0,
            "eps_avg_yearly": 0,
            "eps_latest_yearly": 0,
            "eps_growth_yearly": 0
        },
        "20021": {
            "year_quarter": 20021,
            "year": 2002,
            "quarter": 1,
            "eps": null,
            "eps_growth_year": null,
            "eps_4q": null,
            "eps_4q_growth_year": null,
            "roe": null,
            "roe_4q": 0,
            "gross_profit": null,
            "gross_margin": null,
            "gross_margin_4q_avg": 0,
            "net_income": null,
            "net_income_4q": null,
            "revenue": null,
            "revenue_4q": null,
            "common_shares": null,
            "book_valuer_per_share": null,
            "book_valuer_per_share_4q_avg": 3.68,
            "equity": null,
            "current_ratio": null,
            "debt_ratio": null,
            "inventory_turnover_ratio": null,
            "account_receivable_turnover_ratio": null,
            "reinvestment_rate": null,
            "research_to_sale_ratio": null,
            "price_fair": 0,
            "eps_avg_yearly": 0,
            "eps_latest_yearly": 0,
            "eps_growth_yearly": 0
        },
        "20022": {
            "year_quarter": 20022,
            "year": 2002,
            "quarter": 2,
            "eps": null,
            "eps_growth_year": null,
            "eps_4q": null,
            "eps_4q_growth_year": null,
            "roe": null,
            "roe_4q": 0,
            "gross_profit": null,
            "gross_margin": null,
            "gross_margin_4q_avg": 0,
            "net_income": null,
            "net_income_4q": null,
            "revenue": null,
            "revenue_4q": null,
            "common_shares": null,
            "book_valuer_per_share": null,
            "book_valuer_per_share_4q_avg": 3.68,
            "equity": null,
            "current_ratio": null,
            "debt_ratio": null,
            "inventory_turnover_ratio": null,
            "account_receivable_turnover_ratio": null,
            "reinvestment_rate": null,
            "research_to_sale_ratio": null,
            "price_fair": 0,
            "eps_avg_yearly": 0,
            "eps_latest_yearly": 0,
            "eps_growth_yearly": 0
        },
        "20023": {
            "year_quarter": 20023,
            "year": 2002,
            "quarter": 3,
            "eps": null,
            "eps_growth_year": null,
            "eps_4q": null,
            "eps_4q_growth_year": null,
            "roe": null,
            "roe_4q": 0,
            "gross_profit": null,
            "gross_margin": null,
            "gross_margin_4q_avg": 0,
            "net_income": null,
            "net_income_4q": null,
            "revenue": null,
            "revenue_4q": null,
            "common_shares": null,
            "book_valuer_per_share": null,
            "book_valuer_per_share_4q_avg": 3.68,
            "equity": null,
            "current_ratio": null,
            "debt_ratio": null,
            "inventory_turnover_ratio": null,
            "account_receivable_turnover_ratio": null,
            "reinvestment_rate": null,
            "research_to_sale_ratio": null,
            "price_fair": 0,
            "eps_avg_yearly": 0,
            "eps_latest_yearly": 0,
            "eps_growth_yearly": 0
        },
        "20024": {
            "year_quarter": 20024,
            "year": 2002,
            "quarter": 4,
            "eps": null,
            "eps_growth_year": null,
            "eps_4q": null,
            "eps_4q_growth_year": null,
            "roe": null,
            "roe_4q": 0,
            "gross_profit": null,
            "gross_margin": null,
            "gross_margin_4q_avg": 0,
            "net_income": null,
            "net_income_4q": null,
            "revenue": null,
            "revenue_4q": null,
            "common_shares": 150320,
            "book_valuer_per_share": 14.25,
            "book_valuer_per_share_4q_avg": 3.56,
            "equity": 214207,
            "current_ratio": 284.32,
            "debt_ratio": 25.03,
            "inventory_turnover_ratio": null,
            "account_receivable_turnover_ratio": null,
            "reinvestment_rate": null,
            "research_to_sale_ratio": null,
            "price_fair": 0,
            "eps_avg_yearly": 0,
            "eps_latest_yearly": 0,
            "eps_growth_yearly": 0
        },
        "20031": {
            "year_quarter": 20031,
            "year": 2003,
            "quarter": 1,
            "eps": null,
            "eps_growth_year": null,
            "eps_4q": null,
            "eps_4q_growth_year": null,
            "roe": null,
            "roe_4q": 0,
            "gross_profit": null,
            "gross_margin": null,
            "gross_margin_4q_avg": 0,
            "net_income": null,
            "net_income_4q": null,
            "revenue": null,
            "revenue_4q": null,
            "common_shares": null,
            "book_valuer_per_share": null,
            "book_valuer_per_share_4q_avg": 3.56,
            "equity": null,
            "current_ratio": null,
            "debt_ratio": null,
            "inventory_turnover_ratio": null,
            "account_receivable_turnover_ratio": null,
            "reinvestment_rate": null,
            "research_to_sale_ratio": null,
            "price_fair": 0,
            "eps_avg_yearly": 0,
            "eps_latest_yearly": 0,
            "eps_growth_yearly": 0
        },
        "20032": {
            "year_quarter": 20032,
            "year": 2003,
            "quarter": 2,
            "eps": null,
            "eps_growth_year": null,
            "eps_4q": null,
            "eps_4q_growth_year": null,
            "roe": null,
            "roe_4q": 0,
            "gross_profit": null,
            "gross_margin": null,
            "gross_margin_4q_avg": 0,
            "net_income": null,
            "net_income_4q": null,
            "revenue": null,
            "revenue_4q": null,
            "common_shares": null,
            "book_valuer_per_share": null,
            "book_valuer_per_share_4q_avg": 3.56,
            "equity": null,
            "current_ratio": null,
            "debt_ratio": null,
            "inventory_turnover_ratio": null,
            "account_receivable_turnover_ratio": null,
            "reinvestment_rate": null,
            "research_to_sale_ratio": null,
            "price_fair": 0,
            "eps_avg_yearly": 0,
            "eps_latest_yearly": 0,
            "eps_growth_yearly": 0
        },
        "20033": {
            "year_quarter": 20033,
            "year": 2003,
            "quarter": 3,
            "eps": null,
            "eps_growth_year": null,
            "eps_4q": null,
            "eps_4q_growth_year": null,
            "roe": null,
            "roe_4q": 0,
            "gross_profit": null,
            "gross_margin": null,
            "gross_margin_4q_avg": 0,
            "net_income": null,
            "net_income_4q": null,
            "revenue": null,
            "revenue_4q": null,
            "common_shares": null,
            "book_valuer_per_share": null,
            "book_valuer_per_share_4q_avg": 3.56,
            "equity": null,
            "current_ratio": null,
            "debt_ratio": null,
            "inventory_turnover_ratio": null,
            "account_receivable_turnover_ratio": null,
            "reinvestment_rate": null,
            "research_to_sale_ratio": null,
            "price_fair": 0,
            "eps_avg_yearly": 0,
            "eps_latest_yearly": 0,
            "eps_growth_yearly": 0
        },
        "20034": {
            "year_quarter": 20034,
            "year": 2003,
            "quarter": 4,
            "eps": null,
            "eps_growth_year": null,
            "eps_4q": null,
            "eps_4q_growth_year": null,
            "roe": null,
            "roe_4q": 0,
            "gross_profit": null,
            "gross_margin": null,
            "gross_margin_4q_avg": 0,
            "net_income": null,
            "net_income_4q": null,
            "revenue": null,
            "revenue_4q": null,
            "common_shares": 165352,
            "book_valuer_per_share": 12.99,
            "book_valuer_per_share_4q_avg": 3.25,
            "equity": 214830,
            "current_ratio": 220.72,
            "debt_ratio": 30.68,
            "inventory_turnover_ratio": null,
            "account_receivable_turnover_ratio": null,
            "reinvestment_rate": null,
            "research_to_sale_ratio": null,
            "price_fair": 0,
            "eps_avg_yearly": 0,
            "eps_latest_yearly": 0,
            "eps_growth_yearly": 0
        },
        "20041": {
            "year_quarter": 20041,
            "year": 2004,
            "quarter": 1,
            "eps": null,
            "eps_growth_year": null,
            "eps_4q": null,
            "eps_4q_growth_year": null,
            "roe": null,
            "roe_4q": 0,
            "gross_profit": null,
            "gross_margin": null,
            "gross_margin_4q_avg": 0,
            "net_income": null,
            "net_income_4q": null,
            "revenue": null,
            "revenue_4q": null,
            "common_shares": null,
            "book_valuer_per_share": null,
            "book_valuer_per_share_4q_avg": 3.25,
            "equity": null,
            "current_ratio": null,
            "debt_ratio": null,
            "inventory_turnover_ratio": null,
            "account_receivable_turnover_ratio": null,
            "reinvestment_rate": null,
            "research_to_sale_ratio": null,
            "price_fair": 0,
            "eps_avg_yearly": 0,
            "eps_latest_yearly": 0,
            "eps_growth_yearly": 0
        },
        "20042": {
            "year_quarter": 20042,
            "year": 2004,
            "quarter": 2,
            "eps": null,
            "eps_growth_year": null,
            "eps_4q": null,
            "eps_4q_growth_year": null,
            "roe": null,
            "roe_4q": 0,
            "gross_profit": null,
            "gross_margin": null,
            "gross_margin_4q_avg": 0,
            "net_income": null,
            "net_income_4q": null,
            "revenue": null,
            "revenue_4q": null,
            "common_shares": null,
            "book_valuer_per_share": null,
            "book_valuer_per_share_4q_avg": 3.25,
            "equity": null,
            "current_ratio": null,
            "debt_ratio": null,
            "inventory_turnover_ratio": null,
            "account_receivable_turnover_ratio": null,
            "reinvestment_rate": null,
            "research_to_sale_ratio": null,
            "price_fair": 0,
            "eps_avg_yearly": 0,
            "eps_latest_yearly": 0,
            "eps_growth_yearly": 0
        },
        "20043": {
            "year_quarter": 20043,
            "year": 2004,
            "quarter": 3,
            "eps": null,
            "eps_growth_year": null,
            "eps_4q": null,
            "eps_4q_growth_year": null,
            "roe": null,
            "roe_4q": 0,
            "gross_profit": null,
            "gross_margin": null,
            "gross_margin_4q_avg": 0,
            "net_income": null,
            "net_income_4q": null,
            "revenue": null,
            "revenue_4q": null,
            "common_shares": null,
            "book_valuer_per_share": null,
            "book_valuer_per_share_4q_avg": 3.25,
            "equity": null,
            "current_ratio": null,
            "debt_ratio": null,
            "inventory_turnover_ratio": null,
            "account_receivable_turnover_ratio": null,
            "reinvestment_rate": null,
            "research_to_sale_ratio": null,
            "price_fair": 0,
            "eps_avg_yearly": 0,
            "eps_latest_yearly": 0,
            "eps_growth_yearly": 0
        },
        "20044": {
            "year_quarter": 20044,
            "year": 2004,
            "quarter": 4,
            "eps": null,
            "eps_growth_year": null,
            "eps_4q": null,
            "eps_4q_growth_year": null,
            "roe": null,
            "roe_4q": 0,
            "gross_profit": null,
            "gross_margin": null,
            "gross_margin_4q_avg": 0,
            "net_income": null,
            "net_income_4q": null,
            "revenue": null,
            "revenue_4q": null,
            "common_shares": 204887,
            "book_valuer_per_share": 12.98,
            "book_valuer_per_share_4q_avg": 3.25,
            "equity": 265899,
            "current_ratio": 140.05,
            "debt_ratio": 41.63,
            "inventory_turnover_ratio": null,
            "account_receivable_turnover_ratio": null,
            "reinvestment_rate": null,
            "research_to_sale_ratio": null,
            "price_fair": 0,
            "eps_avg_yearly": 0,
            "eps_latest_yearly": 0,
            "eps_growth_yearly": 0
        },
        "20051": {
            "year_quarter": 20051,
            "year": 2005,
            "quarter": 1,
            "eps": null,
            "eps_growth_year": null,
            "eps_4q": null,
            "eps_4q_growth_year": null,
            "roe": null,
            "roe_4q": 0,
            "gross_profit": null,
            "gross_margin": null,
            "gross_margin_4q_avg": 0,
            "net_income": null,
            "net_income_4q": null,
            "revenue": null,
            "revenue_4q": null,
            "common_shares": null,
            "book_valuer_per_share": null,
            "book_valuer_per_share_4q_avg": 3.25,
            "equity": null,
            "current_ratio": null,
            "debt_ratio": null,
            "inventory_turnover_ratio": null,
            "account_receivable_turnover_ratio": null,
            "reinvestment_rate": null,
            "research_to_sale_ratio": null,
            "price_fair": 0,
            "eps_avg_yearly": 0,
            "eps_latest_yearly": 0,
            "eps_growth_yearly": 0
        },
        "20052": {
            "year_quarter": 20052,
            "year": 2005,
            "quarter": 2,
            "eps": null,
            "eps_growth_year": null,
            "eps_4q": null,
            "eps_4q_growth_year": null,
            "roe": null,
            "roe_4q": 0,
            "gross_profit": null,
            "gross_margin": null,
            "gross_margin_4q_avg": 0,
            "net_income": null,
            "net_income_4q": null,
            "revenue": null,
            "revenue_4q": null,
            "common_shares": null,
            "book_valuer_per_share": null,
            "book_valuer_per_share_4q_avg": 3.25,
            "equity": null,
            "current_ratio": null,
            "debt_ratio": null,
            "inventory_turnover_ratio": null,
            "account_receivable_turnover_ratio": null,
            "reinvestment_rate": null,
            "research_to_sale_ratio": null,
            "price_fair": 0,
            "eps_avg_yearly": 0,
            "eps_latest_yearly": 0,
            "eps_growth_yearly": 0
        },
        "20053": {
            "year_quarter": 20053,
            "year": 2005,
            "quarter": 3,
            "eps": null,
            "eps_growth_year": null,
            "eps_4q": null,
            "eps_4q_growth_year": null,
            "roe": null,
            "roe_4q": 0,
            "gross_profit": null,
            "gross_margin": null,
            "gross_margin_4q_avg": 0,
            "net_income": null,
            "net_income_4q": null,
            "revenue": null,
            "revenue_4q": null,
            "common_shares": null,
            "book_valuer_per_share": null,
            "book_valuer_per_share_4q_avg": 3.25,
            "equity": null,
            "current_ratio": null,
            "debt_ratio": null,
            "inventory_turnover_ratio": null,
            "account_receivable_turnover_ratio": null,
            "reinvestment_rate": null,
            "research_to_sale_ratio": null,
            "price_fair": 0,
            "eps_avg_yearly": 0,
            "eps_latest_yearly": 0,
            "eps_growth_yearly": 0
        },
        "20054": {
            "year_quarter": 20054,
            "year": 2005,
            "quarter": 4,
            "eps": null,
            "eps_growth_year": null,
            "eps_4q": null,
            "eps_4q_growth_year": null,
            "roe": null,
            "roe_4q": 0,
            "gross_profit": null,
            "gross_margin": null,
            "gross_margin_4q_avg": 0,
            "net_income": null,
            "net_income_4q": null,
            "revenue": null,
            "revenue_4q": null,
            "common_shares": 225376,
            "book_valuer_per_share": 12.56,
            "book_valuer_per_share_4q_avg": 3.14,
            "equity": 283118,
            "current_ratio": 133.43,
            "debt_ratio": 41.92,
            "inventory_turnover_ratio": null,
            "account_receivable_turnover_ratio": null,
            "reinvestment_rate": null,
            "research_to_sale_ratio": null,
            "price_fair": 0,
            "eps_avg_yearly": 0,
            "eps_latest_yearly": 0,
            "eps_growth_yearly": 0
        },
        "20061": {
            "year_quarter": 20061,
            "year": 2006,
            "quarter": 1,
            "eps": null,
            "eps_growth_year": null,
            "eps_4q": null,
            "eps_4q_growth_year": null,
            "roe": null,
            "roe_4q": 0,
            "gross_profit": null,
            "gross_margin": null,
            "gross_margin_4q_avg": 0,
            "net_income": null,
            "net_income_4q": null,
            "revenue": null,
            "revenue_4q": null,
            "common_shares": null,
            "book_valuer_per_share": null,
            "book_valuer_per_share_4q_avg": 3.14,
            "equity": null,
            "current_ratio": null,
            "debt_ratio": null,
            "inventory_turnover_ratio": null,
            "account_receivable_turnover_ratio": null,
            "reinvestment_rate": null,
            "research_to_sale_ratio": null,
            "price_fair": 0,
            "eps_avg_yearly": 0,
            "eps_latest_yearly": 0,
            "eps_growth_yearly": 0
        },
        "20062": {
            "year_quarter": 20062,
            "year": 2006,
            "quarter": 2,
            "eps": null,
            "eps_growth_year": null,
            "eps_4q": null,
            "eps_4q_growth_year": null,
            "roe": null,
            "roe_4q": 0,
            "gross_profit": null,
            "gross_margin": null,
            "gross_margin_4q_avg": 0,
            "net_income": null,
            "net_income_4q": null,
            "revenue": null,
            "revenue_4q": null,
            "common_shares": null,
            "book_valuer_per_share": null,
            "book_valuer_per_share_4q_avg": 3.14,
            "equity": null,
            "current_ratio": null,
            "debt_ratio": null,
            "inventory_turnover_ratio": null,
            "account_receivable_turnover_ratio": null,
            "reinvestment_rate": null,
            "research_to_sale_ratio": null,
            "price_fair": 0,
            "eps_avg_yearly": 0,
            "eps_latest_yearly": 0,
            "eps_growth_yearly": 0
        },
        "20063": {
            "year_quarter": 20063,
            "year": 2006,
            "quarter": 3,
            "eps": 0.46,
            "eps_growth_year": null,
            "eps_4q": null,
            "eps_4q_growth_year": null,
            "roe": 3.84,
            "roe_4q": 3.84,
            "gross_profit": 38207,
            "gross_margin": 37.18,
            "gross_margin_4q_avg": 9.3,
            "net_income": 11300,
            "net_income_4q": null,
            "revenue": 102768,
            "revenue_4q": null,
            "common_shares": 247914,
            "book_valuer_per_share": 11.85,
            "book_valuer_per_share_4q_avg": 6.1,
            "equity": 293900,
            "current_ratio": 145.75,
            "debt_ratio": 39.49,
            "inventory_turnover_ratio": 1.5,
            "account_receivable_turnover_ratio": null,
            "reinvestment_rate": null,
            "research_to_sale_ratio": null,
            "price_fair": 0,
            "eps_avg_yearly": 0,
            "eps_latest_yearly": 0,
            "eps_growth_yearly": 0
        },
        "20064": {
            "year_quarter": 20064,
            "year": 2006,
            "quarter": 4,
            "eps": 0.51,
            "eps_growth_year": null,
            "eps_4q": null,
            "eps_4q_growth_year": null,
            "roe": 4.21,
            "roe_4q": 8.05,
            "gross_profit": 42447,
            "gross_margin": 39.6,
            "gross_margin_4q_avg": 19.2,
            "net_income": 12629,
            "net_income_4q": null,
            "revenue": 107197,
            "revenue_4q": null,
            "common_shares": 247914,
            "book_valuer_per_share": 12.36,
            "book_valuer_per_share_4q_avg": 6.05,
            "equity": 306529,
            "current_ratio": 170.08,
            "debt_ratio": 36.13,
            "inventory_turnover_ratio": 1.84,
            "account_receivable_turnover_ratio": null,
            "reinvestment_rate": null,
            "research_to_sale_ratio": null,
            "price_fair": 71.4,
            "eps_avg_yearly": 2.04,
            "eps_latest_yearly": 2.04,
            "eps_growth_yearly": 43.48
        },
        "20071": {
            "year_quarter": 20071,
            "year": 2007,
            "quarter": 1,
            "eps": 0.24,
            "eps_growth_year": null,
            "eps_4q": null,
            "eps_4q_growth_year": null,
            "roe": 1.88,
            "roe_4q": 9.93,
            "gross_profit": 32488,
            "gross_margin": 39.21,
            "gross_margin_4q_avg": 29,
            "net_income": 5826,
            "net_income_4q": null,
            "revenue": 82854,
            "revenue_4q": null,
            "common_shares": 247914,
            "book_valuer_per_share": 12.6,
            "book_valuer_per_share_4q_avg": 9.2,
            "equity": 312356,
            "current_ratio": 180.6,
            "debt_ratio": 34.45,
            "inventory_turnover_ratio": 1.56,
            "account_receivable_turnover_ratio": null,
            "reinvestment_rate": null,
            "research_to_sale_ratio": null,
            "price_fair": 4.5,
            "eps_avg_yearly": 1.5,
            "eps_latest_yearly": 0.96,
            "eps_growth_yearly": -84.14
        },
        "20072": {
            "year_quarter": 20072,
            "year": 2007,
            "quarter": 2,
            "eps": 0.42,
            "eps_growth_year": null,
            "eps_4q": 1.62,
            "eps_4q_growth_year": null,
            "roe": 3.36,
            "roe_4q": 13.29,
            "gross_profit": 36454,
            "gross_margin": 37.92,
            "gross_margin_4q_avg": 38.48,
            "net_income": 10378,
            "net_income_4q": null,
            "revenue": 96126,
            "revenue_4q": null,
            "common_shares": 247914,
            "book_valuer_per_share": 12.3,
            "book_valuer_per_share_4q_avg": 12.28,
            "equity": 305048,
            "current_ratio": 169.68,
            "debt_ratio": 35.92,
            "inventory_turnover_ratio": 1.6,
            "account_receivable_turnover_ratio": null,
            "reinvestment_rate": null,
            "research_to_sale_ratio": null,
            "price_fair": 54.6,
            "eps_avg_yearly": 1.56,
            "eps_latest_yearly": 1.68,
            "eps_growth_yearly": 43.9
        },
        "20073": {
            "year_quarter": 20073,
            "year": 2007,
            "quarter": 3,
            "eps": 0.21,
            "eps_growth_year": -54.35,
            "eps_4q": 1.26,
            "eps_4q_growth_year": null,
            "roe": 1.87,
            "roe_4q": 11.32,
            "gross_profit": 32493,
            "gross_margin": 36.84,
            "gross_margin_4q_avg": 38.39,
            "net_income": 5745,
            "net_income_4q": null,
            "revenue": 88190,
            "revenue_4q": null,
            "common_shares": 272705,
            "book_valuer_per_share": 11.4,
            "book_valuer_per_share_4q_avg": 12.17,
            "equity": 310793,
            "current_ratio": 165.06,
            "debt_ratio": 35.79,
            "inventory_turnover_ratio": 1.53,
            "account_receivable_turnover_ratio": null,
            "reinvestment_rate": null,
            "research_to_sale_ratio": null,
            "price_fair": 4.14,
            "eps_avg_yearly": 1.38,
            "eps_latest_yearly": 0.84,
            "eps_growth_yearly": -17.07
        },
        "20074": {
            "year_quarter": 20074,
            "year": 2007,
            "quarter": 4,
            "eps": 0.67,
            "eps_growth_year": 31.37,
            "eps_4q": 1.48,
            "eps_4q_growth_year": null,
            "roe": 5.68,
            "roe_4q": 12.79,
            "gross_profit": 46548,
            "gross_margin": 37.71,
            "gross_margin_4q_avg": 37.92,
            "net_income": 18156,
            "net_income_4q": null,
            "revenue": 123452,
            "revenue_4q": null,
            "common_shares": 272705,
            "book_valuer_per_share": 12.06,
            "book_valuer_per_share_4q_avg": 12.09,
            "equity": 328949,
            "current_ratio": 169.85,
            "debt_ratio": 36.15,
            "inventory_turnover_ratio": 1.96,
            "account_receivable_turnover_ratio": null,
            "reinvestment_rate": null,
            "research_to_sale_ratio": null,
            "price_fair": 57.4,
            "eps_avg_yearly": 1.64,
            "eps_latest_yearly": 2.68,
            "eps_growth_yearly": 161.58
        },
        "20081": {
            "year_quarter": 20081,
            "year": 2008,
            "quarter": 1,
            "eps": 0.57,
            "eps_growth_year": 137.5,
            "eps_4q": 1.84,
            "eps_4q_growth_year": null,
            "roe": 4.58,
            "roe_4q": 15.489999999999998,
            "gross_profit": 44234,
            "gross_margin": 39.63,
            "gross_margin_4q_avg": 38.03,
            "net_income": 15436,
            "net_income_4q": null,
            "revenue": 111609,
            "revenue_4q": null,
            "common_shares": 272705,
            "book_valuer_per_share": 12.63,
            "book_valuer_per_share_4q_avg": 12.1,
            "equity": 344386,
            "current_ratio": 188.06,
            "debt_ratio": 33.19,
            "inventory_turnover_ratio": 1.84,
            "account_receivable_turnover_ratio": null,
            "reinvestment_rate": null,
            "research_to_sale_ratio": null,
            "price_fair": 61.13,
            "eps_avg_yearly": 1.75,
            "eps_latest_yearly": 2.28,
            "eps_growth_yearly": 124.7
        },
        "20082": {
            "year_quarter": 20082,
            "year": 2008,
            "quarter": 2,
            "eps": 0.84,
            "eps_growth_year": 100,
            "eps_4q": 2.22,
            "eps_4q_growth_year": 36.53,
            "roe": 6.11,
            "roe_4q": 18.240000000000002,
            "gross_profit": 51583,
            "gross_margin": 41.75,
            "gross_margin_4q_avg": 38.98,
            "net_income": 23987,
            "net_income_4q": null,
            "revenue": 123551,
            "revenue_4q": null,
            "common_shares": 309075,
            "book_valuer_per_share": 14.26,
            "book_valuer_per_share_4q_avg": 12.59,
            "equity": 440687,
            "current_ratio": 224.42,
            "debt_ratio": 24.62,
            "inventory_turnover_ratio": 2.22,
            "account_receivable_turnover_ratio": null,
            "reinvestment_rate": null,
            "research_to_sale_ratio": null,
            "price_fair": 69.2,
            "eps_avg_yearly": 1.98,
            "eps_latest_yearly": 3.36,
            "eps_growth_yearly": 133.95
        },
        "20083": {
            "year_quarter": 20083,
            "year": 2008,
            "quarter": 3,
            "eps": 0.37,
            "eps_growth_year": 76.19,
            "eps_4q": 2.35,
            "eps_4q_growth_year": 86.24,
            "roe": 2.41,
            "roe_4q": 18.78,
            "gross_profit": 44412,
            "gross_margin": 37.2,
            "gross_margin_4q_avg": 39.07,
            "net_income": 10738,
            "net_income_4q": null,
            "revenue": 119379,
            "revenue_4q": null,
            "common_shares": 309075,
            "book_valuer_per_share": 14.61,
            "book_valuer_per_share_4q_avg": 13.39,
            "equity": 451425,
            "current_ratio": 225.72,
            "debt_ratio": 24.18,
            "inventory_turnover_ratio": 1.83,
            "account_receivable_turnover_ratio": null,
            "reinvestment_rate": null,
            "research_to_sale_ratio": null,
            "price_fair": 67.03,
            "eps_avg_yearly": 1.92,
            "eps_latest_yearly": 1.48,
            "eps_growth_yearly": 89.23
        },
        "20084": {
            "year_quarter": 20084,
            "year": 2008,
            "quarter": 4,
            "eps": 0.34,
            "eps_growth_year": -49.25,
            "eps_4q": 2.02,
            "eps_4q_growth_year": 36.51,
            "roe": 2.22,
            "roe_4q": 15.320000000000002,
            "gross_profit": 41201,
            "gross_margin": 38.14,
            "gross_margin_4q_avg": 39.18,
            "net_income": 10150,
            "net_income_4q": null,
            "revenue": 108040,
            "revenue_4q": null,
            "common_shares": 309075,
            "book_valuer_per_share": 14.93,
            "book_valuer_per_share_4q_avg": 14.11,
            "equity": 461575,
            "current_ratio": 230.32,
            "debt_ratio": 24.38,
            "inventory_turnover_ratio": 1.33,
            "account_receivable_turnover_ratio": 2.24,
            "reinvestment_rate": null,
            "research_to_sale_ratio": null,
            "price_fair": 64.87,
            "eps_avg_yearly": 1.85,
            "eps_latest_yearly": 1.36,
            "eps_growth_yearly": 75.71
        },
        "20091": {
            "year_quarter": 20091,
            "year": 2009,
            "quarter": 1,
            "eps": 0.35,
            "eps_growth_year": -38.6,
            "eps_4q": 1.8,
            "eps_4q_growth_year": -2.03,
            "roe": 2.32,
            "roe_4q": 13.06,
            "gross_profit": 39707,
            "gross_margin": 35.39,
            "gross_margin_4q_avg": 38.12,
            "net_income": 10843,
            "net_income_4q": null,
            "revenue": 112191,
            "revenue_4q": null,
            "common_shares": 309075,
            "book_valuer_per_share": 15.28,
            "book_valuer_per_share_4q_avg": 14.77,
            "equity": 472418,
            "current_ratio": 276.25,
            "debt_ratio": 20.25,
            "inventory_turnover_ratio": 1.64,
            "account_receivable_turnover_ratio": 1.24,
            "reinvestment_rate": null,
            "research_to_sale_ratio": null,
            "price_fair": 63.28,
            "eps_avg_yearly": 1.81,
            "eps_latest_yearly": 1.4,
            "eps_growth_yearly": 69.32
        },
        "20092": {
            "year_quarter": 20092,
            "year": 2009,
            "quarter": 2,
            "eps": 0.2,
            "eps_growth_year": -76.19,
            "eps_4q": 1.22,
            "eps_4q_growth_year": -44.82,
            "roe": 1.38,
            "roe_4q": 8.33,
            "gross_profit": 36074,
            "gross_margin": 34.41,
            "gross_margin_4q_avg": 36.29,
            "net_income": 6200,
            "net_income_4q": null,
            "revenue": 104843,
            "revenue_4q": null,
            "common_shares": 309075,
            "book_valuer_per_share": 13.69,
            "book_valuer_per_share_4q_avg": 14.63,
            "equity": 422985,
            "current_ratio": 191.03,
            "debt_ratio": 29.93,
            "inventory_turnover_ratio": 1.74,
            "account_receivable_turnover_ratio": 1.19,
            "reinvestment_rate": null,
            "research_to_sale_ratio": null,
            "price_fair": 60.07,
            "eps_avg_yearly": 1.72,
            "eps_latest_yearly": 0.8,
            "eps_growth_yearly": 47.43
        },
        "20093": {
            "year_quarter": 20093,
            "year": 2009,
            "quarter": 3,
            "eps": 0.45,
            "eps_growth_year": 21.62,
            "eps_4q": 1.32,
            "eps_4q_growth_year": -43.78,
            "roe": 3.26,
            "roe_4q": 9.18,
            "gross_profit": 43593,
            "gross_margin": 37.21,
            "gross_margin_4q_avg": 36.29,
            "net_income": 14010,
            "net_income_4q": null,
            "revenue": 117166,
            "revenue_4q": null,
            "common_shares": 309075,
            "book_valuer_per_share": 14.14,
            "book_valuer_per_share_4q_avg": 14.51,
            "equity": 436995,
            "current_ratio": 260.8,
            "debt_ratio": 20.55,
            "inventory_turnover_ratio": 1.69,
            "account_receivable_turnover_ratio": 1.12,
            "reinvestment_rate": null,
            "research_to_sale_ratio": null,
            "price_fair": 60.32,
            "eps_avg_yearly": 1.72,
            "eps_latest_yearly": 1.8,
            "eps_growth_yearly": 85.15
        },
        "20094": {
            "year_quarter": 20094,
            "year": 2009,
            "quarter": 4,
            "eps": 0.55,
            "eps_growth_year": 61.76,
            "eps_4q": 1.56,
            "eps_4q_growth_year": -22.88,
            "roe": 3.84,
            "roe_4q": 10.8,
            "gross_profit": 51679,
            "gross_margin": 38.47,
            "gross_margin_4q_avg": 36.37,
            "net_income": 17105,
            "net_income_4q": null,
            "revenue": 134320,
            "revenue_4q": null,
            "common_shares": 309075,
            "book_valuer_per_share": 14.69,
            "book_valuer_per_share_4q_avg": 14.45,
            "equity": 454100,
            "current_ratio": 264.69,
            "debt_ratio": 21.25,
            "inventory_turnover_ratio": 2.01,
            "account_receivable_turnover_ratio": 2.55,
            "reinvestment_rate": null,
            "research_to_sale_ratio": null,
            "price_fair": 61.6,
            "eps_avg_yearly": 1.76,
            "eps_latest_yearly": 2.2,
            "eps_growth_yearly": 85.44
        },
        "20101": {
            "year_quarter": 20101,
            "year": 2010,
            "quarter": 1,
            "eps": 0.46,
            "eps_growth_year": 31.43,
            "eps_4q": 1.67,
            "eps_4q_growth_year": -7.35,
            "roe": 3.08,
            "roe_4q": 11.559999999999999,
            "gross_profit": 46681,
            "gross_margin": 39.99,
            "gross_margin_4q_avg": 37.52,
            "net_income": 14186,
            "net_income_4q": null,
            "revenue": 116724,
            "revenue_4q": null,
            "common_shares": 309075,
            "book_valuer_per_share": 15.15,
            "book_valuer_per_share_4q_avg": 14.42,
            "equity": 468286,
            "current_ratio": 285.79,
            "debt_ratio": 20.44,
            "inventory_turnover_ratio": 1.86,
            "account_receivable_turnover_ratio": 1.09,
            "reinvestment_rate": null,
            "research_to_sale_ratio": 6.81,
            "price_fair": 61.8,
            "eps_avg_yearly": 1.77,
            "eps_latest_yearly": 1.84,
            "eps_growth_yearly": 74.66
        },
        "20102": {
            "year_quarter": 20102,
            "year": 2010,
            "quarter": 2,
            "eps": 0.77,
            "eps_growth_year": 284.2,
            "eps_4q": 2.23,
            "eps_4q_growth_year": 82.59,
            "roe": 5.2,
            "roe_4q": 15.38,
            "gross_profit": 54090,
            "gross_margin": 37.04,
            "gross_margin_4q_avg": 38.18,
            "net_income": 23749,
            "net_income_4q": null,
            "revenue": 146044,
            "revenue_4q": null,
            "common_shares": 309075,
            "book_valuer_per_share": 14.42,
            "book_valuer_per_share_4q_avg": 14.6,
            "equity": 445673,
            "current_ratio": 184.02,
            "debt_ratio": 34.99,
            "inventory_turnover_ratio": 1.56,
            "account_receivable_turnover_ratio": 1.25,
            "reinvestment_rate": 94.03,
            "research_to_sale_ratio": 5.74,
            "price_fair": 64.87,
            "eps_avg_yearly": 1.85,
            "eps_latest_yearly": 3.08,
            "eps_growth_yearly": 87.65
        },
        "20103": {
            "year_quarter": 20103,
            "year": 2010,
            "quarter": 3,
            "eps": 0.51,
            "eps_growth_year": 14.26,
            "eps_4q": 2.29,
            "eps_4q_growth_year": 73.41,
            "roe": 3.5,
            "roe_4q": 15.62,
            "gross_profit": 48389,
            "gross_margin": 35.74,
            "gross_margin_4q_avg": 37.81,
            "net_income": 15892,
            "net_income_4q": null,
            "revenue": 135407,
            "revenue_4q": null,
            "common_shares": 309075,
            "book_valuer_per_share": 14.93,
            "book_valuer_per_share_4q_avg": 14.8,
            "equity": 461565,
            "current_ratio": 276.2,
            "debt_ratio": 21.57,
            "inventory_turnover_ratio": 1.26,
            "account_receivable_turnover_ratio": 1.12,
            "reinvestment_rate": -30.74,
            "research_to_sale_ratio": 4.53,
            "price_fair": 65.28,
            "eps_avg_yearly": 1.87,
            "eps_latest_yearly": 2.04,
            "eps_growth_yearly": 73.73
        },
        "20104": {
            "year_quarter": 20104,
            "year": 2010,
            "quarter": 4,
            "eps": 0.59,
            "eps_growth_year": 7.21,
            "eps_4q": 2.33,
            "eps_4q_growth_year": 49.61,
            "roe": 3.87,
            "roe_4q": 15.65,
            "gross_profit": 46817,
            "gross_margin": 36.21,
            "gross_margin_4q_avg": 37.25,
            "net_income": 18224,
            "net_income_4q": null,
            "revenue": 129277,
            "revenue_4q": null,
            "common_shares": 309075,
            "book_valuer_per_share": 15.52,
            "book_valuer_per_share_4q_avg": 15.01,
            "equity": 479789,
            "current_ratio": 252.12,
            "debt_ratio": 25.1,
            "inventory_turnover_ratio": 1.43,
            "account_receivable_turnover_ratio": 1.24,
            "reinvestment_rate": -29.38,
            "research_to_sale_ratio": 3.57,
            "price_fair": 65.98,
            "eps_avg_yearly": 1.89,
            "eps_latest_yearly": 2.36,
            "eps_growth_yearly": 74.94
        },
        "20111": {
            "year_quarter": 20111,
            "year": 2011,
            "quarter": 1,
            "eps": 0.46,
            "eps_growth_year": 0,
            "eps_4q": 2.34,
            "eps_4q_growth_year": 40.19,
            "roe": 2.94,
            "roe_4q": 15.510000000000002,
            "gross_profit": 42076,
            "gross_margin": 37.1,
            "gross_margin_4q_avg": 36.52,
            "net_income": 14334,
            "net_income_4q": null,
            "revenue": 113399,
            "revenue_4q": null,
            "common_shares": 309075,
            "book_valuer_per_share": 15.99,
            "book_valuer_per_share_4q_avg": 15.22,
            "equity": 494123,
            "current_ratio": 284.68,
            "debt_ratio": 22.54,
            "inventory_turnover_ratio": 1.36,
            "account_receivable_turnover_ratio": 1.14,
            "reinvestment_rate": -21.91,
            "research_to_sale_ratio": 4.54,
            "price_fair": 67.9,
            "eps_avg_yearly": 1.94,
            "eps_latest_yearly": 1.84,
            "eps_growth_yearly": 82.66
        },
        "20112": {
            "year_quarter": 20112,
            "year": 2011,
            "quarter": 2,
            "eps": 0.66,
            "eps_growth_year": -13.53,
            "eps_4q": 2.23,
            "eps_4q_growth_year": -0.09,
            "roe": 4.27,
            "roe_4q": 14.579999999999998,
            "gross_profit": 55171,
            "gross_margin": 38.22,
            "gross_margin_4q_avg": 36.82,
            "net_income": 20535,
            "net_income_4q": null,
            "revenue": 144337,
            "revenue_4q": null,
            "common_shares": 309075,
            "book_valuer_per_share": 15.15,
            "book_valuer_per_share_4q_avg": 15.4,
            "equity": 468297,
            "current_ratio": 220.07,
            "debt_ratio": 30.05,
            "inventory_turnover_ratio": 1.51,
            "account_receivable_turnover_ratio": 1.23,
            "reinvestment_rate": -21.57,
            "research_to_sale_ratio": 4.14,
            "price_fair": 70,
            "eps_avg_yearly": 2,
            "eps_latest_yearly": 2.64,
            "eps_growth_yearly": 74.78
        },
        "20113": {
            "year_quarter": 20113,
            "year": 2011,
            "quarter": 3,
            "eps": 0.14,
            "eps_growth_year": -72.58,
            "eps_4q": 1.78,
            "eps_4q_growth_year": -22.57,
            "roe": 0.97,
            "roe_4q": 12.05,
            "gross_profit": 37118,
            "gross_margin": 38.32,
            "gross_margin_4q_avg": 37.46,
            "net_income": 4576,
            "net_income_4q": null,
            "revenue": 96873,
            "revenue_4q": null,
            "common_shares": 324529,
            "book_valuer_per_share": 14.57,
            "book_valuer_per_share_4q_avg": 15.31,
            "equity": 472873,
            "current_ratio": 290.69,
            "debt_ratio": 21.82,
            "inventory_turnover_ratio": 0.79,
            "account_receivable_turnover_ratio": 0.87,
            "reinvestment_rate": -25.14,
            "research_to_sale_ratio": 5.07,
            "price_fair": 69.39,
            "eps_avg_yearly": 1.98,
            "eps_latest_yearly": 0.56,
            "eps_growth_yearly": 67.59
        },
        "20114": {
            "year_quarter": 20114,
            "year": 2011,
            "quarter": 4,
            "eps": 0.64,
            "eps_growth_year": 9.01,
            "eps_4q": 1.86,
            "eps_4q_growth_year": -20.29,
            "roe": 4.32,
            "roe_4q": 12.499999999999998,
            "gross_profit": 53283,
            "gross_margin": 37.4,
            "gross_margin_4q_avg": 37.76,
            "net_income": 20859,
            "net_income_4q": null,
            "revenue": 142483,
            "revenue_4q": null,
            "common_shares": 324529,
            "book_valuer_per_share": 15.21,
            "book_valuer_per_share_4q_avg": 15.23,
            "equity": 493732,
            "current_ratio": 249.4,
            "debt_ratio": 27.24,
            "inventory_turnover_ratio": 1.02,
            "account_receivable_turnover_ratio": 1.47,
            "reinvestment_rate": -24.85,
            "research_to_sale_ratio": 3.24,
            "price_fair": 69.13,
            "eps_avg_yearly": 1.98,
            "eps_latest_yearly": 2.56,
            "eps_growth_yearly": 102.11
        },
        "20121": {
            "year_quarter": 20121,
            "year": 2012,
            "quarter": 1,
            "eps": 0.33,
            "eps_growth_year": -28.26,
            "eps_4q": 1.75,
            "eps_4q_growth_year": -25.12,
            "roe": 2.16,
            "roe_4q": 11.719999999999999,
            "gross_profit": 38487,
            "gross_margin": 38.11,
            "gross_margin_4q_avg": 38.01,
            "net_income": 10799,
            "net_income_4q": null,
            "revenue": 100991,
            "revenue_4q": null,
            "common_shares": 324529,
            "book_valuer_per_share": 15.55,
            "book_valuer_per_share_4q_avg": 15.12,
            "equity": 504531,
            "current_ratio": 317.22,
            "debt_ratio": 21.12,
            "inventory_turnover_ratio": 0.71,
            "account_receivable_turnover_ratio": 1.01,
            "reinvestment_rate": -24.93,
            "research_to_sale_ratio": 4.48,
            "price_fair": 67.03,
            "eps_avg_yearly": 1.92,
            "eps_latest_yearly": 1.32,
            "eps_growth_yearly": 93.73
        },
        "20122": {
            "year_quarter": 20122,
            "year": 2012,
            "quarter": 2,
            "eps": 0.48,
            "eps_growth_year": -27.99,
            "eps_4q": 1.59,
            "eps_4q_growth_year": -28.54,
            "roe": 3.24,
            "roe_4q": 10.690000000000001,
            "gross_profit": 46728,
            "gross_margin": 36.38,
            "gross_margin_4q_avg": 37.55,
            "net_income": 15526,
            "net_income_4q": null,
            "revenue": 128439,
            "revenue_4q": null,
            "common_shares": 324529,
            "book_valuer_per_share": 14.02,
            "book_valuer_per_share_4q_avg": 14.84,
            "equity": 455151,
            "current_ratio": 222.05,
            "debt_ratio": 30.48,
            "inventory_turnover_ratio": 1.08,
            "account_receivable_turnover_ratio": 1.21,
            "reinvestment_rate": -25.83,
            "research_to_sale_ratio": 3.35,
            "price_fair": 63.88,
            "eps_avg_yearly": 1.83,
            "eps_latest_yearly": 1.92,
            "eps_growth_yearly": 93.25
        },
        "20123": {
            "year_quarter": 20123,
            "year": 2012,
            "quarter": 3,
            "eps": 0.32,
            "eps_growth_year": 128.32,
            "eps_4q": 1.78,
            "eps_4q_growth_year": -0.06,
            "roe": 2.27,
            "roe_4q": 11.99,
            "gross_profit": 40890,
            "gross_margin": 36.23,
            "gross_margin_4q_avg": 37.03,
            "net_income": 10448,
            "net_income_4q": null,
            "revenue": 112868,
            "revenue_4q": null,
            "common_shares": 324529,
            "book_valuer_per_share": 14.35,
            "book_valuer_per_share_4q_avg": 14.78,
            "equity": 465599,
            "current_ratio": 304.72,
            "debt_ratio": 21.42,
            "inventory_turnover_ratio": 0.99,
            "account_receivable_turnover_ratio": 0.97,
            "reinvestment_rate": -9.1,
            "research_to_sale_ratio": 3.89,
            "price_fair": 63.44,
            "eps_avg_yearly": 1.81,
            "eps_latest_yearly": 1.28,
            "eps_growth_yearly": 98.91
        },
        "20124": {
            "year_quarter": 20124,
            "year": 2012,
            "quarter": 4,
            "eps": 0.5,
            "eps_growth_year": -22.82,
            "eps_4q": 1.63,
            "eps_4q_growth_year": -12.33,
            "roe": 3.4,
            "roe_4q": 11.07,
            "gross_profit": 45290,
            "gross_margin": 35.46,
            "gross_margin_4q_avg": 36.55,
            "net_income": 16098,
            "net_income_4q": null,
            "revenue": 127729,
            "revenue_4q": null,
            "common_shares": 324529,
            "book_valuer_per_share": 14.84,
            "book_valuer_per_share_4q_avg": 14.69,
            "equity": 481697,
            "current_ratio": 259.75,
            "debt_ratio": 26.51,
            "inventory_turnover_ratio": 0.98,
            "account_receivable_turnover_ratio": 1.11,
            "reinvestment_rate": -8.41,
            "research_to_sale_ratio": 3.41,
            "price_fair": 64.84,
            "eps_avg_yearly": 1.85,
            "eps_latest_yearly": 2,
            "eps_growth_yearly": 115
        },
        "20131": {
            "year_quarter": 20131,
            "year": 2013,
            "quarter": 1,
            "eps": 0.44,
            "eps_growth_year": 33.33,
            "eps_4q": 1.74,
            "eps_4q_growth_year": -0.62,
            "roe": 2.94,
            "roe_4q": 11.85,
            "gross_profit": 44452,
            "gross_margin": 37.47,
            "gross_margin_4q_avg": 36.39,
            "net_income": 14345,
            "net_income_4q": null,
            "revenue": 118624,
            "revenue_4q": null,
            "common_shares": 324529,
            "book_valuer_per_share": 15.22,
            "book_valuer_per_share_4q_avg": 14.61,
            "equity": 493899,
            "current_ratio": 324.49,
            "debt_ratio": 21.54,
            "inventory_turnover_ratio": 0.86,
            "account_receivable_turnover_ratio": 1.11,
            "reinvestment_rate": -8.74,
            "research_to_sale_ratio": 3.57,
            "price_fair": 65.63,
            "eps_avg_yearly": 1.88,
            "eps_latest_yearly": 1.76,
            "eps_growth_yearly": 111.26
        },
        "20132": {
            "year_quarter": 20132,
            "year": 2013,
            "quarter": 2,
            "eps": 0.44,
            "eps_growth_year": -8.03,
            "eps_4q": 1.7,
            "eps_4q_growth_year": 6.56,
            "roe": 3.01,
            "roe_4q": 11.62,
            "gross_profit": 46703,
            "gross_margin": 34.9,
            "gross_margin_4q_avg": 36.02,
            "net_income": 14264,
            "net_income_4q": null,
            "revenue": 133829,
            "revenue_4q": null,
            "common_shares": 324529,
            "book_valuer_per_share": 13.96,
            "book_valuer_per_share_4q_avg": 14.59,
            "equity": 452993,
            "current_ratio": 225.61,
            "debt_ratio": 31.41,
            "inventory_turnover_ratio": 1.13,
            "account_receivable_turnover_ratio": 1.22,
            "reinvestment_rate": -8.06,
            "research_to_sale_ratio": 3.46,
            "price_fair": 67.73,
            "eps_avg_yearly": 1.94,
            "eps_latest_yearly": 1.76,
            "eps_growth_yearly": 121.98
        },
        "20133": {
            "year_quarter": 20133,
            "year": 2013,
            "quarter": 3,
            "eps": 0.43,
            "eps_growth_year": 33.56,
            "eps_4q": 1.81,
            "eps_4q_growth_year": 1.66,
            "roe": 3.02,
            "roe_4q": 12.37,
            "gross_profit": 45696,
            "gross_margin": 33.62,
            "gross_margin_4q_avg": 35.36,
            "net_income": 13883,
            "net_income_4q": null,
            "revenue": 135918,
            "revenue_4q": null,
            "common_shares": 324529,
            "book_valuer_per_share": 14.39,
            "book_valuer_per_share_4q_avg": 14.6,
            "equity": 466876,
            "current_ratio": 335.36,
            "debt_ratio": 20.36,
            "inventory_turnover_ratio": 1.34,
            "account_receivable_turnover_ratio": 1.11,
            "reinvestment_rate": -8.7,
            "research_to_sale_ratio": 3.42,
            "price_fair": 67.55,
            "eps_avg_yearly": 1.93,
            "eps_latest_yearly": 1.72,
            "eps_growth_yearly": 90.16
        },
        "20134": {
            "year_quarter": 20134,
            "year": 2013,
            "quarter": 4,
            "eps": 0.68,
            "eps_growth_year": 37.38,
            "eps_4q": 1.99,
            "eps_4q_growth_year": 22.2,
            "roe": 4.63,
            "roe_4q": 13.6,
            "gross_profit": 53999,
            "gross_margin": 38.41,
            "gross_margin_4q_avg": 36.1,
            "net_income": 22115,
            "net_income_4q": null,
            "revenue": 140602,
            "revenue_4q": null,
            "common_shares": 324529,
            "book_valuer_per_share": 15.05,
            "book_valuer_per_share_4q_avg": 14.66,
            "equity": 488436,
            "current_ratio": 280,
            "debt_ratio": 25.78,
            "inventory_turnover_ratio": 1.25,
            "account_receivable_turnover_ratio": 1.23,
            "reinvestment_rate": -11.26,
            "research_to_sale_ratio": 2.32,
            "price_fair": 68.69,
            "eps_avg_yearly": 1.96,
            "eps_latest_yearly": 2.72,
            "eps_growth_yearly": 99.14
        },
        "20141": {
            "year_quarter": 20141,
            "year": 2014,
            "quarter": 1,
            "eps": 0.48,
            "eps_growth_year": 9.09,
            "eps_4q": 2.03,
            "eps_4q_growth_year": 16.73,
            "roe": 3.14,
            "roe_4q": 13.799999999999999,
            "gross_profit": 47120,
            "gross_margin": 40.42,
            "gross_margin_4q_avg": 36.84,
            "net_income": 15595,
            "net_income_4q": null,
            "revenue": 116570,
            "revenue_4q": null,
            "common_shares": 324529,
            "book_valuer_per_share": 15.53,
            "book_valuer_per_share_4q_avg": 14.73,
            "equity": 504031,
            "current_ratio": 323.44,
            "debt_ratio": 22.45,
            "inventory_turnover_ratio": 0.95,
            "account_receivable_turnover_ratio": 1.11,
            "reinvestment_rate": -10.87,
            "research_to_sale_ratio": 2.62,
            "price_fair": 68.86,
            "eps_avg_yearly": 1.97,
            "eps_latest_yearly": 1.92,
            "eps_growth_yearly": 95.87
        },
        "20142": {
            "year_quarter": 20142,
            "year": 2014,
            "quarter": 2,
            "eps": 0.56,
            "eps_growth_year": 27.27,
            "eps_4q": 2.15,
            "eps_4q_growth_year": 26.23,
            "roe": 3.71,
            "roe_4q": 14.5,
            "gross_profit": 48262,
            "gross_margin": 33.93,
            "gross_margin_4q_avg": 36.6,
            "net_income": 18028,
            "net_income_4q": null,
            "revenue": 142245,
            "revenue_4q": null,
            "common_shares": 324529,
            "book_valuer_per_share": 14.39,
            "book_valuer_per_share_4q_avg": 14.84,
            "equity": 466889,
            "current_ratio": 238.23,
            "debt_ratio": 30.71,
            "inventory_turnover_ratio": 1.46,
            "account_receivable_turnover_ratio": 1.24,
            "reinvestment_rate": -9.55,
            "research_to_sale_ratio": 2.62,
            "price_fair": 67.03,
            "eps_avg_yearly": 1.92,
            "eps_latest_yearly": 2.24,
            "eps_growth_yearly": 83.19
        },
        "20143": {
            "year_quarter": 20143,
            "year": 2014,
            "quarter": 3,
            "eps": 0.46,
            "eps_growth_year": 6.98,
            "eps_4q": 2.18,
            "eps_4q_growth_year": 20.54,
            "roe": 3.14,
            "roe_4q": 14.620000000000001,
            "gross_profit": 45545,
            "gross_margin": 39.44,
            "gross_margin_4q_avg": 38.05,
            "net_income": 14887,
            "net_income_4q": null,
            "revenue": 115480,
            "revenue_4q": null,
            "common_shares": 324529,
            "book_valuer_per_share": 14.85,
            "book_valuer_per_share_4q_avg": 14.96,
            "equity": 481776,
            "current_ratio": 301.36,
            "debt_ratio": 24.08,
            "inventory_turnover_ratio": 1.04,
            "account_receivable_turnover_ratio": 0.99,
            "reinvestment_rate": -9.3,
            "research_to_sale_ratio": 3.06,
            "price_fair": 66.59,
            "eps_avg_yearly": 1.9,
            "eps_latest_yearly": 1.84,
            "eps_growth_yearly": 87.17
        },
        "20144": {
            "year_quarter": 20144,
            "year": 2014,
            "quarter": 4,
            "eps": 0.87,
            "eps_growth_year": 28.08,
            "eps_4q": 2.37,
            "eps_4q_growth_year": 18.93,
            "roe": 5.71,
            "roe_4q": 15.7,
            "gross_profit": 65329,
            "gross_margin": 41.08,
            "gross_margin_4q_avg": 38.72,
            "net_income": 28326,
            "net_income_4q": null,
            "revenue": 159010,
            "revenue_4q": null,
            "common_shares": 324529,
            "book_valuer_per_share": 15.71,
            "book_valuer_per_share_4q_avg": 15.12,
            "equity": 509902,
            "current_ratio": 297.11,
            "debt_ratio": 25.18,
            "inventory_turnover_ratio": 1.32,
            "account_receivable_turnover_ratio": 1.47,
            "reinvestment_rate": -8.85,
            "research_to_sale_ratio": 2.32,
            "price_fair": 69.04,
            "eps_avg_yearly": 1.97,
            "eps_latest_yearly": 3.48,
            "eps_growth_yearly": 105.53
        },
        "20151": {
            "year_quarter": 20151,
            "year": 2015,
            "quarter": 1,
            "eps": 0.48,
            "eps_growth_year": 0,
            "eps_4q": 2.37,
            "eps_4q_growth_year": 16.68,
            "roe": 3.01,
            "roe_4q": 15.57,
            "gross_profit": 44290,
            "gross_margin": 40.39,
            "gross_margin_4q_avg": 38.71,
            "net_income": 15603,
            "net_income_4q": null,
            "revenue": 109663,
            "revenue_4q": null,
            "common_shares": 324529,
            "book_valuer_per_share": 16.19,
            "book_valuer_per_share_4q_avg": 15.29,
            "equity": 525505,
            "current_ratio": 328.67,
            "debt_ratio": 22.98,
            "inventory_turnover_ratio": 0.94,
            "account_receivable_turnover_ratio": 1.07,
            "reinvestment_rate": -8.73,
            "research_to_sale_ratio": 3.12,
            "price_fair": 69.21,
            "eps_avg_yearly": 1.98,
            "eps_latest_yearly": 1.92,
            "eps_growth_yearly": 99.83
        },
        "20152": {
            "year_quarter": 20152,
            "year": 2015,
            "quarter": 2,
            "eps": 0.64,
            "eps_growth_year": 14.29,
            "eps_4q": 2.45,
            "eps_4q_growth_year": 14.35,
            "roe": 4.13,
            "roe_4q": 15.99,
            "gross_profit": 52949,
            "gross_margin": 37.85,
            "gross_margin_4q_avg": 39.69,
            "net_income": 20796,
            "net_income_4q": null,
            "revenue": 139904,
            "revenue_4q": null,
            "common_shares": 324529,
            "book_valuer_per_share": 14.83,
            "book_valuer_per_share_4q_avg": 15.4,
            "equity": 481396,
            "current_ratio": 241.84,
            "debt_ratio": 31.36,
            "inventory_turnover_ratio": 1.35,
            "account_receivable_turnover_ratio": 1.29,
            "reinvestment_rate": -8.88,
            "research_to_sale_ratio": 3.05,
            "price_fair": 69.04,
            "eps_avg_yearly": 1.97,
            "eps_latest_yearly": 2.56,
            "eps_growth_yearly": 97.3
        },
        "20153": {
            "year_quarter": 20153,
            "year": 2015,
            "quarter": 3,
            "eps": 0.62,
            "eps_growth_year": 34.78,
            "eps_4q": 2.61,
            "eps_4q_growth_year": 20.01,
            "roe": 4.08,
            "roe_4q": 16.93,
            "gross_profit": 49680,
            "gross_margin": 37.68,
            "gross_margin_4q_avg": 39.25,
            "net_income": 20029,
            "net_income_4q": null,
            "revenue": 131852,
            "revenue_4q": null,
            "common_shares": 324529,
            "book_valuer_per_share": 15.45,
            "book_valuer_per_share_4q_avg": 15.55,
            "equity": 501425,
            "current_ratio": 345.11,
            "debt_ratio": 21.59,
            "inventory_turnover_ratio": 1.45,
            "account_receivable_turnover_ratio": 1.14,
            "reinvestment_rate": -7.73,
            "research_to_sale_ratio": 2.76,
            "price_fair": 73.24,
            "eps_avg_yearly": 2.09,
            "eps_latest_yearly": 2.48,
            "eps_growth_yearly": 116.21
        },
        "20154": {
            "year_quarter": 20154,
            "year": 2015,
            "quarter": 4,
            "eps": 0.68,
            "eps_growth_year": -22.46,
            "eps_4q": 2.42,
            "eps_4q_growth_year": 2.03,
            "roe": 4.28,
            "roe_4q": 15.499999999999998,
            "gross_profit": 56434,
            "gross_margin": 40.73,
            "gross_margin_4q_avg": 39.16,
            "net_income": 21964,
            "net_income_4q": null,
            "revenue": 138546,
            "revenue_4q": null,
            "common_shares": 324529,
            "book_valuer_per_share": 16.17,
            "book_valuer_per_share_4q_avg": 15.66,
            "equity": 524627,
            "current_ratio": 327.45,
            "debt_ratio": 23.07,
            "inventory_turnover_ratio": 1.38,
            "account_receivable_turnover_ratio": 1.35,
            "reinvestment_rate": -6.9,
            "research_to_sale_ratio": 2.45,
            "price_fair": 73.59,
            "eps_avg_yearly": 2.1,
            "eps_latest_yearly": 2.72,
            "eps_growth_yearly": 29.35
        },
        "20161": {
            "year_quarter": 20161,
            "year": 2016,
            "quarter": 1,
            "eps": 0.47,
            "eps_growth_year": -2.08,
            "eps_4q": 2.41,
            "eps_4q_growth_year": 1.57,
            "roe": 2.87,
            "roe_4q": 15.36,
            "gross_profit": 46106,
            "gross_margin": 38.57,
            "gross_margin_4q_avg": 38.71,
            "net_income": 15263,
            "net_income_4q": null,
            "revenue": 119544,
            "revenue_4q": null,
            "common_shares": 324529,
            "book_valuer_per_share": 16.64,
            "book_valuer_per_share_4q_avg": 15.77,
            "equity": 539890,
            "current_ratio": 306.82,
            "debt_ratio": 25.04,
            "inventory_turnover_ratio": 1.09,
            "account_receivable_turnover_ratio": 1.2,
            "reinvestment_rate": -6.15,
            "research_to_sale_ratio": 2.83,
            "price_fair": 74.81,
            "eps_avg_yearly": 2.14,
            "eps_latest_yearly": 1.88,
            "eps_growth_yearly": 33.74
        },
        "20162": {
            "year_quarter": 20162,
            "year": 2016,
            "quarter": 2,
            "eps": 0.38,
            "eps_growth_year": -40.62,
            "eps_4q": 2.14,
            "eps_4q_growth_year": -12.73,
            "roe": 2.4,
            "roe_4q": 13.63,
            "gross_profit": 46674,
            "gross_margin": 35.17,
            "gross_margin_4q_avg": 38.04,
            "net_income": 12224,
            "net_income_4q": null,
            "revenue": 132695,
            "revenue_4q": null,
            "common_shares": 324529,
            "book_valuer_per_share": 14.81,
            "book_valuer_per_share_4q_avg": 15.77,
            "equity": 480718,
            "current_ratio": 234.63,
            "debt_ratio": 32.56,
            "inventory_turnover_ratio": 1.41,
            "account_receivable_turnover_ratio": 1.21,
            "reinvestment_rate": -5.82,
            "research_to_sale_ratio": 2.69,
            "price_fair": 58.27,
            "eps_avg_yearly": 2.11,
            "eps_latest_yearly": 1.52,
            "eps_growth_yearly": 17.58
        },
        "20163": {
            "year_quarter": 20163,
            "year": 2016,
            "quarter": 3,
            "eps": 0.34,
            "eps_growth_year": -45.16,
            "eps_4q": 1.87,
            "eps_4q_growth_year": -28.47,
            "roe": 2.3,
            "roe_4q": 11.85,
            "gross_profit": 41531,
            "gross_margin": 36.82,
            "gross_margin_4q_avg": 37.82,
            "net_income": 11174,
            "net_income_4q": null,
            "revenue": 112791,
            "revenue_4q": null,
            "common_shares": 324529,
            "book_valuer_per_share": 15.16,
            "book_valuer_per_share_4q_avg": 15.7,
            "equity": 491892,
            "current_ratio": 319.4,
            "debt_ratio": 23.45,
            "inventory_turnover_ratio": 1.24,
            "account_receivable_turnover_ratio": 1.1,
            "reinvestment_rate": -12.7,
            "research_to_sale_ratio": 2.97,
            "price_fair": 70.48,
            "eps_avg_yearly": 2.12,
            "eps_latest_yearly": 1.36,
            "eps_growth_yearly": 23.29
        },
        "20164": {
            "year_quarter": 20164,
            "year": 2016,
            "quarter": 4,
            "eps": 0.76,
            "eps_growth_year": 12.01,
            "eps_4q": 1.95,
            "eps_4q_growth_year": -19.3,
            "roe": 4.88,
            "roe_4q": 12.45,
            "gross_profit": 59511,
            "gross_margin": 40.07,
            "gross_margin_4q_avg": 37.66,
            "net_income": 24601,
            "net_income_4q": null,
            "revenue": 148512,
            "revenue_4q": null,
            "common_shares": 324529,
            "book_valuer_per_share": 15.88,
            "book_valuer_per_share_4q_avg": 15.62,
            "equity": 515467,
            "current_ratio": 321.32,
            "debt_ratio": 23.74,
            "inventory_turnover_ratio": 1.41,
            "account_receivable_turnover_ratio": 1.61,
            "reinvestment_rate": -12.17,
            "research_to_sale_ratio": 2.29,
            "price_fair": 76.39,
            "eps_avg_yearly": 2.18,
            "eps_latest_yearly": 3.04,
            "eps_growth_yearly": 40.11
        },
        "20171": {
            "year_quarter": 20171,
            "year": 2017,
            "quarter": 1,
            "eps": 0.54,
            "eps_growth_year": 14.89,
            "eps_4q": 2.02,
            "eps_4q_growth_year": -16.09,
            "roe": 3.34,
            "roe_4q": 12.92,
            "gross_profit": 49228,
            "gross_margin": 41.8,
            "gross_margin_4q_avg": 38.47,
            "net_income": 17495,
            "net_income_4q": null,
            "revenue": 117771,
            "revenue_4q": null,
            "common_shares": 324529,
            "book_valuer_per_share": 16.42,
            "book_valuer_per_share_4q_avg": 15.57,
            "equity": 532962,
            "current_ratio": 308.37,
            "debt_ratio": 25.28,
            "inventory_turnover_ratio": 0.95,
            "account_receivable_turnover_ratio": 1.32,
            "reinvestment_rate": -10.82,
            "research_to_sale_ratio": 2.75,
            "price_fair": 77.26,
            "eps_avg_yearly": 2.21,
            "eps_latest_yearly": 2.16,
            "eps_growth_yearly": 35.87
        },
        "20172": {
            "year_quarter": 20172,
            "year": 2017,
            "quarter": 2,
            "eps": 0.66,
            "eps_growth_year": 73.68,
            "eps_4q": 2.3,
            "eps_4q_growth_year": 7.52,
            "roe": 4.18,
            "roe_4q": 14.7,
            "gross_profit": 56313,
            "gross_margin": 35.77,
            "gross_margin_4q_avg": 38.62,
            "net_income": 21434,
            "net_income_4q": null,
            "revenue": 157440,
            "revenue_4q": null,
            "common_shares": 324529,
            "book_valuer_per_share": 15.18,
            "book_valuer_per_share_4q_avg": 15.66,
            "equity": 492736,
            "current_ratio": 255.63,
            "debt_ratio": 30.05,
            "inventory_turnover_ratio": 1.47,
            "account_receivable_turnover_ratio": 1.61,
            "reinvestment_rate": -10.46,
            "research_to_sale_ratio": 1.89,
            "price_fair": 79.19,
            "eps_avg_yearly": 2.26,
            "eps_latest_yearly": 2.64,
            "eps_growth_yearly": 41.42
        },
        "20173": {
            "year_quarter": 20173,
            "year": 2017,
            "quarter": 3,
            "eps": 0.27,
            "eps_growth_year": -20.59,
            "eps_4q": 2.23,
            "eps_4q_growth_year": 19.16,
            "roe": 1.75,
            "roe_4q": 14.149999999999999,
            "gross_profit": 39833,
            "gross_margin": 33.33,
            "gross_margin_4q_avg": 37.74,
            "net_income": 8713,
            "net_income_4q": null,
            "revenue": 119507,
            "revenue_4q": null,
            "common_shares": 324529,
            "book_valuer_per_share": 15.45,
            "book_valuer_per_share_4q_avg": 15.73,
            "equity": 501449,
            "current_ratio": 317.91,
            "debt_ratio": 23.35,
            "inventory_turnover_ratio": 1.1,
            "account_receivable_turnover_ratio": 1.11,
            "reinvestment_rate": -9.81,
            "research_to_sale_ratio": 2.21,
            "price_fair": 77.79,
            "eps_avg_yearly": 2.22,
            "eps_latest_yearly": 1.08,
            "eps_growth_yearly": 27.22
        },
        "20174": {
            "year_quarter": 20174,
            "year": 2017,
            "quarter": 4,
            "eps": 0.64,
            "eps_growth_year": -15.97,
            "eps_4q": 2.11,
            "eps_4q_growth_year": 7.99,
            "roe": 4.04,
            "roe_4q": 13.309999999999999,
            "gross_profit": 62560,
            "gross_margin": 34.2,
            "gross_margin_4q_avg": 36.28,
            "net_income": 20672,
            "net_income_4q": null,
            "revenue": 182915,
            "revenue_4q": null,
            "common_shares": 324529,
            "book_valuer_per_share": 16.09,
            "book_valuer_per_share_4q_avg": 15.79,
            "equity": 522279,
            "current_ratio": 266.62,
            "debt_ratio": 28.68,
            "inventory_turnover_ratio": 1.38,
            "account_receivable_turnover_ratio": 1.53,
            "reinvestment_rate": -8.88,
            "research_to_sale_ratio": 1.66,
            "price_fair": 77.44,
            "eps_avg_yearly": 2.21,
            "eps_latest_yearly": 2.56,
            "eps_growth_yearly": 46.94
        },
        "20181": {
            "year_quarter": 20181,
            "year": 2018,
            "quarter": 1,
            "eps": 0.18,
            "eps_growth_year": -66.67,
            "eps_4q": 1.75,
            "eps_4q_growth_year": -13.53,
            "roe": 1.11,
            "roe_4q": 11.08,
            "gross_profit": 37529,
            "gross_margin": 30.55,
            "gross_margin_4q_avg": 33.46,
            "net_income": 5816,
            "net_income_4q": null,
            "revenue": 122856,
            "revenue_4q": null,
            "common_shares": 324529,
            "book_valuer_per_share": 16.27,
            "book_valuer_per_share_4q_avg": 15.75,
            "equity": 528095,
            "current_ratio": 312.38,
            "debt_ratio": 23.98,
            "inventory_turnover_ratio": 0.99,
            "account_receivable_turnover_ratio": 1.02,
            "reinvestment_rate": -10.25,
            "research_to_sale_ratio": 2.01,
            "price_fair": 74.81,
            "eps_avg_yearly": 2.14,
            "eps_latest_yearly": 0.72,
            "eps_growth_yearly": 36.33
        },
        "20182": {
            "year_quarter": 20182,
            "year": 2018,
            "quarter": 2,
            "eps": 0.31,
            "eps_growth_year": -53.03,
            "eps_4q": 1.4,
            "eps_4q_growth_year": -39.2,
            "roe": 2.03,
            "roe_4q": 8.93,
            "gross_profit": 47604,
            "gross_margin": 30.94,
            "gross_margin_4q_avg": 32.26,
            "net_income": 10222,
            "net_income_4q": null,
            "revenue": 153881,
            "revenue_4q": null,
            "common_shares": 324529,
            "book_valuer_per_share": 14.69,
            "book_valuer_per_share_4q_avg": 15.63,
            "equity": 476657,
            "current_ratio": 221.81,
            "debt_ratio": 34.13,
            "inventory_turnover_ratio": 1.2,
            "account_receivable_turnover_ratio": 1.27,
            "reinvestment_rate": -10.89,
            "research_to_sale_ratio": 2.21,
            "price_fair": 72.63,
            "eps_avg_yearly": 2.08,
            "eps_latest_yearly": 1.24,
            "eps_growth_yearly": 50.22
        },
        "20183": {
            "year_quarter": 20183,
            "year": 2018,
            "quarter": 3,
            "eps": 0.3,
            "eps_growth_year": 11.11,
            "eps_4q": 1.43,
            "eps_4q_growth_year": -35.78,
            "roe": 2.01,
            "roe_4q": 9.19,
            "gross_profit": 47862,
            "gross_margin": 30.09,
            "gross_margin_4q_avg": 31.45,
            "net_income": 9687,
            "net_income_4q": null,
            "revenue": 159053,
            "revenue_4q": null,
            "common_shares": 324529,
            "book_valuer_per_share": 14.99,
            "book_valuer_per_share_4q_avg": 15.51,
            "equity": 486344,
            "current_ratio": 300.2,
            "debt_ratio": 24.46,
            "inventory_turnover_ratio": 1.2,
            "account_receivable_turnover_ratio": 1.11,
            "reinvestment_rate": -11.1,
            "research_to_sale_ratio": 2.75,
            "price_fair": 71.23,
            "eps_avg_yearly": 2.04,
            "eps_latest_yearly": 1.2,
            "eps_growth_yearly": 53.88
        },
        "20184": {
            "year_quarter": 20184,
            "year": 2018,
            "quarter": 4,
            "eps": 0.41,
            "eps_growth_year": -36.2,
            "eps_4q": 1.2,
            "eps_4q_growth_year": -43.04,
            "roe": 2.68,
            "roe_4q": 7.829999999999999,
            "gross_profit": 52509,
            "gross_margin": 27.17,
            "gross_margin_4q_avg": 29.69,
            "net_income": 13189,
            "net_income_4q": null,
            "revenue": 193239,
            "revenue_4q": null,
            "common_shares": 324529,
            "book_valuer_per_share": 15.37,
            "book_valuer_per_share_4q_avg": 15.33,
            "equity": 498784,
            "current_ratio": 284.8,
            "debt_ratio": 26.69,
            "inventory_turnover_ratio": 1.72,
            "account_receivable_turnover_ratio": 1.29,
            "reinvestment_rate": -13.33,
            "research_to_sale_ratio": 1.75,
            "price_fair": 67.2,
            "eps_avg_yearly": 1.92,
            "eps_latest_yearly": 1.64,
            "eps_growth_yearly": 40.76
        },
        "20191": {
            "year_quarter": 20191,
            "year": 2019,
            "quarter": 1,
            "eps": 0.24,
            "eps_growth_year": 33.33,
            "eps_4q": 1.26,
            "eps_4q_growth_year": -27.86,
            "roe": 1.54,
            "roe_4q": 8.26,
            "gross_profit": 42990,
            "gross_margin": 31.12,
            "gross_margin_4q_avg": 29.83,
            "net_income": 7761,
            "net_income_4q": null,
            "revenue": 138158,
            "revenue_4q": null,
            "common_shares": 324529,
            "book_valuer_per_share": 15.61,
            "book_valuer_per_share_4q_avg": 15.17,
            "equity": 506545,
            "current_ratio": 303.66,
            "debt_ratio": 26.88,
            "inventory_turnover_ratio": 1.42,
            "account_receivable_turnover_ratio": 1,
            "reinvestment_rate": -13.89,
            "research_to_sale_ratio": 2.56,
            "price_fair": 65.1,
            "eps_avg_yearly": 1.86,
            "eps_latest_yearly": 0.96,
            "eps_growth_yearly": 41.6
        },
        "20192": {
            "year_quarter": 20192,
            "year": 2019,
            "quarter": 2,
            "eps": 0.44,
            "eps_growth_year": 41.94,
            "eps_4q": 1.39,
            "eps_4q_growth_year": -0.94,
            "roe": 2.89,
            "roe_4q": 9.12,
            "gross_profit": 52542,
            "gross_margin": 32.78,
            "gross_margin_4q_avg": 30.29,
            "net_income": 14360,
            "net_income_4q": null,
            "revenue": 160274,
            "revenue_4q": null,
            "common_shares": 324529,
            "book_valuer_per_share": 15.05,
            "book_valuer_per_share_4q_avg": 15.26,
            "equity": 488452,
            "current_ratio": 250.89,
            "debt_ratio": 32.35,
            "inventory_turnover_ratio": 1.57,
            "account_receivable_turnover_ratio": 1.14,
            "reinvestment_rate": -13.86,
            "research_to_sale_ratio": 2.27,
            "price_fair": 63.35,
            "eps_avg_yearly": 1.81,
            "eps_latest_yearly": 1.76,
            "eps_growth_yearly": 54.1
        },
        "20193": {
            "year_quarter": 20193,
            "year": 2019,
            "quarter": 3,
            "eps": 0.36,
            "eps_growth_year": 20,
            "eps_4q": 1.45,
            "eps_4q_growth_year": 1.39,
            "roe": 2.37,
            "roe_4q": 9.48,
            "gross_profit": 49036,
            "gross_margin": 31.76,
            "gross_margin_4q_avg": 30.71,
            "net_income": 11734,
            "net_income_4q": null,
            "revenue": 154417,
            "revenue_4q": null,
            "common_shares": 324529,
            "book_valuer_per_share": 15.41,
            "book_valuer_per_share_4q_avg": 15.36,
            "equity": 500186,
            "current_ratio": 287.12,
            "debt_ratio": 28.61,
            "inventory_turnover_ratio": 1.4,
            "account_receivable_turnover_ratio": 1.07,
            "reinvestment_rate": -15.18,
            "research_to_sale_ratio": 2.16,
            "price_fair": 61.08,
            "eps_avg_yearly": 1.75,
            "eps_latest_yearly": 1.44,
            "eps_growth_yearly": 50.34
        },
        "20194": {
            "year_quarter": 20194,
            "year": 2019,
            "quarter": 4,
            "eps": 0.42,
            "eps_growth_year": 2.68,
            "eps_4q": 1.46,
            "eps_4q_growth_year": 21.8,
            "roe": 2.67,
            "roe_4q": 9.469999999999999,
            "gross_profit": 51234,
            "gross_margin": 27.54,
            "gross_margin_4q_avg": 30.8,
            "net_income": 13542,
            "net_income_4q": null,
            "revenue": 186054,
            "revenue_4q": null,
            "common_shares": 324529,
            "book_valuer_per_share": 15.83,
            "book_valuer_per_share_4q_avg": 15.48,
            "equity": 513755,
            "current_ratio": 263.66,
            "debt_ratio": 31.52,
            "inventory_turnover_ratio": 1.76,
            "account_receivable_turnover_ratio": 1.34,
            "reinvestment_rate": -16.64,
            "research_to_sale_ratio": 1.67,
            "price_fair": 58.8,
            "eps_avg_yearly": 1.68,
            "eps_latest_yearly": 1.68,
            "eps_growth_yearly": 52.08
        },
        "20201": {
            "year_quarter": 20201,
            "year": 2020,
            "quarter": 1,
            "eps": 0.24,
            "eps_growth_year": 0,
            "eps_4q": 1.46,
            "eps_4q_growth_year": 16.19,
            "roe": 1.51,
            "roe_4q": 9.44,
            "gross_profit": 41487,
            "gross_margin": 30.99,
            "gross_margin_4q_avg": 30.77,
            "net_income": 7839,
            "net_income_4q": null,
            "revenue": 133886,
            "revenue_4q": null,
            "common_shares": 324529,
            "book_valuer_per_share": 16.07,
            "book_valuer_per_share_4q_avg": 15.59,
            "equity": 521594,
            "current_ratio": 303.77,
            "debt_ratio": 27.72,
            "inventory_turnover_ratio": 1.27,
            "account_receivable_turnover_ratio": 1.02,
            "reinvestment_rate": -18.43,
            "research_to_sale_ratio": 2.55,
            "price_fair": 56.79,
            "eps_avg_yearly": 1.62,
            "eps_latest_yearly": 0.96,
            "eps_growth_yearly": 49.09
        },
        "20202": {
            "year_quarter": 20202,
            "year": 2020,
            "quarter": 2,
            "eps": 0.45,
            "eps_growth_year": 2.27,
            "eps_4q": 1.47,
            "eps_4q_growth_year": 5.92,
            "roe": 2.86,
            "roe_4q": 9.41,
            "gross_profit": 53408,
            "gross_margin": 32.06,
            "gross_margin_4q_avg": 30.59,
            "net_income": 14546,
            "net_income_4q": null,
            "revenue": 166600,
            "revenue_4q": null,
            "common_shares": 324529,
            "book_valuer_per_share": 15.22,
            "book_valuer_per_share_4q_avg": 15.63,
            "equity": 493951,
            "current_ratio": 254.35,
            "debt_ratio": 33.24,
            "inventory_turnover_ratio": 1.61,
            "account_receivable_turnover_ratio": 1.29,
            "reinvestment_rate": -18.65,
            "research_to_sale_ratio": 2.07,
            "price_fair": 57.4,
            "eps_avg_yearly": 1.64,
            "eps_latest_yearly": 1.8,
            "eps_growth_yearly": 75.75
        },
        "20203": {
            "year_quarter": 20203,
            "year": 2020,
            "quarter": 3,
            "eps": 0.44,
            "eps_growth_year": 22.22,
            "eps_4q": 1.55,
            "eps_4q_growth_year": 6.86,
            "roe": 2.86,
            "roe_4q": 9.899999999999999,
            "gross_profit": 54629,
            "gross_margin": 33.78,
            "gross_margin_4q_avg": 31.09,
            "net_income": 14346,
            "net_income_4q": null,
            "revenue": 161738,
            "revenue_4q": null,
            "common_shares": 324529,
            "book_valuer_per_share": 15.66,
            "book_valuer_per_share_4q_avg": 15.7,
            "equity": 508297,
            "current_ratio": 296.67,
            "debt_ratio": 28.79,
            "inventory_turnover_ratio": 1.51,
            "account_receivable_turnover_ratio": 1.27,
            "reinvestment_rate": -19.13,
            "research_to_sale_ratio": 2.2,
            "price_fair": 58.28,
            "eps_avg_yearly": 1.67,
            "eps_latest_yearly": 1.76,
            "eps_growth_yearly": 77.83
        },
        "20204": {
            "year_quarter": 20204,
            "year": 2020,
            "quarter": 4,
            "eps": 0.66,
            "eps_growth_year": 57.37,
            "eps_4q": 1.79,
            "eps_4q_growth_year": 22.46,
            "roe": 4.11,
            "roe_4q": 11.34,
            "gross_profit": 62190,
            "gross_margin": 29.58,
            "gross_margin_4q_avg": 31.6,
            "net_income": 21311,
            "net_income_4q": null,
            "revenue": 210268,
            "revenue_4q": null,
            "common_shares": 324529,
            "book_valuer_per_share": 16.31,
            "book_valuer_per_share_4q_avg": 15.82,
            "equity": 529432,
            "current_ratio": 270.98,
            "debt_ratio": 31.51,
            "inventory_turnover_ratio": 2.22,
            "account_receivable_turnover_ratio": 1.55,
            "reinvestment_rate": -20.22,
            "research_to_sale_ratio": 1.56,
            "price_fair": 57.4,
            "eps_avg_yearly": 1.64,
            "eps_latest_yearly": 2.64,
            "eps_growth_yearly": 59.45
        },
        "20211": {
            "year_quarter": 20211,
            "year": 2021,
            "quarter": 1,
            "eps": 0.57,
            "eps_growth_year": 137.5,
            "eps_4q": 2.11,
            "eps_4q_growth_year": 44.48,
            "roe": 3.41,
            "roe_4q": 13.24,
            "gross_profit": 54858,
            "gross_margin": 33.86,
            "gross_margin_4q_avg": 32.32,
            "net_income": 18389,
            "net_income_4q": null,
            "revenue": 162024,
            "revenue_4q": null,
            "common_shares": 324529,
            "book_valuer_per_share": 16.88,
            "book_valuer_per_share_4q_avg": 16.02,
            "equity": 547821,
            "current_ratio": 306.21,
            "debt_ratio": 28.25,
            "inventory_turnover_ratio": 1.54,
            "account_receivable_turnover_ratio": 1.19,
            "reinvestment_rate": -21.36,
            "research_to_sale_ratio": 2.22,
            "price_fair": 57.66,
            "eps_avg_yearly": 1.65,
            "eps_latest_yearly": 2.28,
            "eps_growth_yearly": 63.27
        },
        "20212": {
            "year_quarter": 20212,
            "year": 2021,
            "quarter": 2,
            "eps": 0.48,
            "eps_growth_year": 6.67,
            "eps_4q": 2.15,
            "eps_4q_growth_year": 46.2,
            "roe": 2.81,
            "roe_4q": 13.190000000000001,
            "gross_profit": 58119,
            "gross_margin": 31.87,
            "gross_margin_4q_avg": 32.27,
            "net_income": 15636,
            "net_income_4q": null,
            "revenue": 182337,
            "revenue_4q": null,
            "common_shares": 324529,
            "book_valuer_per_share": 17.36,
            "book_valuer_per_share_4q_avg": 16.55,
            "equity": 563457,
            "current_ratio": 300.8,
            "debt_ratio": 28.7,
            "inventory_turnover_ratio": 1.67,
            "account_receivable_turnover_ratio": 1.48,
            "reinvestment_rate": -19.18,
            "research_to_sale_ratio": 2.12,
            "price_fair": 56.09,
            "eps_avg_yearly": 1.6,
            "eps_latest_yearly": 1.92,
            "eps_growth_yearly": 53.77
        },
        "20213": {
            "year_quarter": 20213,
            "year": 2021,
            "quarter": 3,
            "eps": 0.57,
            "eps_growth_year": 29.55,
            "eps_4q": 2.27,
            "eps_4q_growth_year": 46.79,
            "roe": 3.38,
            "roe_4q": 13.71,
            "gross_profit": 62204,
            "gross_margin": 35.81,
            "gross_margin_4q_avg": 32.78,
            "net_income": 18462,
            "net_income_4q": null,
            "revenue": 173713,
            "revenue_4q": null,
            "common_shares": 324529,
            "book_valuer_per_share": 16.33,
            "book_valuer_per_share_4q_avg": 16.72,
            "equity": 529994,
            "current_ratio": 295.81,
            "debt_ratio": 28.93,
            "inventory_turnover_ratio": 1.71,
            "account_receivable_turnover_ratio": 1.44,
            "reinvestment_rate": -19.14,
            "research_to_sale_ratio": 2.18,
            "price_fair": 58.71,
            "eps_avg_yearly": 1.68,
            "eps_latest_yearly": 2.28,
            "eps_growth_yearly": 73.23
        },
        "20214": {
            "year_quarter": 20214,
            "year": 2021,
            "quarter": 4,
            "eps": 0.48,
            "eps_growth_year": -26.37,
            "eps_4q": 2.1,
            "eps_4q_growth_year": 17.46,
            "roe": 2.92,
            "roe_4q": 12.52,
            "gross_profit": 57323,
            "gross_margin": 36.01,
            "gross_margin_4q_avg": 34.39,
            "net_income": 15692,
            "net_income_4q": null,
            "revenue": 159205,
            "revenue_4q": null,
            "common_shares": 324529,
            "book_valuer_per_share": 16.79,
            "book_valuer_per_share_4q_avg": 16.84,
            "equity": 544843,
            "current_ratio": 281.67,
            "debt_ratio": 30.82,
            "inventory_turnover_ratio": 1.79,
            "account_receivable_turnover_ratio": 1.51,
            "reinvestment_rate": -21.53,
            "research_to_sale_ratio": 2.38,
            "price_fair": 57.31,
            "eps_avg_yearly": 1.64,
            "eps_latest_yearly": 1.92,
            "eps_growth_yearly": 35.02
        },
        "20221": {
            "year_quarter": 20221,
            "year": 2022,
            "quarter": 1,
            "eps": 0.34,
            "eps_growth_year": -40.35,
            "eps_4q": 1.87,
            "eps_4q_growth_year": -11.41,
            "roe": 1.99,
            "roe_4q": 11.1,
            "gross_profit": 43487,
            "gross_margin": 37.28,
            "gross_margin_4q_avg": 35.24,
            "net_income": 10977,
            "net_income_4q": null,
            "revenue": 116640,
            "revenue_4q": null,
            "common_shares": 324529,
            "book_valuer_per_share": 17.13,
            "book_valuer_per_share_4q_avg": 16.9,
            "equity": 555820,
            "current_ratio": 283.65,
            "debt_ratio": 30.86,
            "inventory_turnover_ratio": 1.13,
            "account_receivable_turnover_ratio": 1.26,
            "reinvestment_rate": -19.84,
            "research_to_sale_ratio": 2.95,
            "price_fair": 58.71,
            "eps_avg_yearly": 1.68,
            "eps_latest_yearly": 1.36,
            "eps_growth_yearly": 45.7
        },
        "20222": {
            "year_quarter": 20222,
            "year": 2022,
            "quarter": 2,
            "eps": 0.52,
            "eps_growth_year": 8.33,
            "eps_4q": 1.91,
            "eps_4q_growth_year": -11.08,
            "roe": 3.16,
            "roe_4q": 11.45,
            "gross_profit": 53631,
            "gross_margin": 35.37,
            "gross_margin_4q_avg": 36.12,
            "net_income": 16833,
            "net_income_4q": null,
            "revenue": 151641,
            "revenue_4q": null,
            "common_shares": 324529,
            "book_valuer_per_share": 15.75,
            "book_valuer_per_share_4q_avg": 16.5,
            "equity": 510993,
            "current_ratio": 233.97,
            "debt_ratio": 37.03,
            "inventory_turnover_ratio": 1.29,
            "account_receivable_turnover_ratio": 1.53,
            "reinvestment_rate": -19.61,
            "research_to_sale_ratio": 2.32,
            "price_fair": 60.55,
            "eps_avg_yearly": 1.73,
            "eps_latest_yearly": 2.08,
            "eps_growth_yearly": 40.88
        },
        "20223": {
            "year_quarter": 20223,
            "year": 2022,
            "quarter": 3,
            "eps": 0.41,
            "eps_growth_year": -28.07,
            "eps_4q": 1.75,
            "eps_4q_growth_year": -22.9,
            "roe": 2.59,
            "roe_4q": 10.66,
            "gross_profit": 49646,
            "gross_margin": 35.07,
            "gross_margin_4q_avg": 35.93,
            "net_income": 13396,
            "net_income_4q": null,
            "revenue": 141550,
            "revenue_4q": null,
            "common_shares": 324529,
            "book_valuer_per_share": 16.16,
            "book_valuer_per_share_4q_avg": 16.46,
            "equity": 524389,
            "current_ratio": 283.79,
            "debt_ratio": 30.57,
            "inventory_turnover_ratio": 1.16,
            "account_receivable_turnover_ratio": 1.37,
            "reinvestment_rate": -18.49,
            "research_to_sale_ratio": 2.49,
            "price_fair": 61.51,
            "eps_avg_yearly": 1.76,
            "eps_latest_yearly": 1.64,
            "eps_growth_yearly": 36.4
        },
        "20224": {
            "year_quarter": 20224,
            "year": 2022,
            "quarter": 4,
            "eps": 0.53,
            "eps_growth_year": 9.99,
            "eps_4q": 1.8,
            "eps_4q_growth_year": -14.25,
            "roe": 3.24,
            "roe_4q": 10.98,
            "gross_profit": 55828,
            "gross_margin": 30.48,
            "gross_margin_4q_avg": 34.55,
            "net_income": 17260,
            "net_income_4q": null,
            "revenue": 183182,
            "revenue_4q": null,
            "common_shares": 324529,
            "book_valuer_per_share": 16.71,
            "book_valuer_per_share_4q_avg": 16.44,
            "equity": 542401,
            "current_ratio": 261.52,
            "debt_ratio": 33.25,
            "inventory_turnover_ratio": 1.66,
            "account_receivable_turnover_ratio": 1.7,
            "reinvestment_rate": -16.85,
            "research_to_sale_ratio": 1.94,
            "price_fair": 62.56,
            "eps_avg_yearly": 1.79,
            "eps_latest_yearly": 2.12,
            "eps_growth_yearly": 34.55
        },
        "20231": {
            "year_quarter": 20231,
            "year": 2023,
            "quarter": 1,
            "eps": 0.51,
            "eps_growth_year": 50,
            "eps_4q": 1.97,
            "eps_4q_growth_year": 5.15,
            "roe": 2.98,
            "roe_4q": 11.97,
            "gross_profit": 50104,
            "gross_margin": 34.78,
            "gross_margin_4q_avg": 33.93,
            "net_income": 16405,
            "net_income_4q": null,
            "revenue": 144043,
            "revenue_4q": null,
            "common_shares": 324529,
            "book_valuer_per_share": 17.22,
            "book_valuer_per_share_4q_avg": 16.46,
            "equity": 558806,
            "current_ratio": 268.21,
            "debt_ratio": 32.52,
            "inventory_turnover_ratio": 1.15,
            "account_receivable_turnover_ratio": 1.24,
            "reinvestment_rate": -15.57,
            "research_to_sale_ratio": 2.45,
            "price_fair": 64.93,
            "eps_avg_yearly": 1.86,
            "eps_latest_yearly": 2.04,
            "eps_growth_yearly": 43.97
        },
        "20232": {
            "year_quarter": 20232,
            "year": 2023,
            "quarter": 2,
            "eps": 0.46,
            "eps_growth_year": -11.54,
            "eps_4q": 1.91,
            "eps_4q_growth_year": 0.15,
            "roe": 2.78,
            "roe_4q": 11.59,
            "gross_profit": 53428,
            "gross_margin": 32.62,
            "gross_margin_4q_avg": 33.24,
            "net_income": 14993,
            "net_income_4q": null,
            "revenue": 163796,
            "revenue_4q": null,
            "common_shares": 324529,
            "book_valuer_per_share": 15.98,
            "book_valuer_per_share_4q_avg": 16.52,
            "equity": 518632,
            "current_ratio": 233.74,
            "debt_ratio": 37.16,
            "inventory_turnover_ratio": 1.21,
            "account_receivable_turnover_ratio": 1.45,
            "reinvestment_rate": -14.85,
            "research_to_sale_ratio": 2.25,
            "price_fair": 57.08,
            "eps_avg_yearly": 1.86,
            "eps_latest_yearly": 1.84,
            "eps_growth_yearly": 20.69
        },
        "20233": {
            "year_quarter": 20233,
            "year": 2023,
            "quarter": 3,
            "eps": 0.35,
            "eps_growth_year": -14.63,
            "eps_4q": 1.85,
            "eps_4q_growth_year": 5.57,
            "roe": 2.18,
            "roe_4q": 11.18,
            "gross_profit": 52703,
            "gross_margin": 32.27,
            "gross_margin_4q_avg": 32.54,
            "net_income": 11410,
            "net_income_4q": null,
            "revenue": 163298,
            "revenue_4q": null,
            "common_shares": 324529,
            "book_valuer_per_share": 16.33,
            "book_valuer_per_share_4q_avg": 16.56,
            "equity": 530042,
            "current_ratio": 266.7,
            "debt_ratio": 32.96,
            "inventory_turnover_ratio": 1.19,
            "account_receivable_turnover_ratio": 1.41,
            "reinvestment_rate": -14.35,
            "research_to_sale_ratio": 2.12,
            "price_fair": 54.34,
            "eps_avg_yearly": 1.86,
            "eps_latest_yearly": 1.4,
            "eps_growth_yearly": 19.26
        },
        "20234": {
            "year_quarter": 20234,
            "year": 2023,
            "quarter": 4,
            "eps": 0.62,
            "eps_growth_year": 16.44,
            "eps_4q": 1.94,
            "eps_4q_growth_year": 7.59,
            "roe": 3.72,
            "roe_4q": 11.66,
            "gross_profit": 63310,
            "gross_margin": 33.41,
            "gross_margin_4q_avg": 33.27,
            "net_income": 20097,
            "net_income_4q": null,
            "revenue": 189474,
            "revenue_4q": null,
            "common_shares": 324529,
            "book_valuer_per_share": 16.93,
            "book_valuer_per_share_4q_avg": 16.62,
            "equity": 549472,
            "current_ratio": 269.23,
            "debt_ratio": 33.21,
            "inventory_turnover_ratio": 1.39,
            "account_receivable_turnover_ratio": 1.65,
            "reinvestment_rate": -13.62,
            "research_to_sale_ratio": 1.63,
            "price_fair": 66.76,
            "eps_avg_yearly": 1.91,
            "eps_latest_yearly": 2.48,
            "eps_growth_yearly": 34.37
        }
    },
    "months": {
        "2004-09": {
            "month": "2004-09",
            "price": "17.63",
            "revenue": 25670
        },
        "2004-10": {
            "month": "2004-10",
            "price": "17.53",
            "revenue": 26450
        },
        "2004-11": {
            "month": "2004-11",
            "price": "14.82",
            "revenue": 28164
        },
        "2004-12": {
            "month": "2004-12",
            "price": "14.74",
            "revenue": 32657
        },
        "2005-01": {
            "month": "2005-01",
            "price": "14.42",
            "revenue": 18251
        },
        "2005-02": {
            "month": "2005-02",
            "price": "14.61",
            "revenue": 13852
        },
        "2005-03": {
            "month": "2005-03",
            "price": "15.15",
            "revenue": 20784
        },
        "2005-04": {
            "month": "2005-04",
            "price": "15.77",
            "revenue": 21507
        },
        "2005-05": {
            "month": "2005-05",
            "price": "15.97",
            "revenue": 24711
        },
        "2005-06": {
            "month": "2005-06",
            "price": "16.45",
            "revenue": 48083
        },
        "2005-07": {
            "month": "2005-07",
            "price": "16.20",
            "revenue": 18819
        },
        "2005-08": {
            "month": "2005-08",
            "price": "16.56",
            "revenue": 22210
        },
        "2005-09": {
            "month": "2005-09",
            "price": "15.94",
            "revenue": 23432
        },
        "2005-10": {
            "month": "2005-10",
            "price": "16.74",
            "revenue": 21045
        },
        "2005-11": {
            "month": "2005-11",
            "price": "15.61",
            "revenue": 33602
        },
        "2005-12": {
            "month": "2005-12",
            "price": "15.24",
            "revenue": 35178
        },
        "2006-01": {
            "month": "2006-01",
            "price": "15.51",
            "revenue": 17329
        },
        "2006-02": {
            "month": "2006-02",
            "price": "16.21",
            "revenue": 24734
        },
        "2006-03": {
            "month": "2006-03",
            "price": "15.98",
            "revenue": 25196
        },
        "2006-04": {
            "month": "2006-04",
            "price": "15.73",
            "revenue": 33700
        },
        "2006-05": {
            "month": "2006-05",
            "price": "15.85",
            "revenue": 28621
        },
        "2006-06": {
            "month": "2006-06",
            "price": "15.93",
            "revenue": 40006
        },
        "2006-07": {
            "month": "2006-07",
            "price": "16.27",
            "revenue": 34904
        },
        "2006-08": {
            "month": "2006-08",
            "price": "18.11",
            "revenue": 26195
        },
        "2006-09": {
            "month": "2006-09",
            "price": "16.50",
            "revenue": 41669
        },
        "2006-11": {
            "month": "2006-11",
            "price": "16.13",
            "revenue": 25935
        },
        "2006-12": {
            "month": "2006-12",
            "price": "16.14",
            "revenue": 46336
        },
        "2007-01": {
            "month": "2007-01",
            "price": "16.22",
            "revenue": 39631
        },
        "2007-02": {
            "month": "2007-02",
            "price": "17.32",
            "revenue": 15407
        },
        "2007-03": {
            "month": "2007-03",
            "price": "21.50",
            "revenue": 27816
        },
        "2007-04": {
            "month": "2007-04",
            "price": "22.48",
            "revenue": 29846
        },
        "2007-05": {
            "month": "2007-05",
            "price": "23.77",
            "revenue": 35038
        },
        "2007-06": {
            "month": "2007-06",
            "price": "32.65",
            "revenue": 31241
        },
        "2007-07": {
            "month": "2007-07",
            "price": "41.05",
            "revenue": 28906
        },
        "2007-08": {
            "month": "2007-08",
            "price": "43.01",
            "revenue": 28129
        },
        "2007-09": {
            "month": "2007-09",
            "price": "43.14",
            "revenue": 31156
        },
        "2007-10": {
            "month": "2007-10",
            "price": "39.88",
            "revenue": 34090
        },
        "2007-11": {
            "month": "2007-11",
            "price": "41.41",
            "revenue": 39011
        },
        "2007-12": {
            "month": "2007-12",
            "price": "38.71",
            "revenue": 50351
        },
        "2008-01": {
            "month": "2008-01",
            "price": "38.94",
            "revenue": 25440
        },
        "2008-02": {
            "month": "2008-02",
            "price": "39.99",
            "revenue": 32637
        },
        "2008-03": {
            "month": "2008-03",
            "price": "40.45",
            "revenue": 53533
        },
        "2008-04": {
            "month": "2008-04",
            "price": "50.18",
            "revenue": 37255
        },
        "2008-05": {
            "month": "2008-05",
            "price": "52.92",
            "revenue": 30531
        },
        "2008-06": {
            "month": "2008-06",
            "price": "42.01",
            "revenue": 55764
        },
        "2008-07": {
            "month": "2008-07",
            "price": "37.00",
            "revenue": 29752
        },
        "2008-08": {
            "month": "2008-08",
            "price": "37.06",
            "revenue": 27481
        },
        "2008-09": {
            "month": "2008-09",
            "price": "29.35",
            "revenue": 62146
        },
        "2008-10": {
            "month": "2008-10",
            "price": "27.50",
            "revenue": 33142
        },
        "2008-11": {
            "month": "2008-11",
            "price": "26.75",
            "revenue": 29612
        },
        "2008-12": {
            "month": "2008-12",
            "price": "25.01",
            "revenue": 45298
        },
        "2009-01": {
            "month": "2009-01",
            "price": "22.51",
            "revenue": 39545
        },
        "2009-02": {
            "month": "2009-02",
            "price": "22.86",
            "revenue": 35746
        },
        "2009-03": {
            "month": "2009-03",
            "price": "27.81",
            "revenue": 36899
        },
        "2009-04": {
            "month": "2009-04",
            "price": "36.21",
            "revenue": 28056
        },
        "2009-05": {
            "month": "2009-05",
            "price": "32.34",
            "revenue": 40335
        },
        "2009-06": {
            "month": "2009-06",
            "price": "31.80",
            "revenue": 36452
        },
        "2009-07": {
            "month": "2009-07",
            "price": "32.31",
            "revenue": 43349
        },
        "2009-08": {
            "month": "2009-08",
            "price": "31.40",
            "revenue": 28387
        },
        "2009-09": {
            "month": "2009-09",
            "price": "29.84",
            "revenue": 45430
        },
        "2009-10": {
            "month": "2009-10",
            "price": "34.67",
            "revenue": 38012
        },
        "2009-11": {
            "month": "2009-11",
            "price": "32.50",
            "revenue": 36201
        },
        "2009-12": {
            "month": "2009-12",
            "price": "35.29",
            "revenue": 60106
        },
        "2010-01": {
            "month": "2010-01",
            "price": "34.00",
            "revenue": 26790
        },
        "2010-02": {
            "month": "2010-02",
            "price": "30.18",
            "revenue": 46066
        },
        "2010-03": {
            "month": "2010-03",
            "price": "33.11",
            "revenue": 43868
        },
        "2010-04": {
            "month": "2010-04",
            "price": "35.28",
            "revenue": 35066
        },
        "2010-05": {
            "month": "2010-05",
            "price": "36.50",
            "revenue": 50470
        },
        "2010-06": {
            "month": "2010-06",
            "price": "37.02",
            "revenue": 60508
        },
        "2010-07": {
            "month": "2010-07",
            "price": "36.92",
            "revenue": 49774
        },
        "2010-08": {
            "month": "2010-08",
            "price": "45.86",
            "revenue": 50737
        },
        "2010-09": {
            "month": "2010-09",
            "price": "59.89",
            "revenue": 34895
        },
        "2010-10": {
            "month": "2010-10",
            "price": "61.16",
            "revenue": 27528
        },
        "2010-11": {
            "month": "2010-11",
            "price": "54.12",
            "revenue": 41155
        },
        "2010-12": {
            "month": "2010-12",
            "price": "51.89",
            "revenue": 60594
        },
        "2011-01": {
            "month": "2011-01",
            "price": "46.23",
            "revenue": 27543
        },
        "2011-02": {
            "month": "2011-02",
            "price": "45.45",
            "revenue": 25427
        },
        "2011-03": {
            "month": "2011-03",
            "price": "43.00",
            "revenue": 60429
        },
        "2011-04": {
            "month": "2011-04",
            "price": "43.91",
            "revenue": 36084
        },
        "2011-05": {
            "month": "2011-05",
            "price": "45.18",
            "revenue": 60058
        },
        "2011-06": {
            "month": "2011-06",
            "price": "40.68",
            "revenue": 48196
        },
        "2011-07": {
            "month": "2011-07",
            "price": "40.04",
            "revenue": 30034
        },
        "2011-08": {
            "month": "2011-08",
            "price": "30.86",
            "revenue": 35619
        },
        "2011-09": {
            "month": "2011-09",
            "price": "29.07",
            "revenue": 31220
        },
        "2011-10": {
            "month": "2011-10",
            "price": "28.71",
            "revenue": 40136
        },
        "2011-11": {
            "month": "2011-11",
            "price": "27.95",
            "revenue": 48154
        },
        "2011-12": {
            "month": "2011-12",
            "price": "25.53",
            "revenue": 54193
        },
        "2012-01": {
            "month": "2012-01",
            "price": "27.50",
            "revenue": 21228
        },
        "2012-02": {
            "month": "2012-02",
            "price": "30.48",
            "revenue": 27667
        },
        "2012-03": {
            "month": "2012-03",
            "price": "29.58",
            "revenue": 52096
        },
        "2012-04": {
            "month": "2012-04",
            "price": "31.71",
            "revenue": 30091
        },
        "2012-05": {
            "month": "2012-05",
            "price": "31.64",
            "revenue": 39725
        },
        "2012-06": {
            "month": "2012-06",
            "price": "30.11",
            "revenue": 58625
        },
        "2012-07": {
            "month": "2012-07",
            "price": "29.71",
            "revenue": 36938
        },
        "2012-08": {
            "month": "2012-08",
            "price": "29.85",
            "revenue": 39369
        },
        "2012-09": {
            "month": "2012-09",
            "price": "31.18",
            "revenue": 36559
        },
        "2012-10": {
            "month": "2012-10",
            "price": "33.61",
            "revenue": 46548
        },
        "2012-11": {
            "month": "2012-11",
            "price": "30.39",
            "revenue": 41230
        },
        "2012-12": {
            "month": "2012-12",
            "price": "34.44",
            "revenue": 39951
        },
        "2013-01": {
            "month": "2013-01",
            "price": "38.07",
            "revenue": 32481
        },
        "2013-02": {
            "month": "2013-02",
            "price": "37.56",
            "revenue": 26300
        },
        "2013-03": {
            "month": "2013-03",
            "price": "39.49",
            "revenue": 59843
        },
        "2013-04": {
            "month": "2013-04",
            "price": "37.18",
            "revenue": 41292
        },
        "2013-05": {
            "month": "2013-05",
            "price": "36.41",
            "revenue": 43165
        },
        "2013-06": {
            "month": "2013-06",
            "price": "36.57",
            "revenue": 49373
        },
        "2013-07": {
            "month": "2013-07",
            "price": "34.98",
            "revenue": 42608
        },
        "2013-08": {
            "month": "2013-08",
            "price": "34.30",
            "revenue": 43072
        },
        "2013-09": {
            "month": "2013-09",
            "price": "35.72",
            "revenue": 50238
        },
        "2013-10": {
            "month": "2013-10",
            "price": "36.88",
            "revenue": 44503
        },
        "2013-11": {
            "month": "2013-11",
            "price": "35.65",
            "revenue": 46680
        },
        "2013-12": {
            "month": "2013-12",
            "price": "36.23",
            "revenue": 49419
        },
        "2014-01": {
            "month": "2014-01",
            "price": "35.82",
            "revenue": 36384
        },
        "2014-02": {
            "month": "2014-02",
            "price": "37.15",
            "revenue": 29547
        },
        "2014-03": {
            "month": "2014-03",
            "price": "37.79",
            "revenue": 50639
        },
        "2014-04": {
            "month": "2014-04",
            "price": "37.10",
            "revenue": 45977
        },
        "2014-05": {
            "month": "2014-05",
            "price": "36.76",
            "revenue": 43054
        },
        "2014-06": {
            "month": "2014-06",
            "price": "38.12",
            "revenue": 53213
        },
        "2014-07": {
            "month": "2014-07",
            "price": "39.71",
            "revenue": 38512
        },
        "2014-08": {
            "month": "2014-08",
            "price": "35.54",
            "revenue": 34172
        },
        "2014-09": {
            "month": "2014-09",
            "price": "34.50",
            "revenue": 42793
        },
        "2014-10": {
            "month": "2014-10",
            "price": "32.56",
            "revenue": 42498
        },
        "2014-11": {
            "month": "2014-11",
            "price": "31.68",
            "revenue": 42689
        },
        "2014-12": {
            "month": "2014-12",
            "price": "32.79",
            "revenue": 73822
        },
        "2015-01": {
            "month": "2015-01",
            "price": "35.07",
            "revenue": 40551
        },
        "2015-02": {
            "month": "2015-02",
            "price": "34.07",
            "revenue": 25364
        },
        "2015-03": {
            "month": "2015-03",
            "price": "34.91",
            "revenue": 43747
        },
        "2015-04": {
            "month": "2015-04",
            "price": "35.65",
            "revenue": 43211
        },
        "2015-05": {
            "month": "2015-05",
            "price": "34.47",
            "revenue": 39320
        },
        "2015-06": {
            "month": "2015-06",
            "price": "33.54",
            "revenue": 57373
        },
        "2015-07": {
            "month": "2015-07",
            "price": "32.36",
            "revenue": 41600
        },
        "2015-08": {
            "month": "2015-08",
            "price": "32.83",
            "revenue": 41637
        },
        "2015-09": {
            "month": "2015-09",
            "price": "32.72",
            "revenue": 48615
        },
        "2015-10": {
            "month": "2015-10",
            "price": "35.68",
            "revenue": 43775
        },
        "2015-11": {
            "month": "2015-11",
            "price": "40.23",
            "revenue": 46664
        },
        "2015-12": {
            "month": "2015-12",
            "price": "39.19",
            "revenue": 48107
        },
        "2016-01": {
            "month": "2016-01",
            "price": "35.59",
            "revenue": 34247
        },
        "2016-02": {
            "month": "2016-02",
            "price": "36.45",
            "revenue": 27917
        },
        "2016-03": {
            "month": "2016-03",
            "price": "37.74",
            "revenue": 57379
        },
        "2016-04": {
            "month": "2016-04",
            "price": "37.77",
            "revenue": 37611
        },
        "2016-05": {
            "month": "2016-05",
            "price": "35.86",
            "revenue": 33770
        },
        "2016-06": {
            "month": "2016-06",
            "price": "35.70",
            "revenue": 61314
        },
        "2016-07": {
            "month": "2016-07",
            "price": "34.66",
            "revenue": 37376
        },
        "2016-08": {
            "month": "2016-08",
            "price": "33.56",
            "revenue": 42054
        },
        "2016-09": {
            "month": "2016-09",
            "price": "32.63",
            "revenue": 33361
        },
        "2016-10": {
            "month": "2016-10",
            "price": "31.19",
            "revenue": 40658
        },
        "2016-11": {
            "month": "2016-11",
            "price": "29.35",
            "revenue": 44520
        },
        "2016-12": {
            "month": "2016-12",
            "price": "30.05",
            "revenue": 63333
        },
        "2017-01": {
            "month": "2017-01",
            "price": "30.35",
            "revenue": 27970
        },
        "2017-02": {
            "month": "2017-02",
            "price": "31.81",
            "revenue": 20096
        },
        "2017-03": {
            "month": "2017-03",
            "price": "30.96",
            "revenue": 69706
        },
        "2017-04": {
            "month": "2017-04",
            "price": "31.71",
            "revenue": 61026
        },
        "2017-05": {
            "month": "2017-05",
            "price": "32.81",
            "revenue": 36848
        },
        "2017-06": {
            "month": "2017-06",
            "price": "33.56",
            "revenue": 59566
        },
        "2017-07": {
            "month": "2017-07",
            "price": "31.99",
            "revenue": 35017
        },
        "2017-08": {
            "month": "2017-08",
            "price": "32.14",
            "revenue": 43032
        },
        "2017-09": {
            "month": "2017-09",
            "price": "32.90",
            "revenue": 41457
        },
        "2017-10": {
            "month": "2017-10",
            "price": "32.92",
            "revenue": 46533
        },
        "2017-11": {
            "month": "2017-11",
            "price": "32.63",
            "revenue": 63291
        },
        "2017-12": {
            "month": "2017-12",
            "price": "32.54",
            "revenue": 73093
        },
        "2018-01": {
            "month": "2018-01",
            "price": "33.03",
            "revenue": 52088
        },
        "2018-02": {
            "month": "2018-02",
            "price": "32.17",
            "revenue": 25987
        },
        "2018-03": {
            "month": "2018-03",
            "price": "33.29",
            "revenue": 44782
        },
        "2018-04": {
            "month": "2018-04",
            "price": "34.46",
            "revenue": 39916
        },
        "2018-05": {
            "month": "2018-05",
            "price": "32.79",
            "revenue": 49332
        },
        "2018-06": {
            "month": "2018-06",
            "price": "32.39",
            "revenue": 64633
        },
        "2018-07": {
            "month": "2018-07",
            "price": "31.01",
            "revenue": 43552
        },
        "2018-08": {
            "month": "2018-08",
            "price": "30.95",
            "revenue": 58112
        },
        "2018-09": {
            "month": "2018-09",
            "price": "30.67",
            "revenue": 57389
        },
        "2018-10": {
            "month": "2018-10",
            "price": "29.39",
            "revenue": 61178
        },
        "2018-11": {
            "month": "2018-11",
            "price": "28.50",
            "revenue": 52992
        },
        "2018-12": {
            "month": "2018-12",
            "price": "28.42",
            "revenue": 79068
        },
        "2019-01": {
            "month": "2019-01",
            "price": "28.85",
            "revenue": 44885
        },
        "2019-02": {
            "month": "2019-02",
            "price": "29.12",
            "revenue": 28525
        },
        "2019-03": {
            "month": "2019-03",
            "price": "29.53",
            "revenue": 64748
        },
        "2019-04": {
            "month": "2019-04",
            "price": "28.81",
            "revenue": 58009
        },
        "2019-05": {
            "month": "2019-05",
            "price": "27.95",
            "revenue": 46766
        },
        "2019-06": {
            "month": "2019-06",
            "price": "27.85",
            "revenue": 55498
        },
        "2019-07": {
            "month": "2019-07",
            "price": "27.31",
            "revenue": 49013
        },
        "2019-08": {
            "month": "2019-08",
            "price": "27.38",
            "revenue": 50496
        },
        "2019-09": {
            "month": "2019-09",
            "price": "27.61",
            "revenue": 54908
        },
        "2019-10": {
            "month": "2019-10",
            "price": "27.30",
            "revenue": 54634
        },
        "2019-11": {
            "month": "2019-11",
            "price": "27.06",
            "revenue": 51537
        },
        "2019-12": {
            "month": "2019-12",
            "price": "27.02",
            "revenue": 79883
        },
        "2020-01": {
            "month": "2020-01",
            "price": "27.38",
            "revenue": 34692
        },
        "2020-02": {
            "month": "2020-02",
            "price": "28.12",
            "revenue": 43324
        },
        "2020-03": {
            "month": "2020-03",
            "price": "25.94",
            "revenue": 55869
        },
        "2020-04": {
            "month": "2020-04",
            "price": "26.26",
            "revenue": 50510
        },
        "2020-05": {
            "month": "2020-05",
            "price": "34.02",
            "revenue": 62511
        },
        "2020-06": {
            "month": "2020-06",
            "price": "34.96",
            "revenue": 53579
        },
        "2020-07": {
            "month": "2020-07",
            "price": "34.60",
            "revenue": 53369
        },
        "2020-08": {
            "month": "2020-08",
            "price": "31.82",
            "revenue": 58847
        },
        "2020-09": {
            "month": "2020-09",
            "price": "30.57",
            "revenue": 49521
        },
        "2020-10": {
            "month": "2020-10",
            "price": "29.92",
            "revenue": 55029
        },
        "2020-11": {
            "month": "2020-11",
            "price": "29.52",
            "revenue": 61293
        },
        "2020-12": {
            "month": "2020-12",
            "price": "29.70",
            "revenue": 93946
        },
        "2021-01": {
            "month": "2021-01",
            "price": "28.58",
            "revenue": 61194
        },
        "2021-02": {
            "month": "2021-02",
            "price": "29.08",
            "revenue": 37644
        },
        "2021-03": {
            "month": "2021-03",
            "price": "30.26",
            "revenue": 63186
        },
        "2021-04": {
            "month": "2021-04",
            "price": "32.10",
            "revenue": 52384
        },
        "2021-05": {
            "month": "2021-05",
            "price": "31.69",
            "revenue": 50994
        },
        "2021-06": {
            "month": "2021-06",
            "price": "31.46",
            "revenue": 78959
        },
        "2021-07": {
            "month": "2021-07",
            "price": "31.25",
            "revenue": 69240
        },
        "2021-08": {
            "month": "2021-08",
            "price": "30.14",
            "revenue": 51671
        },
        "2021-09": {
            "month": "2021-09",
            "price": "29.94",
            "revenue": 52802
        },
        "2021-10": {
            "month": "2021-10",
            "price": "29.71",
            "revenue": 47995
        },
        "2021-11": {
            "month": "2021-11",
            "price": "29.77",
            "revenue": 60384
        },
        "2021-12": {
            "month": "2021-12",
            "price": "29.90",
            "revenue": 50826
        },
        "2022-01": {
            "month": "2022-01",
            "price": "29.65",
            "revenue": 37967
        },
        "2022-02": {
            "month": "2022-02",
            "price": "29.44",
            "revenue": 25020
        },
        "2022-03": {
            "month": "2022-03",
            "price": "29.50",
            "revenue": 53653
        },
        "2022-04": {
            "month": "2022-04",
            "price": "30.99",
            "revenue": 44900
        },
        "2022-05": {
            "month": "2022-05",
            "price": "29.58",
            "revenue": 50096
        },
        "2022-06": {
            "month": "2022-06",
            "price": "28.74",
            "revenue": 56645
        },
        "2022-07": {
            "month": "2022-07",
            "price": "26.61",
            "revenue": 40086
        },
        "2022-08": {
            "month": "2022-08",
            "price": "26.93",
            "revenue": 43500
        },
        "2022-09": {
            "month": "2022-09",
            "price": "26.88",
            "revenue": 57964
        },
        "2022-10": {
            "month": "2022-10",
            "price": "25.19",
            "revenue": 44967
        },
        "2022-11": {
            "month": "2022-11",
            "price": "26.21",
            "revenue": 52510
        },
        "2022-12": {
            "month": "2022-12",
            "price": "27.48",
            "revenue": 85705
        },
        "2023-01": {
            "month": "2023-01",
            "price": "27.82",
            "revenue": 35034
        },
        "2023-02": {
            "month": "2023-02",
            "price": "28.43",
            "revenue": 46781
        },
        "2023-03": {
            "month": "2023-03",
            "price": "29.60",
            "revenue": 62228
        },
        "2023-04": {
            "month": "2023-04",
            "price": "31.18",
            "revenue": 45453
        },
        "2023-05": {
            "month": "2023-05",
            "price": "31.65",
            "revenue": 52925
        },
        "2023-06": {
            "month": "2023-06",
            "price": "30.81",
            "revenue": 65418
        },
        "2023-07": {
            "month": "2023-07",
            "price": "30.55",
            "revenue": 51930
        },
        "2023-08": {
            "month": "2023-08",
            "price": "30.15",
            "revenue": 44435
        },
        "2023-09": {
            "month": "2023-09",
            "price": "29.82",
            "revenue": 66933
        },
        "2023-10": {
            "month": "2023-10",
            "price": "30.00",
            "revenue": 60167
        },
        "2023-11": {
            "month": "2023-11",
            "price": "30.14",
            "revenue": 61329
        },
        "2023-12": {
            "month": "2023-12",
            "price": "30.54",
            "revenue": 67978
        }
    }
}
