{
    "summary": {
        "stock_name": "笙泉",
        "stock_id": "3122",
        "category": "半導體",
        "main_business": "研發、設計及銷售各種 積體電路",
        "website_url": "http://www.megawin.com.tw",
        "ceo": "溫國良(執行長)",
        "pe_ratio": -43,
        "report_year_from": 2001,
        "report_year_to": 2023,
        "age": 23,
        "eps_negative_percentage": 50,
        "eps_growth_avg": {
            "last_all": -70.85,
            "last_2y": -93.34,
            "last_4y": -93.34,
            "last_8y": -70.85,
            "last_12y": null,
            "last_16y": null,
            "last_20y": null,
            "at_2006_last_3y": null,
            "at_2007_last_3y": null,
            "at_2008_last_3y": null,
            "at_2009_last_3y": null,
            "at_2010_last_3y": null,
            "at_2011_last_3y": null,
            "at_2012_last_3y": null,
            "at_2013_last_3y": null,
            "at_2014_last_3y": null,
            "at_2015_last_3y": null,
            "at_2016_last_3y": null,
            "at_2017_last_3y": null,
            "at_2018_last_3y": -55.85,
            "at_2019_last_3y": -68.1,
            "at_2020_last_3y": -100,
            "at_2021_last_3y": null,
            "at_2022_last_3y": -86.69,
            "at_2023_last_3y": -93.34,
            "at_2024_last_3y": -93.34,
            "at_2006_last_all": null,
            "at_2007_last_all": null,
            "at_2008_last_all": null,
            "at_2009_last_all": null,
            "at_2010_last_all": null,
            "at_2011_last_all": null,
            "at_2012_last_all": null,
            "at_2013_last_all": null,
            "at_2014_last_all": null,
            "at_2015_last_all": null,
            "at_2016_last_all": -33.78,
            "at_2017_last_all": -55.85,
            "at_2018_last_all": -55.85,
            "at_2019_last_all": -55.85,
            "at_2020_last_all": -55.85,
            "at_2021_last_all": -55.85,
            "at_2022_last_all": -63.56,
            "at_2023_last_all": -70.85,
            "at_2024_last_all": -70.85
        },
        "latest_eps": -1.04,
        "latest_price": 44.85,
        "latest_roe": -8.59,
        "latest_gross_margin": 42.92,
        "latest_equity": 458855,
        "latest_revenue": 117079,
        "latest_gross_profit": 50252,
        "latest_net_income": 5096,
        "latest_debt_ratio": 36.68,
        "latest_current_ratio": 200.78,
        "latest_account_receivable_turnover_ratio": 1.87,
        "latest_inventory_turnover_ratio": 0.76,
        "latest_reinvestment_rate": 0.22,
        "latest_research_to_sale_ratio": 16.79
    },
    "eps_dividends": {
        "2001": {
            "cash": 0,
            "stock": 0,
            "eps": 0
        },
        "2002": {
            "cash": 0,
            "stock": 0,
            "eps": 0
        },
        "2003": {
            "cash": 0,
            "stock": 0,
            "eps": 0
        },
        "2004": {
            "cash": 0,
            "stock": 0,
            "eps": 0
        },
        "2005": {
            "cash": 0,
            "stock": 0,
            "eps": 0
        },
        "2006": {
            "cash": 1.48,
            "stock": 1,
            "eps": 0
        },
        "2007": {
            "cash": 0.68,
            "stock": 0,
            "eps": 0
        },
        "2008": {
            "cash": 0,
            "stock": 0,
            "eps": 0
        },
        "2009": {
            "cash": 1.05,
            "stock": 0,
            "eps": 0
        },
        "2010": {
            "cash": 0.34,
            "stock": 0,
            "eps": 0
        },
        "2011": {
            "cash": 0.55,
            "stock": 0,
            "eps": 0
        },
        "2012": {
            "cash": 0.3,
            "stock": 0,
            "eps": 0
        },
        "2013": {
            "cash": 0.3,
            "stock": 0,
            "eps": 0
        },
        "2014": {
            "cash": 0.7,
            "stock": 0,
            "eps": 1.53
        },
        "2015": {
            "cash": 1,
            "stock": 0,
            "eps": 1.05
        },
        "2016": {
            "cash": 0.8,
            "stock": 0,
            "eps": 0.67
        },
        "2017": {
            "cash": 0.5,
            "stock": 0,
            "eps": -0.4
        },
        "2018": {
            "cash": 0.2,
            "stock": 0,
            "eps": -0.62
        },
        "2019": {
            "cash": 0,
            "stock": 0,
            "eps": -1.15
        },
        "2020": {
            "cash": 0,
            "stock": 0,
            "eps": -0.29
        },
        "2021": {
            "cash": 0,
            "stock": 0,
            "eps": 3.38
        },
        "2022": {
            "cash": 2.2,
            "stock": 0,
            "eps": 0.45
        },
        "2023": {
            "cash": 0.24,
            "stock": 0,
            "eps": -1.04
        }
    },
    "dividends": {
        "2006-05-15": {
            "cash": 1.48,
            "stock": 1
        },
        "2007-03-26": {
            "cash": 0.68,
            "stock": 0
        },
        "2009-03-06": {
            "cash": 1.05,
            "stock": 0
        },
        "2010-03-09": {
            "cash": 0.34,
            "stock": 0
        },
        "2011-03-15": {
            "cash": 0.55,
            "stock": 0
        },
        "2012-03-26": {
            "cash": 0.3,
            "stock": 0
        },
        "2013-06-04": {
            "cash": 0.3,
            "stock": 0
        },
        "2014-04-23": {
            "cash": 0.7,
            "stock": 0
        },
        "2015-08-07": {
            "cash": 1,
            "stock": 0
        },
        "2016-08-08": {
            "cash": 0.8,
            "stock": 0
        },
        "2017-08-08": {
            "cash": 0.5,
            "stock": 0
        },
        "2018-09-21": {
            "cash": 0.2,
            "stock": 0
        },
        "2022-08-08": {
            "cash": 2.2,
            "stock": 0
        },
        "2023-08-08": {
            "cash": 0.24,
            "stock": 0
        }
    },
    "prices": {
        "200101": "無",
        "200102": "無",
        "200103": "無",
        "200104": "無",
        "200105": "無",
        "200106": "無",
        "200107": "無",
        "200108": "無",
        "200109": "無",
        "200110": "無",
        "200111": "無",
        "200112": "無",
        "200201": "無",
        "200202": "無",
        "200203": "無",
        "200204": "無",
        "200205": "無",
        "200206": "無",
        "200207": "無",
        "200208": "無",
        "200209": "無",
        "200210": "無",
        "200211": "無",
        "200212": "無",
        "200301": "無",
        "200302": "無",
        "200303": "無",
        "200304": "無",
        "200305": "無",
        "200306": "無",
        "200307": "無",
        "200308": "無",
        "200309": "無",
        "200310": "無",
        "200311": "無",
        "200312": "無",
        "200401": "無",
        "200402": "無",
        "200403": "無",
        "200404": "無",
        "200405": "無",
        "200406": "無",
        "200407": "無",
        "200408": "無",
        "200409": "無",
        "200410": "無",
        "200411": "無",
        "200412": "無",
        "200501": "無",
        "200502": "無",
        "200503": "無",
        "200504": "無",
        "200505": "無",
        "200506": "無",
        "200507": "無",
        "200508": "無",
        "200509": "無",
        "200510": "無",
        "200511": "無",
        "200512": "無",
        "200601": "無",
        "200602": "無",
        "200603": "無",
        "200604": "無",
        "200605": "無",
        "200606": "無",
        "200607": "無",
        "200608": "無",
        "200609": "無",
        "200610": "無",
        "200611": "無",
        "200612": "無",
        "200701": "無",
        "200702": "無",
        "200703": "無",
        "200704": "無",
        "200705": "無",
        "200706": "無",
        "200707": "無",
        "200708": "無",
        "200709": "無",
        "200710": "無",
        "200711": "無",
        "200712": "無",
        "200801": "無",
        "200802": "無",
        "200803": "無",
        "200804": "無",
        "200805": "無",
        "200806": "無",
        "200807": "無",
        "200808": "無",
        "200809": "無",
        "200810": "無",
        "200811": "無",
        "200812": "無",
        "200901": "無",
        "200902": "無",
        "200903": "無",
        "200904": "17.21",
        "200905": "16.09",
        "200906": "16.05",
        "200907": "14.75",
        "200908": "13.24",
        "200909": "13.88",
        "200910": "13.86",
        "200911": "14.00",
        "200912": "13.95",
        "201001": "14.05",
        "201002": "13.39",
        "201003": "13.13",
        "201004": "15.28",
        "201005": "16.83",
        "201006": "16.15",
        "201007": "14.62",
        "201008": "13.56",
        "201009": "13.09",
        "201010": "13.19",
        "201011": "13.82",
        "201012": "13.25",
        "201101": "12.78",
        "201102": "12.94",
        "201103": "12.12",
        "201104": "11.61",
        "201105": "11.92",
        "201106": "12.02",
        "201107": "11.45",
        "201108": "9.38",
        "201109": "8.26",
        "201110": "8.06",
        "201111": "6.70",
        "201112": "5.36",
        "201201": "5.78",
        "201202": "6.71",
        "201203": "6.78",
        "201204": "7.02",
        "201205": "6.68",
        "201206": "5.00",
        "201207": "4.97",
        "201208": "5.39",
        "201209": "5.38",
        "201210": "5.11",
        "201211": "5.06",
        "201212": "4.98",
        "201301": "5.60",
        "201302": "5.39",
        "201303": "6.66",
        "201304": "7.42",
        "201305": "8.96",
        "201306": "9.20",
        "201307": "8.66",
        "201308": "9.62",
        "201309": "10.20",
        "201310": "10.66",
        "201311": "10.45",
        "201312": "12.11",
        "201401": "15.53",
        "201402": "18.19",
        "201403": "17.68",
        "201404": "18.49",
        "201405": "17.55",
        "201406": "18.03",
        "201407": "18.16",
        "201408": "20.08",
        "201409": "21.64",
        "201410": "19.51",
        "201411": "20.04",
        "201412": "19.65",
        "201501": "23.84",
        "201502": "22.58",
        "201503": "22.45",
        "201504": "26.80",
        "201505": "23.18",
        "201506": "20.19",
        "201507": "18.56",
        "201508": "14.20",
        "201509": "14.64",
        "201510": "15.86",
        "201511": "15.65",
        "201512": "15.59",
        "201601": "14.44",
        "201602": "15.30",
        "201603": "19.13",
        "201604": "19.15",
        "201605": "16.83",
        "201606": "16.92",
        "201607": "18.06",
        "201608": "18.63",
        "201609": "17.44",
        "201610": "17.04",
        "201611": "14.83",
        "201612": "15.36",
        "201701": "15.17",
        "201702": "15.80",
        "201703": "15.59",
        "201704": "15.96",
        "201705": "16.44",
        "201706": "16.12",
        "201707": "15.28",
        "201708": "14.77",
        "201709": "15.70",
        "201710": "16.94",
        "201711": "17.02",
        "201712": "16.53",
        "201801": "16.95",
        "201802": "16.74",
        "201803": "17.90",
        "201804": "18.81",
        "201805": "18.34",
        "201806": "18.59",
        "201807": "17.94",
        "201808": "17.12",
        "201809": "15.99",
        "201810": "14.49",
        "201811": "12.97",
        "201812": "14.87",
        "201901": "15.46",
        "201902": "14.12",
        "201903": "13.11",
        "201904": "12.76",
        "201905": "12.15",
        "201906": "12.75",
        "201907": "13.47",
        "201908": "13.42",
        "201909": "13.39",
        "201910": "13.33",
        "201911": "12.20",
        "201912": "11.60",
        "202001": "11.99",
        "202002": "10.97",
        "202003": "9.37",
        "202004": "8.64",
        "202005": "10.86",
        "202006": "10.98",
        "202007": "11.41",
        "202008": "11.06",
        "202009": "11.80",
        "202010": "12.79",
        "202011": "13.33",
        "202012": "19.26",
        "202101": "17.28",
        "202102": "19.51",
        "202103": "29.99",
        "202104": "43.79",
        "202105": "33.96",
        "202106": "38.59",
        "202107": "48.29",
        "202108": "48.71",
        "202109": "48.95",
        "202110": "41.86",
        "202111": "58.03",
        "202112": "60.26",
        "202201": "51.07",
        "202202": "52.75",
        "202203": "56.25",
        "202204": "56.91",
        "202205": "50.50",
        "202206": "44.73",
        "202207": "35.01",
        "202208": "33.75",
        "202209": "28.86",
        "202210": "25.12",
        "202211": "27.08",
        "202212": "26.82",
        "202301": "25.41",
        "202302": "27.72",
        "202303": "27.83",
        "202304": "26.39",
        "202305": "24.91",
        "202306": "25.95",
        "202307": "26.05",
        "202308": "24.22",
        "202309": "28.33",
        "202310": "43.54",
        "202311": "48.44",
        "202312": "47.97"
    },
    "quarters": {
        "20011": {
            "year_quarter": 20011,
            "year": 2001,
            "quarter": 1,
            "eps": null,
            "eps_growth_year": null,
            "eps_4q": null,
            "eps_4q_growth_year": null,
            "roe": null,
            "roe_4q": 0,
            "gross_profit": null,
            "gross_margin": null,
            "gross_margin_4q_avg": 0,
            "net_income": null,
            "net_income_4q": null,
            "revenue": null,
            "revenue_4q": null,
            "common_shares": null,
            "book_valuer_per_share": null,
            "book_valuer_per_share_4q_avg": 0,
            "equity": null,
            "current_ratio": null,
            "debt_ratio": null,
            "inventory_turnover_ratio": null,
            "account_receivable_turnover_ratio": null,
            "reinvestment_rate": null,
            "research_to_sale_ratio": null,
            "price_fair": 0,
            "eps_avg_yearly": 0,
            "eps_latest_yearly": 0,
            "eps_growth_yearly": 0
        },
        "20012": {
            "year_quarter": 20012,
            "year": 2001,
            "quarter": 2,
            "eps": null,
            "eps_growth_year": null,
            "eps_4q": null,
            "eps_4q_growth_year": null,
            "roe": null,
            "roe_4q": 0,
            "gross_profit": null,
            "gross_margin": null,
            "gross_margin_4q_avg": 0,
            "net_income": null,
            "net_income_4q": null,
            "revenue": null,
            "revenue_4q": null,
            "common_shares": null,
            "book_valuer_per_share": null,
            "book_valuer_per_share_4q_avg": 0,
            "equity": null,
            "current_ratio": null,
            "debt_ratio": null,
            "inventory_turnover_ratio": null,
            "account_receivable_turnover_ratio": null,
            "reinvestment_rate": null,
            "research_to_sale_ratio": null,
            "price_fair": 0,
            "eps_avg_yearly": 0,
            "eps_latest_yearly": 0,
            "eps_growth_yearly": 0
        },
        "20013": {
            "year_quarter": 20013,
            "year": 2001,
            "quarter": 3,
            "eps": null,
            "eps_growth_year": null,
            "eps_4q": null,
            "eps_4q_growth_year": null,
            "roe": null,
            "roe_4q": 0,
            "gross_profit": null,
            "gross_margin": null,
            "gross_margin_4q_avg": 0,
            "net_income": null,
            "net_income_4q": null,
            "revenue": null,
            "revenue_4q": null,
            "common_shares": null,
            "book_valuer_per_share": null,
            "book_valuer_per_share_4q_avg": 0,
            "equity": null,
            "current_ratio": null,
            "debt_ratio": null,
            "inventory_turnover_ratio": null,
            "account_receivable_turnover_ratio": null,
            "reinvestment_rate": null,
            "research_to_sale_ratio": null,
            "price_fair": 0,
            "eps_avg_yearly": 0,
            "eps_latest_yearly": 0,
            "eps_growth_yearly": 0
        },
        "20014": {
            "year_quarter": 20014,
            "year": 2001,
            "quarter": 4,
            "eps": null,
            "eps_growth_year": null,
            "eps_4q": null,
            "eps_4q_growth_year": null,
            "roe": null,
            "roe_4q": 0,
            "gross_profit": null,
            "gross_margin": null,
            "gross_margin_4q_avg": 0,
            "net_income": null,
            "net_income_4q": null,
            "revenue": null,
            "revenue_4q": null,
            "common_shares": 275458,
            "book_valuer_per_share": 18.83,
            "book_valuer_per_share_4q_avg": 4.71,
            "equity": 518644,
            "current_ratio": 1886.59,
            "debt_ratio": 6.71,
            "inventory_turnover_ratio": null,
            "account_receivable_turnover_ratio": null,
            "reinvestment_rate": null,
            "research_to_sale_ratio": null,
            "price_fair": 0,
            "eps_avg_yearly": 0,
            "eps_latest_yearly": 0,
            "eps_growth_yearly": 0
        },
        "20021": {
            "year_quarter": 20021,
            "year": 2002,
            "quarter": 1,
            "eps": null,
            "eps_growth_year": null,
            "eps_4q": null,
            "eps_4q_growth_year": null,
            "roe": null,
            "roe_4q": 0,
            "gross_profit": null,
            "gross_margin": null,
            "gross_margin_4q_avg": 0,
            "net_income": null,
            "net_income_4q": null,
            "revenue": null,
            "revenue_4q": null,
            "common_shares": null,
            "book_valuer_per_share": null,
            "book_valuer_per_share_4q_avg": 4.71,
            "equity": null,
            "current_ratio": null,
            "debt_ratio": null,
            "inventory_turnover_ratio": null,
            "account_receivable_turnover_ratio": null,
            "reinvestment_rate": null,
            "research_to_sale_ratio": null,
            "price_fair": 0,
            "eps_avg_yearly": 0,
            "eps_latest_yearly": 0,
            "eps_growth_yearly": 0
        },
        "20022": {
            "year_quarter": 20022,
            "year": 2002,
            "quarter": 2,
            "eps": null,
            "eps_growth_year": null,
            "eps_4q": null,
            "eps_4q_growth_year": null,
            "roe": null,
            "roe_4q": 0,
            "gross_profit": null,
            "gross_margin": null,
            "gross_margin_4q_avg": 0,
            "net_income": null,
            "net_income_4q": null,
            "revenue": null,
            "revenue_4q": null,
            "common_shares": null,
            "book_valuer_per_share": null,
            "book_valuer_per_share_4q_avg": 4.71,
            "equity": null,
            "current_ratio": null,
            "debt_ratio": null,
            "inventory_turnover_ratio": null,
            "account_receivable_turnover_ratio": null,
            "reinvestment_rate": null,
            "research_to_sale_ratio": null,
            "price_fair": 0,
            "eps_avg_yearly": 0,
            "eps_latest_yearly": 0,
            "eps_growth_yearly": 0
        },
        "20023": {
            "year_quarter": 20023,
            "year": 2002,
            "quarter": 3,
            "eps": null,
            "eps_growth_year": null,
            "eps_4q": null,
            "eps_4q_growth_year": null,
            "roe": null,
            "roe_4q": 0,
            "gross_profit": null,
            "gross_margin": null,
            "gross_margin_4q_avg": 0,
            "net_income": null,
            "net_income_4q": null,
            "revenue": null,
            "revenue_4q": null,
            "common_shares": null,
            "book_valuer_per_share": null,
            "book_valuer_per_share_4q_avg": 4.71,
            "equity": null,
            "current_ratio": null,
            "debt_ratio": null,
            "inventory_turnover_ratio": null,
            "account_receivable_turnover_ratio": null,
            "reinvestment_rate": null,
            "research_to_sale_ratio": null,
            "price_fair": 0,
            "eps_avg_yearly": 0,
            "eps_latest_yearly": 0,
            "eps_growth_yearly": 0
        },
        "20024": {
            "year_quarter": 20024,
            "year": 2002,
            "quarter": 4,
            "eps": null,
            "eps_growth_year": null,
            "eps_4q": null,
            "eps_4q_growth_year": null,
            "roe": null,
            "roe_4q": 0,
            "gross_profit": null,
            "gross_margin": null,
            "gross_margin_4q_avg": 0,
            "net_income": null,
            "net_income_4q": null,
            "revenue": null,
            "revenue_4q": null,
            "common_shares": 275458,
            "book_valuer_per_share": 14.27,
            "book_valuer_per_share_4q_avg": 3.57,
            "equity": 393110,
            "current_ratio": 1177.99,
            "debt_ratio": 6.84,
            "inventory_turnover_ratio": null,
            "account_receivable_turnover_ratio": null,
            "reinvestment_rate": null,
            "research_to_sale_ratio": null,
            "price_fair": 0,
            "eps_avg_yearly": 0,
            "eps_latest_yearly": 0,
            "eps_growth_yearly": 0
        },
        "20031": {
            "year_quarter": 20031,
            "year": 2003,
            "quarter": 1,
            "eps": null,
            "eps_growth_year": null,
            "eps_4q": null,
            "eps_4q_growth_year": null,
            "roe": null,
            "roe_4q": 0,
            "gross_profit": null,
            "gross_margin": null,
            "gross_margin_4q_avg": 0,
            "net_income": null,
            "net_income_4q": null,
            "revenue": null,
            "revenue_4q": null,
            "common_shares": null,
            "book_valuer_per_share": null,
            "book_valuer_per_share_4q_avg": 3.57,
            "equity": null,
            "current_ratio": null,
            "debt_ratio": null,
            "inventory_turnover_ratio": null,
            "account_receivable_turnover_ratio": null,
            "reinvestment_rate": null,
            "research_to_sale_ratio": null,
            "price_fair": 0,
            "eps_avg_yearly": 0,
            "eps_latest_yearly": 0,
            "eps_growth_yearly": 0
        },
        "20032": {
            "year_quarter": 20032,
            "year": 2003,
            "quarter": 2,
            "eps": null,
            "eps_growth_year": null,
            "eps_4q": null,
            "eps_4q_growth_year": null,
            "roe": null,
            "roe_4q": 0,
            "gross_profit": null,
            "gross_margin": null,
            "gross_margin_4q_avg": 0,
            "net_income": null,
            "net_income_4q": null,
            "revenue": null,
            "revenue_4q": null,
            "common_shares": null,
            "book_valuer_per_share": null,
            "book_valuer_per_share_4q_avg": 3.57,
            "equity": null,
            "current_ratio": null,
            "debt_ratio": null,
            "inventory_turnover_ratio": null,
            "account_receivable_turnover_ratio": null,
            "reinvestment_rate": null,
            "research_to_sale_ratio": null,
            "price_fair": 0,
            "eps_avg_yearly": 0,
            "eps_latest_yearly": 0,
            "eps_growth_yearly": 0
        },
        "20033": {
            "year_quarter": 20033,
            "year": 2003,
            "quarter": 3,
            "eps": null,
            "eps_growth_year": null,
            "eps_4q": null,
            "eps_4q_growth_year": null,
            "roe": null,
            "roe_4q": 0,
            "gross_profit": null,
            "gross_margin": null,
            "gross_margin_4q_avg": 0,
            "net_income": null,
            "net_income_4q": null,
            "revenue": null,
            "revenue_4q": null,
            "common_shares": null,
            "book_valuer_per_share": null,
            "book_valuer_per_share_4q_avg": 3.57,
            "equity": null,
            "current_ratio": null,
            "debt_ratio": null,
            "inventory_turnover_ratio": null,
            "account_receivable_turnover_ratio": null,
            "reinvestment_rate": null,
            "research_to_sale_ratio": null,
            "price_fair": 0,
            "eps_avg_yearly": 0,
            "eps_latest_yearly": 0,
            "eps_growth_yearly": 0
        },
        "20034": {
            "year_quarter": 20034,
            "year": 2003,
            "quarter": 4,
            "eps": null,
            "eps_growth_year": null,
            "eps_4q": null,
            "eps_4q_growth_year": null,
            "roe": null,
            "roe_4q": 0,
            "gross_profit": null,
            "gross_margin": null,
            "gross_margin_4q_avg": 0,
            "net_income": null,
            "net_income_4q": null,
            "revenue": null,
            "revenue_4q": null,
            "common_shares": 275458,
            "book_valuer_per_share": 11.85,
            "book_valuer_per_share_4q_avg": 2.96,
            "equity": 326335,
            "current_ratio": 581.75,
            "debt_ratio": 12.59,
            "inventory_turnover_ratio": null,
            "account_receivable_turnover_ratio": null,
            "reinvestment_rate": null,
            "research_to_sale_ratio": null,
            "price_fair": 0,
            "eps_avg_yearly": 0,
            "eps_latest_yearly": 0,
            "eps_growth_yearly": 0
        },
        "20041": {
            "year_quarter": 20041,
            "year": 2004,
            "quarter": 1,
            "eps": null,
            "eps_growth_year": null,
            "eps_4q": null,
            "eps_4q_growth_year": null,
            "roe": null,
            "roe_4q": 0,
            "gross_profit": null,
            "gross_margin": null,
            "gross_margin_4q_avg": 0,
            "net_income": null,
            "net_income_4q": null,
            "revenue": null,
            "revenue_4q": null,
            "common_shares": null,
            "book_valuer_per_share": null,
            "book_valuer_per_share_4q_avg": 2.96,
            "equity": null,
            "current_ratio": null,
            "debt_ratio": null,
            "inventory_turnover_ratio": null,
            "account_receivable_turnover_ratio": null,
            "reinvestment_rate": null,
            "research_to_sale_ratio": null,
            "price_fair": 0,
            "eps_avg_yearly": 0,
            "eps_latest_yearly": 0,
            "eps_growth_yearly": 0
        },
        "20042": {
            "year_quarter": 20042,
            "year": 2004,
            "quarter": 2,
            "eps": null,
            "eps_growth_year": null,
            "eps_4q": null,
            "eps_4q_growth_year": null,
            "roe": null,
            "roe_4q": 0,
            "gross_profit": null,
            "gross_margin": null,
            "gross_margin_4q_avg": 0,
            "net_income": null,
            "net_income_4q": null,
            "revenue": null,
            "revenue_4q": null,
            "common_shares": null,
            "book_valuer_per_share": null,
            "book_valuer_per_share_4q_avg": 2.96,
            "equity": null,
            "current_ratio": null,
            "debt_ratio": null,
            "inventory_turnover_ratio": null,
            "account_receivable_turnover_ratio": null,
            "reinvestment_rate": null,
            "research_to_sale_ratio": null,
            "price_fair": 0,
            "eps_avg_yearly": 0,
            "eps_latest_yearly": 0,
            "eps_growth_yearly": 0
        },
        "20043": {
            "year_quarter": 20043,
            "year": 2004,
            "quarter": 3,
            "eps": null,
            "eps_growth_year": null,
            "eps_4q": null,
            "eps_4q_growth_year": null,
            "roe": null,
            "roe_4q": 0,
            "gross_profit": null,
            "gross_margin": null,
            "gross_margin_4q_avg": 0,
            "net_income": null,
            "net_income_4q": null,
            "revenue": null,
            "revenue_4q": null,
            "common_shares": null,
            "book_valuer_per_share": null,
            "book_valuer_per_share_4q_avg": 2.96,
            "equity": null,
            "current_ratio": null,
            "debt_ratio": null,
            "inventory_turnover_ratio": null,
            "account_receivable_turnover_ratio": null,
            "reinvestment_rate": null,
            "research_to_sale_ratio": null,
            "price_fair": 0,
            "eps_avg_yearly": 0,
            "eps_latest_yearly": 0,
            "eps_growth_yearly": 0
        },
        "20044": {
            "year_quarter": 20044,
            "year": 2004,
            "quarter": 4,
            "eps": null,
            "eps_growth_year": null,
            "eps_4q": null,
            "eps_4q_growth_year": null,
            "roe": null,
            "roe_4q": 0,
            "gross_profit": null,
            "gross_margin": null,
            "gross_margin_4q_avg": 0,
            "net_income": null,
            "net_income_4q": null,
            "revenue": null,
            "revenue_4q": null,
            "common_shares": 275458,
            "book_valuer_per_share": 11.5,
            "book_valuer_per_share_4q_avg": 2.88,
            "equity": 316772,
            "current_ratio": 462.67,
            "debt_ratio": 16.27,
            "inventory_turnover_ratio": null,
            "account_receivable_turnover_ratio": null,
            "reinvestment_rate": null,
            "research_to_sale_ratio": null,
            "price_fair": 0,
            "eps_avg_yearly": 0,
            "eps_latest_yearly": 0,
            "eps_growth_yearly": 0
        },
        "20051": {
            "year_quarter": 20051,
            "year": 2005,
            "quarter": 1,
            "eps": null,
            "eps_growth_year": null,
            "eps_4q": null,
            "eps_4q_growth_year": null,
            "roe": null,
            "roe_4q": 0,
            "gross_profit": null,
            "gross_margin": null,
            "gross_margin_4q_avg": 0,
            "net_income": null,
            "net_income_4q": null,
            "revenue": null,
            "revenue_4q": null,
            "common_shares": null,
            "book_valuer_per_share": null,
            "book_valuer_per_share_4q_avg": 2.88,
            "equity": null,
            "current_ratio": null,
            "debt_ratio": null,
            "inventory_turnover_ratio": null,
            "account_receivable_turnover_ratio": null,
            "reinvestment_rate": null,
            "research_to_sale_ratio": null,
            "price_fair": 0,
            "eps_avg_yearly": 0,
            "eps_latest_yearly": 0,
            "eps_growth_yearly": 0
        },
        "20052": {
            "year_quarter": 20052,
            "year": 2005,
            "quarter": 2,
            "eps": null,
            "eps_growth_year": null,
            "eps_4q": null,
            "eps_4q_growth_year": null,
            "roe": null,
            "roe_4q": 0,
            "gross_profit": null,
            "gross_margin": null,
            "gross_margin_4q_avg": 0,
            "net_income": null,
            "net_income_4q": null,
            "revenue": null,
            "revenue_4q": null,
            "common_shares": null,
            "book_valuer_per_share": null,
            "book_valuer_per_share_4q_avg": 2.88,
            "equity": null,
            "current_ratio": null,
            "debt_ratio": null,
            "inventory_turnover_ratio": null,
            "account_receivable_turnover_ratio": null,
            "reinvestment_rate": null,
            "research_to_sale_ratio": null,
            "price_fair": 0,
            "eps_avg_yearly": 0,
            "eps_latest_yearly": 0,
            "eps_growth_yearly": 0
        },
        "20053": {
            "year_quarter": 20053,
            "year": 2005,
            "quarter": 3,
            "eps": null,
            "eps_growth_year": null,
            "eps_4q": null,
            "eps_4q_growth_year": null,
            "roe": null,
            "roe_4q": 0,
            "gross_profit": null,
            "gross_margin": null,
            "gross_margin_4q_avg": 0,
            "net_income": null,
            "net_income_4q": null,
            "revenue": null,
            "revenue_4q": null,
            "common_shares": null,
            "book_valuer_per_share": null,
            "book_valuer_per_share_4q_avg": 2.88,
            "equity": null,
            "current_ratio": null,
            "debt_ratio": null,
            "inventory_turnover_ratio": null,
            "account_receivable_turnover_ratio": null,
            "reinvestment_rate": null,
            "research_to_sale_ratio": null,
            "price_fair": 0,
            "eps_avg_yearly": 0,
            "eps_latest_yearly": 0,
            "eps_growth_yearly": 0
        },
        "20054": {
            "year_quarter": 20054,
            "year": 2005,
            "quarter": 4,
            "eps": null,
            "eps_growth_year": null,
            "eps_4q": null,
            "eps_4q_growth_year": null,
            "roe": null,
            "roe_4q": 0,
            "gross_profit": null,
            "gross_margin": null,
            "gross_margin_4q_avg": 0,
            "net_income": null,
            "net_income_4q": null,
            "revenue": null,
            "revenue_4q": null,
            "common_shares": 275458,
            "book_valuer_per_share": 10.09,
            "book_valuer_per_share_4q_avg": 2.52,
            "equity": 277844,
            "current_ratio": 556.49,
            "debt_ratio": 17.22,
            "inventory_turnover_ratio": null,
            "account_receivable_turnover_ratio": null,
            "reinvestment_rate": null,
            "research_to_sale_ratio": null,
            "price_fair": 0,
            "eps_avg_yearly": 0,
            "eps_latest_yearly": 0,
            "eps_growth_yearly": 0
        },
        "20061": {
            "year_quarter": 20061,
            "year": 2006,
            "quarter": 1,
            "eps": null,
            "eps_growth_year": null,
            "eps_4q": null,
            "eps_4q_growth_year": null,
            "roe": null,
            "roe_4q": 0,
            "gross_profit": null,
            "gross_margin": null,
            "gross_margin_4q_avg": 0,
            "net_income": null,
            "net_income_4q": null,
            "revenue": null,
            "revenue_4q": null,
            "common_shares": null,
            "book_valuer_per_share": null,
            "book_valuer_per_share_4q_avg": 2.52,
            "equity": null,
            "current_ratio": null,
            "debt_ratio": null,
            "inventory_turnover_ratio": null,
            "account_receivable_turnover_ratio": null,
            "reinvestment_rate": null,
            "research_to_sale_ratio": null,
            "price_fair": 0,
            "eps_avg_yearly": 0,
            "eps_latest_yearly": 0,
            "eps_growth_yearly": 0
        },
        "20062": {
            "year_quarter": 20062,
            "year": 2006,
            "quarter": 2,
            "eps": null,
            "eps_growth_year": null,
            "eps_4q": null,
            "eps_4q_growth_year": null,
            "roe": null,
            "roe_4q": 0,
            "gross_profit": null,
            "gross_margin": null,
            "gross_margin_4q_avg": 0,
            "net_income": null,
            "net_income_4q": null,
            "revenue": null,
            "revenue_4q": null,
            "common_shares": null,
            "book_valuer_per_share": null,
            "book_valuer_per_share_4q_avg": 2.52,
            "equity": null,
            "current_ratio": null,
            "debt_ratio": null,
            "inventory_turnover_ratio": null,
            "account_receivable_turnover_ratio": null,
            "reinvestment_rate": null,
            "research_to_sale_ratio": null,
            "price_fair": 0,
            "eps_avg_yearly": 0,
            "eps_latest_yearly": 0,
            "eps_growth_yearly": 0
        },
        "20063": {
            "year_quarter": 20063,
            "year": 2006,
            "quarter": 3,
            "eps": null,
            "eps_growth_year": null,
            "eps_4q": null,
            "eps_4q_growth_year": null,
            "roe": null,
            "roe_4q": 0,
            "gross_profit": null,
            "gross_margin": null,
            "gross_margin_4q_avg": 0,
            "net_income": null,
            "net_income_4q": null,
            "revenue": null,
            "revenue_4q": null,
            "common_shares": null,
            "book_valuer_per_share": null,
            "book_valuer_per_share_4q_avg": 2.52,
            "equity": null,
            "current_ratio": null,
            "debt_ratio": null,
            "inventory_turnover_ratio": null,
            "account_receivable_turnover_ratio": null,
            "reinvestment_rate": null,
            "research_to_sale_ratio": null,
            "price_fair": 0,
            "eps_avg_yearly": 0,
            "eps_latest_yearly": 0,
            "eps_growth_yearly": 0
        },
        "20064": {
            "year_quarter": 20064,
            "year": 2006,
            "quarter": 4,
            "eps": null,
            "eps_growth_year": null,
            "eps_4q": null,
            "eps_4q_growth_year": null,
            "roe": null,
            "roe_4q": 0,
            "gross_profit": null,
            "gross_margin": null,
            "gross_margin_4q_avg": 0,
            "net_income": null,
            "net_income_4q": null,
            "revenue": null,
            "revenue_4q": null,
            "common_shares": 275458,
            "book_valuer_per_share": 11.37,
            "book_valuer_per_share_4q_avg": 2.84,
            "equity": 313288,
            "current_ratio": 343.55,
            "debt_ratio": 29.84,
            "inventory_turnover_ratio": null,
            "account_receivable_turnover_ratio": null,
            "reinvestment_rate": null,
            "research_to_sale_ratio": null,
            "price_fair": 0,
            "eps_avg_yearly": 0,
            "eps_latest_yearly": 0,
            "eps_growth_yearly": 0
        },
        "20071": {
            "year_quarter": 20071,
            "year": 2007,
            "quarter": 1,
            "eps": null,
            "eps_growth_year": null,
            "eps_4q": null,
            "eps_4q_growth_year": null,
            "roe": null,
            "roe_4q": 0,
            "gross_profit": null,
            "gross_margin": null,
            "gross_margin_4q_avg": 0,
            "net_income": null,
            "net_income_4q": null,
            "revenue": null,
            "revenue_4q": null,
            "common_shares": null,
            "book_valuer_per_share": null,
            "book_valuer_per_share_4q_avg": 2.84,
            "equity": null,
            "current_ratio": null,
            "debt_ratio": null,
            "inventory_turnover_ratio": null,
            "account_receivable_turnover_ratio": null,
            "reinvestment_rate": null,
            "research_to_sale_ratio": null,
            "price_fair": 0,
            "eps_avg_yearly": 0,
            "eps_latest_yearly": 0,
            "eps_growth_yearly": 0
        },
        "20072": {
            "year_quarter": 20072,
            "year": 2007,
            "quarter": 2,
            "eps": null,
            "eps_growth_year": null,
            "eps_4q": null,
            "eps_4q_growth_year": null,
            "roe": null,
            "roe_4q": 0,
            "gross_profit": null,
            "gross_margin": null,
            "gross_margin_4q_avg": 0,
            "net_income": null,
            "net_income_4q": null,
            "revenue": null,
            "revenue_4q": null,
            "common_shares": null,
            "book_valuer_per_share": null,
            "book_valuer_per_share_4q_avg": 2.84,
            "equity": null,
            "current_ratio": null,
            "debt_ratio": null,
            "inventory_turnover_ratio": null,
            "account_receivable_turnover_ratio": null,
            "reinvestment_rate": null,
            "research_to_sale_ratio": null,
            "price_fair": 0,
            "eps_avg_yearly": 0,
            "eps_latest_yearly": 0,
            "eps_growth_yearly": 0
        },
        "20073": {
            "year_quarter": 20073,
            "year": 2007,
            "quarter": 3,
            "eps": null,
            "eps_growth_year": null,
            "eps_4q": null,
            "eps_4q_growth_year": null,
            "roe": null,
            "roe_4q": 0,
            "gross_profit": null,
            "gross_margin": null,
            "gross_margin_4q_avg": 0,
            "net_income": null,
            "net_income_4q": null,
            "revenue": null,
            "revenue_4q": null,
            "common_shares": null,
            "book_valuer_per_share": null,
            "book_valuer_per_share_4q_avg": 2.84,
            "equity": null,
            "current_ratio": null,
            "debt_ratio": null,
            "inventory_turnover_ratio": null,
            "account_receivable_turnover_ratio": null,
            "reinvestment_rate": null,
            "research_to_sale_ratio": null,
            "price_fair": 0,
            "eps_avg_yearly": 0,
            "eps_latest_yearly": 0,
            "eps_growth_yearly": 0
        },
        "20074": {
            "year_quarter": 20074,
            "year": 2007,
            "quarter": 4,
            "eps": null,
            "eps_growth_year": null,
            "eps_4q": null,
            "eps_4q_growth_year": null,
            "roe": null,
            "roe_4q": 0,
            "gross_profit": null,
            "gross_margin": null,
            "gross_margin_4q_avg": 0,
            "net_income": null,
            "net_income_4q": null,
            "revenue": null,
            "revenue_4q": null,
            "common_shares": 291728,
            "book_valuer_per_share": 14.26,
            "book_valuer_per_share_4q_avg": 3.57,
            "equity": 415952,
            "current_ratio": 545.19,
            "debt_ratio": 18.82,
            "inventory_turnover_ratio": null,
            "account_receivable_turnover_ratio": null,
            "reinvestment_rate": null,
            "research_to_sale_ratio": null,
            "price_fair": 0,
            "eps_avg_yearly": 0,
            "eps_latest_yearly": 0,
            "eps_growth_yearly": 0
        },
        "20081": {
            "year_quarter": 20081,
            "year": 2008,
            "quarter": 1,
            "eps": null,
            "eps_growth_year": null,
            "eps_4q": null,
            "eps_4q_growth_year": null,
            "roe": null,
            "roe_4q": 0,
            "gross_profit": null,
            "gross_margin": null,
            "gross_margin_4q_avg": 0,
            "net_income": null,
            "net_income_4q": null,
            "revenue": null,
            "revenue_4q": null,
            "common_shares": null,
            "book_valuer_per_share": null,
            "book_valuer_per_share_4q_avg": 3.57,
            "equity": null,
            "current_ratio": null,
            "debt_ratio": null,
            "inventory_turnover_ratio": null,
            "account_receivable_turnover_ratio": null,
            "reinvestment_rate": null,
            "research_to_sale_ratio": null,
            "price_fair": 0,
            "eps_avg_yearly": 0,
            "eps_latest_yearly": 0,
            "eps_growth_yearly": 0
        },
        "20082": {
            "year_quarter": 20082,
            "year": 2008,
            "quarter": 2,
            "eps": null,
            "eps_growth_year": null,
            "eps_4q": null,
            "eps_4q_growth_year": null,
            "roe": null,
            "roe_4q": 0,
            "gross_profit": null,
            "gross_margin": null,
            "gross_margin_4q_avg": 0,
            "net_income": null,
            "net_income_4q": null,
            "revenue": null,
            "revenue_4q": null,
            "common_shares": null,
            "book_valuer_per_share": null,
            "book_valuer_per_share_4q_avg": 3.57,
            "equity": null,
            "current_ratio": null,
            "debt_ratio": null,
            "inventory_turnover_ratio": null,
            "account_receivable_turnover_ratio": null,
            "reinvestment_rate": null,
            "research_to_sale_ratio": null,
            "price_fair": 0,
            "eps_avg_yearly": 0,
            "eps_latest_yearly": 0,
            "eps_growth_yearly": 0
        },
        "20083": {
            "year_quarter": 20083,
            "year": 2008,
            "quarter": 3,
            "eps": null,
            "eps_growth_year": null,
            "eps_4q": null,
            "eps_4q_growth_year": null,
            "roe": null,
            "roe_4q": 0,
            "gross_profit": null,
            "gross_margin": null,
            "gross_margin_4q_avg": 0,
            "net_income": null,
            "net_income_4q": null,
            "revenue": null,
            "revenue_4q": null,
            "common_shares": null,
            "book_valuer_per_share": null,
            "book_valuer_per_share_4q_avg": 3.57,
            "equity": null,
            "current_ratio": null,
            "debt_ratio": null,
            "inventory_turnover_ratio": null,
            "account_receivable_turnover_ratio": null,
            "reinvestment_rate": null,
            "research_to_sale_ratio": null,
            "price_fair": 0,
            "eps_avg_yearly": 0,
            "eps_latest_yearly": 0,
            "eps_growth_yearly": 0
        },
        "20084": {
            "year_quarter": 20084,
            "year": 2008,
            "quarter": 4,
            "eps": null,
            "eps_growth_year": null,
            "eps_4q": null,
            "eps_4q_growth_year": null,
            "roe": null,
            "roe_4q": 0,
            "gross_profit": null,
            "gross_margin": null,
            "gross_margin_4q_avg": 0,
            "net_income": null,
            "net_income_4q": null,
            "revenue": null,
            "revenue_4q": null,
            "common_shares": 341275,
            "book_valuer_per_share": 11.97,
            "book_valuer_per_share_4q_avg": 2.99,
            "equity": 408399,
            "current_ratio": 496.34,
            "debt_ratio": 19.96,
            "inventory_turnover_ratio": null,
            "account_receivable_turnover_ratio": null,
            "reinvestment_rate": null,
            "research_to_sale_ratio": null,
            "price_fair": 0,
            "eps_avg_yearly": 0,
            "eps_latest_yearly": 0,
            "eps_growth_yearly": 0
        },
        "20091": {
            "year_quarter": 20091,
            "year": 2009,
            "quarter": 1,
            "eps": null,
            "eps_growth_year": null,
            "eps_4q": null,
            "eps_4q_growth_year": null,
            "roe": null,
            "roe_4q": 0,
            "gross_profit": null,
            "gross_margin": null,
            "gross_margin_4q_avg": 0,
            "net_income": null,
            "net_income_4q": null,
            "revenue": null,
            "revenue_4q": null,
            "common_shares": null,
            "book_valuer_per_share": null,
            "book_valuer_per_share_4q_avg": 2.99,
            "equity": null,
            "current_ratio": null,
            "debt_ratio": null,
            "inventory_turnover_ratio": null,
            "account_receivable_turnover_ratio": null,
            "reinvestment_rate": null,
            "research_to_sale_ratio": null,
            "price_fair": 0,
            "eps_avg_yearly": 0,
            "eps_latest_yearly": 0,
            "eps_growth_yearly": 0
        },
        "20092": {
            "year_quarter": 20092,
            "year": 2009,
            "quarter": 2,
            "eps": null,
            "eps_growth_year": null,
            "eps_4q": null,
            "eps_4q_growth_year": null,
            "roe": null,
            "roe_4q": 0,
            "gross_profit": null,
            "gross_margin": null,
            "gross_margin_4q_avg": 0,
            "net_income": null,
            "net_income_4q": null,
            "revenue": null,
            "revenue_4q": null,
            "common_shares": 341275,
            "book_valuer_per_share": null,
            "book_valuer_per_share_4q_avg": 2.99,
            "equity": 390933,
            "current_ratio": null,
            "debt_ratio": null,
            "inventory_turnover_ratio": null,
            "account_receivable_turnover_ratio": null,
            "reinvestment_rate": null,
            "research_to_sale_ratio": null,
            "price_fair": 0,
            "eps_avg_yearly": 0,
            "eps_latest_yearly": 0,
            "eps_growth_yearly": 0
        },
        "20093": {
            "year_quarter": 20093,
            "year": 2009,
            "quarter": 3,
            "eps": null,
            "eps_growth_year": null,
            "eps_4q": null,
            "eps_4q_growth_year": null,
            "roe": null,
            "roe_4q": 0,
            "gross_profit": null,
            "gross_margin": null,
            "gross_margin_4q_avg": 0,
            "net_income": null,
            "net_income_4q": null,
            "revenue": null,
            "revenue_4q": null,
            "common_shares": null,
            "book_valuer_per_share": null,
            "book_valuer_per_share_4q_avg": 2.99,
            "equity": null,
            "current_ratio": null,
            "debt_ratio": null,
            "inventory_turnover_ratio": null,
            "account_receivable_turnover_ratio": null,
            "reinvestment_rate": null,
            "research_to_sale_ratio": null,
            "price_fair": 0,
            "eps_avg_yearly": 0,
            "eps_latest_yearly": 0,
            "eps_growth_yearly": 0
        },
        "20094": {
            "year_quarter": 20094,
            "year": 2009,
            "quarter": 4,
            "eps": null,
            "eps_growth_year": null,
            "eps_4q": null,
            "eps_4q_growth_year": null,
            "roe": null,
            "roe_4q": 0,
            "gross_profit": null,
            "gross_margin": null,
            "gross_margin_4q_avg": 0,
            "net_income": null,
            "net_income_4q": null,
            "revenue": null,
            "revenue_4q": null,
            "common_shares": 345779,
            "book_valuer_per_share": 11.43,
            "book_valuer_per_share_4q_avg": 2.86,
            "equity": 395263,
            "current_ratio": 653.81,
            "debt_ratio": 14.1,
            "inventory_turnover_ratio": null,
            "account_receivable_turnover_ratio": null,
            "reinvestment_rate": null,
            "research_to_sale_ratio": null,
            "price_fair": 0,
            "eps_avg_yearly": 0,
            "eps_latest_yearly": 0,
            "eps_growth_yearly": 0
        },
        "20101": {
            "year_quarter": 20101,
            "year": 2010,
            "quarter": 1,
            "eps": null,
            "eps_growth_year": null,
            "eps_4q": null,
            "eps_4q_growth_year": null,
            "roe": null,
            "roe_4q": 0,
            "gross_profit": null,
            "gross_margin": null,
            "gross_margin_4q_avg": 0,
            "net_income": null,
            "net_income_4q": null,
            "revenue": null,
            "revenue_4q": null,
            "common_shares": null,
            "book_valuer_per_share": null,
            "book_valuer_per_share_4q_avg": 2.86,
            "equity": null,
            "current_ratio": null,
            "debt_ratio": null,
            "inventory_turnover_ratio": null,
            "account_receivable_turnover_ratio": null,
            "reinvestment_rate": null,
            "research_to_sale_ratio": null,
            "price_fair": 0,
            "eps_avg_yearly": 0,
            "eps_latest_yearly": 0,
            "eps_growth_yearly": 0
        },
        "20102": {
            "year_quarter": 20102,
            "year": 2010,
            "quarter": 2,
            "eps": null,
            "eps_growth_year": null,
            "eps_4q": null,
            "eps_4q_growth_year": null,
            "roe": null,
            "roe_4q": 0,
            "gross_profit": null,
            "gross_margin": null,
            "gross_margin_4q_avg": 0,
            "net_income": null,
            "net_income_4q": null,
            "revenue": null,
            "revenue_4q": null,
            "common_shares": 355079,
            "book_valuer_per_share": 11.31,
            "book_valuer_per_share_4q_avg": 5.69,
            "equity": 401603,
            "current_ratio": 407.56,
            "debt_ratio": 21.49,
            "inventory_turnover_ratio": null,
            "account_receivable_turnover_ratio": null,
            "reinvestment_rate": null,
            "research_to_sale_ratio": null,
            "price_fair": 0,
            "eps_avg_yearly": 0,
            "eps_latest_yearly": 0,
            "eps_growth_yearly": 0
        },
        "20103": {
            "year_quarter": 20103,
            "year": 2010,
            "quarter": 3,
            "eps": null,
            "eps_growth_year": null,
            "eps_4q": null,
            "eps_4q_growth_year": null,
            "roe": null,
            "roe_4q": 0,
            "gross_profit": null,
            "gross_margin": null,
            "gross_margin_4q_avg": 0,
            "net_income": null,
            "net_income_4q": null,
            "revenue": null,
            "revenue_4q": null,
            "common_shares": null,
            "book_valuer_per_share": null,
            "book_valuer_per_share_4q_avg": 5.69,
            "equity": null,
            "current_ratio": null,
            "debt_ratio": null,
            "inventory_turnover_ratio": null,
            "account_receivable_turnover_ratio": null,
            "reinvestment_rate": null,
            "research_to_sale_ratio": null,
            "price_fair": 0,
            "eps_avg_yearly": 0,
            "eps_latest_yearly": 0,
            "eps_growth_yearly": 0
        },
        "20104": {
            "year_quarter": 20104,
            "year": 2010,
            "quarter": 4,
            "eps": null,
            "eps_growth_year": null,
            "eps_4q": null,
            "eps_4q_growth_year": null,
            "roe": null,
            "roe_4q": 0,
            "gross_profit": null,
            "gross_margin": null,
            "gross_margin_4q_avg": 0,
            "net_income": null,
            "net_income_4q": null,
            "revenue": null,
            "revenue_4q": null,
            "common_shares": 358809,
            "book_valuer_per_share": 11.9,
            "book_valuer_per_share_4q_avg": 5.8,
            "equity": 409989,
            "current_ratio": 445.13,
            "debt_ratio": 19.98,
            "inventory_turnover_ratio": null,
            "account_receivable_turnover_ratio": null,
            "reinvestment_rate": null,
            "research_to_sale_ratio": null,
            "price_fair": 0,
            "eps_avg_yearly": 0,
            "eps_latest_yearly": 0,
            "eps_growth_yearly": 0
        },
        "20111": {
            "year_quarter": 20111,
            "year": 2011,
            "quarter": 1,
            "eps": null,
            "eps_growth_year": null,
            "eps_4q": null,
            "eps_4q_growth_year": null,
            "roe": null,
            "roe_4q": 0,
            "gross_profit": null,
            "gross_margin": null,
            "gross_margin_4q_avg": 0,
            "net_income": null,
            "net_income_4q": null,
            "revenue": null,
            "revenue_4q": null,
            "common_shares": null,
            "book_valuer_per_share": null,
            "book_valuer_per_share_4q_avg": 5.8,
            "equity": null,
            "current_ratio": null,
            "debt_ratio": null,
            "inventory_turnover_ratio": null,
            "account_receivable_turnover_ratio": null,
            "reinvestment_rate": null,
            "research_to_sale_ratio": null,
            "price_fair": 0,
            "eps_avg_yearly": 0,
            "eps_latest_yearly": 0,
            "eps_growth_yearly": 0
        },
        "20112": {
            "year_quarter": 20112,
            "year": 2011,
            "quarter": 2,
            "eps": null,
            "eps_growth_year": null,
            "eps_4q": null,
            "eps_4q_growth_year": null,
            "roe": null,
            "roe_4q": 0,
            "gross_profit": null,
            "gross_margin": null,
            "gross_margin_4q_avg": 0,
            "net_income": null,
            "net_income_4q": null,
            "revenue": null,
            "revenue_4q": null,
            "common_shares": 359629,
            "book_valuer_per_share": 11.08,
            "book_valuer_per_share_4q_avg": 5.75,
            "equity": 398299,
            "current_ratio": 406.06,
            "debt_ratio": 21.95,
            "inventory_turnover_ratio": null,
            "account_receivable_turnover_ratio": null,
            "reinvestment_rate": null,
            "research_to_sale_ratio": null,
            "price_fair": 0,
            "eps_avg_yearly": 0,
            "eps_latest_yearly": 0,
            "eps_growth_yearly": 0
        },
        "20113": {
            "year_quarter": 20113,
            "year": 2011,
            "quarter": 3,
            "eps": null,
            "eps_growth_year": null,
            "eps_4q": null,
            "eps_4q_growth_year": null,
            "roe": null,
            "roe_4q": 0,
            "gross_profit": null,
            "gross_margin": null,
            "gross_margin_4q_avg": 0,
            "net_income": null,
            "net_income_4q": null,
            "revenue": null,
            "revenue_4q": null,
            "common_shares": null,
            "book_valuer_per_share": null,
            "book_valuer_per_share_4q_avg": 5.75,
            "equity": null,
            "current_ratio": null,
            "debt_ratio": null,
            "inventory_turnover_ratio": null,
            "account_receivable_turnover_ratio": null,
            "reinvestment_rate": null,
            "research_to_sale_ratio": null,
            "price_fair": 0,
            "eps_avg_yearly": 0,
            "eps_latest_yearly": 0,
            "eps_growth_yearly": 0
        },
        "20114": {
            "year_quarter": 20114,
            "year": 2011,
            "quarter": 4,
            "eps": null,
            "eps_growth_year": null,
            "eps_4q": null,
            "eps_4q_growth_year": null,
            "roe": null,
            "roe_4q": 0,
            "gross_profit": null,
            "gross_margin": null,
            "gross_margin_4q_avg": 0,
            "net_income": null,
            "net_income_4q": null,
            "revenue": null,
            "revenue_4q": null,
            "common_shares": 359629,
            "book_valuer_per_share": 11.46,
            "book_valuer_per_share_4q_avg": 5.64,
            "equity": 397282,
            "current_ratio": 449.39,
            "debt_ratio": 20.16,
            "inventory_turnover_ratio": null,
            "account_receivable_turnover_ratio": null,
            "reinvestment_rate": null,
            "research_to_sale_ratio": null,
            "price_fair": 0,
            "eps_avg_yearly": 0,
            "eps_latest_yearly": 0,
            "eps_growth_yearly": 0
        },
        "20121": {
            "year_quarter": 20121,
            "year": 2012,
            "quarter": 1,
            "eps": null,
            "eps_growth_year": null,
            "eps_4q": null,
            "eps_4q_growth_year": null,
            "roe": null,
            "roe_4q": 0,
            "gross_profit": null,
            "gross_margin": null,
            "gross_margin_4q_avg": 0,
            "net_income": null,
            "net_income_4q": null,
            "revenue": null,
            "revenue_4q": null,
            "common_shares": null,
            "book_valuer_per_share": null,
            "book_valuer_per_share_4q_avg": 5.64,
            "equity": null,
            "current_ratio": null,
            "debt_ratio": null,
            "inventory_turnover_ratio": null,
            "account_receivable_turnover_ratio": null,
            "reinvestment_rate": null,
            "research_to_sale_ratio": null,
            "price_fair": 0,
            "eps_avg_yearly": 0,
            "eps_latest_yearly": 0,
            "eps_growth_yearly": 0
        },
        "20122": {
            "year_quarter": 20122,
            "year": 2012,
            "quarter": 2,
            "eps": null,
            "eps_growth_year": null,
            "eps_4q": null,
            "eps_4q_growth_year": null,
            "roe": null,
            "roe_4q": 0,
            "gross_profit": null,
            "gross_margin": null,
            "gross_margin_4q_avg": 0,
            "net_income": null,
            "net_income_4q": null,
            "revenue": null,
            "revenue_4q": null,
            "common_shares": 359629,
            "book_valuer_per_share": 11.17,
            "book_valuer_per_share_4q_avg": 5.66,
            "equity": 387200,
            "current_ratio": 526.07,
            "debt_ratio": 17.53,
            "inventory_turnover_ratio": null,
            "account_receivable_turnover_ratio": null,
            "reinvestment_rate": null,
            "research_to_sale_ratio": null,
            "price_fair": 0,
            "eps_avg_yearly": 0,
            "eps_latest_yearly": 0,
            "eps_growth_yearly": 0
        },
        "20123": {
            "year_quarter": 20123,
            "year": 2012,
            "quarter": 3,
            "eps": null,
            "eps_growth_year": null,
            "eps_4q": null,
            "eps_4q_growth_year": null,
            "roe": null,
            "roe_4q": 0,
            "gross_profit": null,
            "gross_margin": null,
            "gross_margin_4q_avg": 0,
            "net_income": null,
            "net_income_4q": null,
            "revenue": null,
            "revenue_4q": null,
            "common_shares": null,
            "book_valuer_per_share": null,
            "book_valuer_per_share_4q_avg": 5.66,
            "equity": null,
            "current_ratio": null,
            "debt_ratio": null,
            "inventory_turnover_ratio": null,
            "account_receivable_turnover_ratio": null,
            "reinvestment_rate": null,
            "research_to_sale_ratio": null,
            "price_fair": 0,
            "eps_avg_yearly": 0,
            "eps_latest_yearly": 0,
            "eps_growth_yearly": 0
        },
        "20124": {
            "year_quarter": 20124,
            "year": 2012,
            "quarter": 4,
            "eps": null,
            "eps_growth_year": null,
            "eps_4q": null,
            "eps_4q_growth_year": null,
            "roe": null,
            "roe_4q": 0,
            "gross_profit": null,
            "gross_margin": null,
            "gross_margin_4q_avg": 0,
            "net_income": null,
            "net_income_4q": null,
            "revenue": null,
            "revenue_4q": null,
            "common_shares": 355309,
            "book_valuer_per_share": 11.67,
            "book_valuer_per_share_4q_avg": 5.71,
            "equity": 401588,
            "current_ratio": 562,
            "debt_ratio": 16.82,
            "inventory_turnover_ratio": null,
            "account_receivable_turnover_ratio": null,
            "reinvestment_rate": null,
            "research_to_sale_ratio": null,
            "price_fair": 0,
            "eps_avg_yearly": 0,
            "eps_latest_yearly": 0,
            "eps_growth_yearly": 0
        },
        "20131": {
            "year_quarter": 20131,
            "year": 2013,
            "quarter": 1,
            "eps": null,
            "eps_growth_year": null,
            "eps_4q": null,
            "eps_4q_growth_year": null,
            "roe": null,
            "roe_4q": 0,
            "gross_profit": null,
            "gross_margin": null,
            "gross_margin_4q_avg": 0,
            "net_income": null,
            "net_income_4q": null,
            "revenue": null,
            "revenue_4q": null,
            "common_shares": null,
            "book_valuer_per_share": null,
            "book_valuer_per_share_4q_avg": 5.71,
            "equity": null,
            "current_ratio": null,
            "debt_ratio": null,
            "inventory_turnover_ratio": null,
            "account_receivable_turnover_ratio": null,
            "reinvestment_rate": null,
            "research_to_sale_ratio": null,
            "price_fair": 0,
            "eps_avg_yearly": 0,
            "eps_latest_yearly": 0,
            "eps_growth_yearly": 0
        },
        "20132": {
            "year_quarter": 20132,
            "year": 2013,
            "quarter": 2,
            "eps": null,
            "eps_growth_year": null,
            "eps_4q": null,
            "eps_4q_growth_year": null,
            "roe": null,
            "roe_4q": 0,
            "gross_profit": null,
            "gross_margin": null,
            "gross_margin_4q_avg": 0,
            "net_income": null,
            "net_income_4q": null,
            "revenue": null,
            "revenue_4q": null,
            "common_shares": 355309,
            "book_valuer_per_share": 11.87,
            "book_valuer_per_share_4q_avg": 5.89,
            "equity": 402389,
            "current_ratio": 399.47,
            "debt_ratio": 24.07,
            "inventory_turnover_ratio": null,
            "account_receivable_turnover_ratio": null,
            "reinvestment_rate": null,
            "research_to_sale_ratio": null,
            "price_fair": 0,
            "eps_avg_yearly": 0,
            "eps_latest_yearly": 0,
            "eps_growth_yearly": 0
        },
        "20133": {
            "year_quarter": 20133,
            "year": 2013,
            "quarter": 3,
            "eps": null,
            "eps_growth_year": null,
            "eps_4q": null,
            "eps_4q_growth_year": null,
            "roe": null,
            "roe_4q": 0,
            "gross_profit": 46238,
            "gross_margin": null,
            "gross_margin_4q_avg": 0,
            "net_income": 8245,
            "net_income_4q": null,
            "revenue": 125988,
            "revenue_4q": null,
            "common_shares": 355309,
            "book_valuer_per_share": 11.52,
            "book_valuer_per_share_4q_avg": 8.77,
            "equity": 410571,
            "current_ratio": 449.53,
            "debt_ratio": 21.33,
            "inventory_turnover_ratio": null,
            "account_receivable_turnover_ratio": null,
            "reinvestment_rate": null,
            "research_to_sale_ratio": null,
            "price_fair": 0,
            "eps_avg_yearly": 0,
            "eps_latest_yearly": 0,
            "eps_growth_yearly": 0
        },
        "20134": {
            "year_quarter": 20134,
            "year": 2013,
            "quarter": 4,
            "eps": null,
            "eps_growth_year": null,
            "eps_4q": null,
            "eps_4q_growth_year": null,
            "roe": null,
            "roe_4q": 0,
            "gross_profit": 55168,
            "gross_margin": null,
            "gross_margin_4q_avg": 0,
            "net_income": 12318,
            "net_income_4q": null,
            "revenue": 147782,
            "revenue_4q": null,
            "common_shares": 345309,
            "book_valuer_per_share": 12.53,
            "book_valuer_per_share_4q_avg": 8.98,
            "equity": 424614,
            "current_ratio": 363.05,
            "debt_ratio": 23.19,
            "inventory_turnover_ratio": null,
            "account_receivable_turnover_ratio": null,
            "reinvestment_rate": null,
            "research_to_sale_ratio": null,
            "price_fair": 0,
            "eps_avg_yearly": 0,
            "eps_latest_yearly": 0,
            "eps_growth_yearly": 0
        },
        "20141": {
            "year_quarter": 20141,
            "year": 2014,
            "quarter": 1,
            "eps": null,
            "eps_growth_year": null,
            "eps_4q": null,
            "eps_4q_growth_year": null,
            "roe": null,
            "roe_4q": 0,
            "gross_profit": 44350,
            "gross_margin": null,
            "gross_margin_4q_avg": 0,
            "net_income": 6457,
            "net_income_4q": null,
            "revenue": 117022,
            "revenue_4q": null,
            "common_shares": 345309,
            "book_valuer_per_share": 12.34,
            "book_valuer_per_share_4q_avg": 12.07,
            "equity": 426133,
            "current_ratio": 406.03,
            "debt_ratio": 33.52,
            "inventory_turnover_ratio": null,
            "account_receivable_turnover_ratio": null,
            "reinvestment_rate": null,
            "research_to_sale_ratio": null,
            "price_fair": 0,
            "eps_avg_yearly": 0,
            "eps_latest_yearly": 0,
            "eps_growth_yearly": 0
        },
        "20142": {
            "year_quarter": 20142,
            "year": 2014,
            "quarter": 2,
            "eps": 0.66,
            "eps_growth_year": null,
            "eps_4q": 0.66,
            "eps_4q_growth_year": null,
            "roe": 5.18,
            "roe_4q": 5.18,
            "gross_profit": 57812,
            "gross_margin": 38.57,
            "gross_margin_4q_avg": 9.64,
            "net_income": 21977,
            "net_income_4q": null,
            "revenue": 149884,
            "revenue_4q": null,
            "common_shares": 345309,
            "book_valuer_per_share": 12.61,
            "book_valuer_per_share_4q_avg": 12.25,
            "equity": 422075,
            "current_ratio": 325.83,
            "debt_ratio": 30.94,
            "inventory_turnover_ratio": 1.34,
            "account_receivable_turnover_ratio": 4.7,
            "reinvestment_rate": null,
            "research_to_sale_ratio": null,
            "price_fair": 0,
            "eps_avg_yearly": 0,
            "eps_latest_yearly": 0,
            "eps_growth_yearly": 0
        },
        "20143": {
            "year_quarter": 20143,
            "year": 2014,
            "quarter": 3,
            "eps": 0.36,
            "eps_growth_year": null,
            "eps_4q": 1.01,
            "eps_4q_growth_year": null,
            "roe": 2.78,
            "roe_4q": 7.959999999999999,
            "gross_profit": 48970,
            "gross_margin": 38.27,
            "gross_margin_4q_avg": 19.21,
            "net_income": 11925,
            "net_income_4q": null,
            "revenue": 127968,
            "revenue_4q": null,
            "common_shares": 345309,
            "book_valuer_per_share": 12.98,
            "book_valuer_per_share_4q_avg": 12.62,
            "equity": 434321,
            "current_ratio": 421.3,
            "debt_ratio": 26.32,
            "inventory_turnover_ratio": 1.2,
            "account_receivable_turnover_ratio": 1.96,
            "reinvestment_rate": null,
            "research_to_sale_ratio": 14.2,
            "price_fair": 4.32,
            "eps_avg_yearly": 1.44,
            "eps_latest_yearly": 1.44,
            "eps_growth_yearly": -181.82
        },
        "20144": {
            "year_quarter": 20144,
            "year": 2014,
            "quarter": 4,
            "eps": 0.51,
            "eps_growth_year": null,
            "eps_4q": 1.53,
            "eps_4q_growth_year": null,
            "roe": 3.85,
            "roe_4q": 11.809999999999999,
            "gross_profit": 60741,
            "gross_margin": 39.73,
            "gross_margin_4q_avg": 29.14,
            "net_income": 17007,
            "net_income_4q": null,
            "revenue": 152893,
            "revenue_4q": null,
            "common_shares": 345309,
            "book_valuer_per_share": 13.45,
            "book_valuer_per_share_4q_avg": 12.85,
            "equity": 448285,
            "current_ratio": 383.26,
            "debt_ratio": 27.91,
            "inventory_turnover_ratio": 1.38,
            "account_receivable_turnover_ratio": 2.21,
            "reinvestment_rate": null,
            "research_to_sale_ratio": 14.8,
            "price_fair": 5.22,
            "eps_avg_yearly": 1.74,
            "eps_latest_yearly": 2.04,
            "eps_growth_yearly": -7.58
        },
        "20151": {
            "year_quarter": 20151,
            "year": 2015,
            "quarter": 1,
            "eps": 0.15,
            "eps_growth_year": null,
            "eps_4q": 1.48,
            "eps_4q_growth_year": null,
            "roe": 1.16,
            "roe_4q": 12.969999999999999,
            "gross_profit": 44756,
            "gross_margin": 37.81,
            "gross_margin_4q_avg": 38.6,
            "net_income": 5670,
            "net_income_4q": null,
            "revenue": 118385,
            "revenue_4q": null,
            "common_shares": 395309,
            "book_valuer_per_share": 13.72,
            "book_valuer_per_share_4q_avg": 13.19,
            "equity": 526028,
            "current_ratio": 365.82,
            "debt_ratio": 19.45,
            "inventory_turnover_ratio": 1,
            "account_receivable_turnover_ratio": 1.95,
            "reinvestment_rate": null,
            "research_to_sale_ratio": 14.17,
            "price_fair": 4.08,
            "eps_avg_yearly": 1.36,
            "eps_latest_yearly": 0.6,
            "eps_growth_yearly": -99.17
        },
        "20152": {
            "year_quarter": 20152,
            "year": 2015,
            "quarter": 2,
            "eps": 0.29,
            "eps_growth_year": -55.83,
            "eps_4q": 1.19,
            "eps_4q_growth_year": 81.17,
            "roe": 2.15,
            "roe_4q": 9.94,
            "gross_profit": 55745,
            "gross_margin": 37.57,
            "gross_margin_4q_avg": 38.35,
            "net_income": 10998,
            "net_income_4q": null,
            "revenue": 148389,
            "revenue_4q": null,
            "common_shares": 395309,
            "book_valuer_per_share": 13,
            "book_valuer_per_share_4q_avg": 13.29,
            "equity": 498484,
            "current_ratio": 307.97,
            "debt_ratio": 22.83,
            "inventory_turnover_ratio": 1.11,
            "account_receivable_turnover_ratio": 2.7,
            "reinvestment_rate": null,
            "research_to_sale_ratio": 12.7,
            "price_fair": 37.93,
            "eps_avg_yearly": 1.31,
            "eps_latest_yearly": 1.16,
            "eps_growth_yearly": 18.96
        },
        "20153": {
            "year_quarter": 20153,
            "year": 2015,
            "quarter": 3,
            "eps": 0.19,
            "eps_growth_year": -47.22,
            "eps_4q": 1.06,
            "eps_4q_growth_year": 5.02,
            "roe": 1.41,
            "roe_4q": 8.57,
            "gross_profit": 42869,
            "gross_margin": 34.36,
            "gross_margin_4q_avg": 37.37,
            "net_income": 7101,
            "net_income_4q": null,
            "revenue": 124770,
            "revenue_4q": null,
            "common_shares": 395309,
            "book_valuer_per_share": 13.21,
            "book_valuer_per_share_4q_avg": 13.35,
            "equity": 506284,
            "current_ratio": 350.58,
            "debt_ratio": 20.07,
            "inventory_turnover_ratio": 0.95,
            "account_receivable_turnover_ratio": 2.12,
            "reinvestment_rate": null,
            "research_to_sale_ratio": 16.76,
            "price_fair": 3.6,
            "eps_avg_yearly": 1.2,
            "eps_latest_yearly": 0.76,
            "eps_growth_yearly": -12.42
        },
        "20154": {
            "year_quarter": 20154,
            "year": 2015,
            "quarter": 4,
            "eps": 0.42,
            "eps_growth_year": -17.99,
            "eps_4q": 1.04,
            "eps_4q_growth_year": -32,
            "roe": 3.12,
            "roe_4q": 7.84,
            "gross_profit": 71692,
            "gross_margin": 39.73,
            "gross_margin_4q_avg": 37.37,
            "net_income": 16040,
            "net_income_4q": null,
            "revenue": 180442,
            "revenue_4q": null,
            "common_shares": 392999,
            "book_valuer_per_share": 13.57,
            "book_valuer_per_share_4q_avg": 13.38,
            "equity": 520373,
            "current_ratio": 311.97,
            "debt_ratio": 23.37,
            "inventory_turnover_ratio": 1.53,
            "account_receivable_turnover_ratio": 2.59,
            "reinvestment_rate": null,
            "research_to_sale_ratio": 13.14,
            "price_fair": 44.8,
            "eps_avg_yearly": 1.28,
            "eps_latest_yearly": 1.68,
            "eps_growth_yearly": 70.35
        },
        "20161": {
            "year_quarter": 20161,
            "year": 2016,
            "quarter": 1,
            "eps": 0.27,
            "eps_growth_year": 80,
            "eps_4q": 1.16,
            "eps_4q_growth_year": -21.65,
            "roe": 1.93,
            "roe_4q": 8.61,
            "gross_profit": 65694,
            "gross_margin": 39.88,
            "gross_margin_4q_avg": 37.89,
            "net_income": 10189,
            "net_income_4q": null,
            "revenue": 164719,
            "revenue_4q": null,
            "common_shares": 392999,
            "book_valuer_per_share": 14,
            "book_valuer_per_share_4q_avg": 13.45,
            "equity": 536649,
            "current_ratio": 358.15,
            "debt_ratio": 20.44,
            "inventory_turnover_ratio": 1.43,
            "account_receivable_turnover_ratio": 2.02,
            "reinvestment_rate": null,
            "research_to_sale_ratio": 14.88,
            "price_fair": 43.8,
            "eps_avg_yearly": 1.25,
            "eps_latest_yearly": 1.08,
            "eps_growth_yearly": 39.89
        },
        "20162": {
            "year_quarter": 20162,
            "year": 2016,
            "quarter": 2,
            "eps": 0.24,
            "eps_growth_year": -17.24,
            "eps_4q": 1.09,
            "eps_4q_growth_year": -8.36,
            "roe": 1.79,
            "roe_4q": 8.25,
            "gross_profit": 52162,
            "gross_margin": 35.56,
            "gross_margin_4q_avg": 37.38,
            "net_income": 9511,
            "net_income_4q": null,
            "revenue": 146705,
            "revenue_4q": null,
            "common_shares": 392999,
            "book_valuer_per_share": 13.42,
            "book_valuer_per_share_4q_avg": 13.55,
            "equity": 527552,
            "current_ratio": 351.1,
            "debt_ratio": 20.8,
            "inventory_turnover_ratio": 1.15,
            "account_receivable_turnover_ratio": 1.83,
            "reinvestment_rate": null,
            "research_to_sale_ratio": 12.76,
            "price_fair": 42.53,
            "eps_avg_yearly": 1.22,
            "eps_latest_yearly": 0.96,
            "eps_growth_yearly": 29.35
        },
        "20163": {
            "year_quarter": 20163,
            "year": 2016,
            "quarter": 3,
            "eps": -0.11,
            "eps_growth_year": -157.89,
            "eps_4q": 0.8,
            "eps_4q_growth_year": -24.48,
            "roe": -0.79,
            "roe_4q": 6.05,
            "gross_profit": 40374,
            "gross_margin": 31.93,
            "gross_margin_4q_avg": 36.78,
            "net_income": -4173,
            "net_income_4q": null,
            "revenue": 126432,
            "revenue_4q": null,
            "common_shares": 392999,
            "book_valuer_per_share": 13.31,
            "book_valuer_per_share_4q_avg": 13.58,
            "equity": 522937,
            "current_ratio": 346.08,
            "debt_ratio": 21.12,
            "inventory_turnover_ratio": 1.07,
            "account_receivable_turnover_ratio": 1.64,
            "reinvestment_rate": null,
            "research_to_sale_ratio": 16.74,
            "price_fair": 42.53,
            "eps_avg_yearly": 1.22,
            "eps_latest_yearly": 0.96,
            "eps_growth_yearly": 29.35
        },
        "20164": {
            "year_quarter": 20164,
            "year": 2016,
            "quarter": 4,
            "eps": 0.27,
            "eps_growth_year": -36.44,
            "eps_4q": 0.66,
            "eps_4q_growth_year": -36.34,
            "roe": 1.98,
            "roe_4q": 4.91,
            "gross_profit": 55249,
            "gross_margin": 33.64,
            "gross_margin_4q_avg": 35.25,
            "net_income": 10452,
            "net_income_4q": null,
            "revenue": 164242,
            "revenue_4q": null,
            "common_shares": 392999,
            "book_valuer_per_share": 13.53,
            "book_valuer_per_share_4q_avg": 13.57,
            "equity": 531782,
            "current_ratio": 385.1,
            "debt_ratio": 19.4,
            "inventory_turnover_ratio": 1.43,
            "account_receivable_turnover_ratio": 1.85,
            "reinvestment_rate": null,
            "research_to_sale_ratio": 12.87,
            "price_fair": 42.53,
            "eps_avg_yearly": 1.22,
            "eps_latest_yearly": 0.96,
            "eps_growth_yearly": 29.35
        },
        "20171": {
            "year_quarter": 20171,
            "year": 2017,
            "quarter": 1,
            "eps": -0.02,
            "eps_growth_year": -107.41,
            "eps_4q": 0.39,
            "eps_4q_growth_year": -66.25,
            "roe": -0.13,
            "roe_4q": 2.85,
            "gross_profit": 38054,
            "gross_margin": 33.55,
            "gross_margin_4q_avg": 33.67,
            "net_income": -680,
            "net_income_4q": null,
            "revenue": 113435,
            "revenue_4q": null,
            "common_shares": 392999,
            "book_valuer_per_share": 13.46,
            "book_valuer_per_share_4q_avg": 13.43,
            "equity": 521215,
            "current_ratio": 442.56,
            "debt_ratio": 16.59,
            "inventory_turnover_ratio": 0.88,
            "account_receivable_turnover_ratio": 1.38,
            "reinvestment_rate": null,
            "research_to_sale_ratio": 17.74,
            "price_fair": 42.53,
            "eps_avg_yearly": 1.22,
            "eps_latest_yearly": 0.96,
            "eps_growth_yearly": 29.35
        },
        "20172": {
            "year_quarter": 20172,
            "year": 2017,
            "quarter": 2,
            "eps": -0.12,
            "eps_growth_year": -150,
            "eps_4q": 0.03,
            "eps_4q_growth_year": -97.29,
            "roe": -0.88,
            "roe_4q": 0.17999999999999994,
            "gross_profit": 35117,
            "gross_margin": 32.01,
            "gross_margin_4q_avg": 32.78,
            "net_income": -4469,
            "net_income_4q": null,
            "revenue": 109702,
            "revenue_4q": null,
            "common_shares": 392999,
            "book_valuer_per_share": 12.81,
            "book_valuer_per_share_4q_avg": 13.28,
            "equity": 490656,
            "current_ratio": 407.03,
            "debt_ratio": 17.67,
            "inventory_turnover_ratio": 0.78,
            "account_receivable_turnover_ratio": 1.79,
            "reinvestment_rate": 84.24,
            "research_to_sale_ratio": 18.73,
            "price_fair": 42.53,
            "eps_avg_yearly": 1.22,
            "eps_latest_yearly": 0.96,
            "eps_growth_yearly": 29.35
        },
        "20173": {
            "year_quarter": 20173,
            "year": 2017,
            "quarter": 3,
            "eps": -0.32,
            "eps_growth_year": null,
            "eps_4q": -0.18,
            "eps_4q_growth_year": -122.59,
            "roe": -2.53,
            "roe_4q": -1.5599999999999996,
            "gross_profit": 30161,
            "gross_margin": 31.14,
            "gross_margin_4q_avg": 32.59,
            "net_income": -12254,
            "net_income_4q": null,
            "revenue": 96852,
            "revenue_4q": null,
            "common_shares": 392999,
            "book_valuer_per_share": 12.49,
            "book_valuer_per_share_4q_avg": 13.07,
            "equity": 478532,
            "current_ratio": 493.54,
            "debt_ratio": 14.49,
            "inventory_turnover_ratio": 0.83,
            "account_receivable_turnover_ratio": 1.7,
            "reinvestment_rate": 99.81,
            "research_to_sale_ratio": 22.12,
            "price_fair": 42.53,
            "eps_avg_yearly": 1.22,
            "eps_latest_yearly": 0.96,
            "eps_growth_yearly": 29.35
        },
        "20174": {
            "year_quarter": 20174,
            "year": 2017,
            "quarter": 4,
            "eps": 0.06,
            "eps_growth_year": -79.3,
            "eps_4q": -0.4,
            "eps_4q_growth_year": -160.41,
            "roe": 0.44,
            "roe_4q": -3.0999999999999996,
            "gross_profit": 37003,
            "gross_margin": 31.6,
            "gross_margin_4q_avg": 32.08,
            "net_income": 2109,
            "net_income_4q": null,
            "revenue": 117106,
            "revenue_4q": null,
            "common_shares": 392999,
            "book_valuer_per_share": 12.62,
            "book_valuer_per_share_4q_avg": 12.85,
            "equity": 483246,
            "current_ratio": 511.76,
            "debt_ratio": 13.77,
            "inventory_turnover_ratio": 1.31,
            "account_receivable_turnover_ratio": 1.98,
            "reinvestment_rate": 107.06,
            "research_to_sale_ratio": 14.88,
            "price_fair": 42.53,
            "eps_avg_yearly": 1.22,
            "eps_latest_yearly": 0.96,
            "eps_growth_yearly": 29.35
        },
        "20181": {
            "year_quarter": 20181,
            "year": 2018,
            "quarter": 1,
            "eps": -0.01,
            "eps_growth_year": null,
            "eps_4q": -0.39,
            "eps_4q_growth_year": -200.93,
            "roe": -0.1,
            "roe_4q": -3.07,
            "gross_profit": 31678,
            "gross_margin": 34.42,
            "gross_margin_4q_avg": 32.29,
            "net_income": -474,
            "net_income_4q": null,
            "revenue": 92047,
            "revenue_4q": null,
            "common_shares": 392999,
            "book_valuer_per_share": 12.61,
            "book_valuer_per_share_4q_avg": 12.63,
            "equity": 482871,
            "current_ratio": 545.77,
            "debt_ratio": 12.84,
            "inventory_turnover_ratio": 0.99,
            "account_receivable_turnover_ratio": 1.66,
            "reinvestment_rate": -54.03,
            "research_to_sale_ratio": 22.87,
            "price_fair": 42.53,
            "eps_avg_yearly": 1.22,
            "eps_latest_yearly": 0.96,
            "eps_growth_yearly": 29.35
        },
        "20182": {
            "year_quarter": 20182,
            "year": 2018,
            "quarter": 2,
            "eps": -0.19,
            "eps_growth_year": null,
            "eps_4q": -0.47,
            "eps_4q_growth_year": -1691.24,
            "roe": -1.55,
            "roe_4q": -3.74,
            "gross_profit": 38552,
            "gross_margin": 31.75,
            "gross_margin_4q_avg": 32.23,
            "net_income": -7362,
            "net_income_4q": null,
            "revenue": 121422,
            "revenue_4q": null,
            "common_shares": 392999,
            "book_valuer_per_share": 12.22,
            "book_valuer_per_share_4q_avg": 12.49,
            "equity": 467884,
            "current_ratio": 362.18,
            "debt_ratio": 19.29,
            "inventory_turnover_ratio": 1.22,
            "account_receivable_turnover_ratio": 2.05,
            "reinvestment_rate": -29.71,
            "research_to_sale_ratio": 16.9,
            "price_fair": 42.53,
            "eps_avg_yearly": 1.22,
            "eps_latest_yearly": 0.96,
            "eps_growth_yearly": 29.35
        },
        "20183": {
            "year_quarter": 20183,
            "year": 2018,
            "quarter": 3,
            "eps": -0.25,
            "eps_growth_year": null,
            "eps_4q": -0.4,
            "eps_4q_growth_year": null,
            "roe": -2.11,
            "roe_4q": -3.3200000000000003,
            "gross_profit": 25340,
            "gross_margin": 30.12,
            "gross_margin_4q_avg": 31.97,
            "net_income": -9750,
            "net_income_4q": null,
            "revenue": 84118,
            "revenue_4q": null,
            "common_shares": 392999,
            "book_valuer_per_share": 11.95,
            "book_valuer_per_share_4q_avg": 12.35,
            "equity": 457750,
            "current_ratio": 424.29,
            "debt_ratio": 16.17,
            "inventory_turnover_ratio": 0.85,
            "account_receivable_turnover_ratio": 1.38,
            "reinvestment_rate": -39.07,
            "research_to_sale_ratio": 21.94,
            "price_fair": 41.4,
            "eps_avg_yearly": 1.18,
            "eps_latest_yearly": 0.96,
            "eps_growth_yearly": 59.52
        },
        "20184": {
            "year_quarter": 20184,
            "year": 2018,
            "quarter": 4,
            "eps": -0.17,
            "eps_growth_year": -412.28,
            "eps_4q": -0.63,
            "eps_4q_growth_year": null,
            "roe": -1.45,
            "roe_4q": -5.209999999999999,
            "gross_profit": 28898,
            "gross_margin": 27.86,
            "gross_margin_4q_avg": 31.04,
            "net_income": -6586,
            "net_income_4q": null,
            "revenue": 103736,
            "revenue_4q": null,
            "common_shares": 392999,
            "book_valuer_per_share": 11.77,
            "book_valuer_per_share_4q_avg": 12.14,
            "equity": 450665,
            "current_ratio": 474.25,
            "debt_ratio": 14.41,
            "inventory_turnover_ratio": 1.03,
            "account_receivable_turnover_ratio": 1.88,
            "reinvestment_rate": -75.85,
            "research_to_sale_ratio": 17.32,
            "price_fair": 36.4,
            "eps_avg_yearly": 1.04,
            "eps_latest_yearly": 0.96,
            "eps_growth_yearly": 41.66
        },
        "20191": {
            "year_quarter": 20191,
            "year": 2019,
            "quarter": 1,
            "eps": -0.49,
            "eps_growth_year": null,
            "eps_4q": -1.11,
            "eps_4q_growth_year": null,
            "roe": -4.22,
            "roe_4q": -9.33,
            "gross_profit": 21720,
            "gross_margin": 29.56,
            "gross_margin_4q_avg": 29.82,
            "net_income": -18624,
            "net_income_4q": null,
            "revenue": 73484,
            "revenue_4q": null,
            "common_shares": 392999,
            "book_valuer_per_share": 11.29,
            "book_valuer_per_share_4q_avg": 11.81,
            "equity": 432329,
            "current_ratio": 393.32,
            "debt_ratio": 17.66,
            "inventory_turnover_ratio": 0.66,
            "account_receivable_turnover_ratio": 1.41,
            "reinvestment_rate": -1027.61,
            "research_to_sale_ratio": 30.23,
            "price_fair": 39.48,
            "eps_avg_yearly": 1.13,
            "eps_latest_yearly": 0.96,
            "eps_growth_yearly": 106.46
        },
        "20192": {
            "year_quarter": 20192,
            "year": 2019,
            "quarter": 2,
            "eps": -0.28,
            "eps_growth_year": null,
            "eps_4q": -1.2,
            "eps_4q_growth_year": null,
            "roe": -2.55,
            "roe_4q": -10.329999999999998,
            "gross_profit": 29074,
            "gross_margin": 27.08,
            "gross_margin_4q_avg": 28.66,
            "net_income": -10869,
            "net_income_4q": null,
            "revenue": 107352,
            "revenue_4q": null,
            "common_shares": 392999,
            "book_valuer_per_share": 11,
            "book_valuer_per_share_4q_avg": 11.5,
            "equity": 421355,
            "current_ratio": 312.57,
            "debt_ratio": 22.13,
            "inventory_turnover_ratio": 1.06,
            "account_receivable_turnover_ratio": 2.07,
            "reinvestment_rate": null,
            "research_to_sale_ratio": 16.68,
            "price_fair": 39.2,
            "eps_avg_yearly": 1.12,
            "eps_latest_yearly": 0.96,
            "eps_growth_yearly": 39.74
        },
        "20193": {
            "year_quarter": 20193,
            "year": 2019,
            "quarter": 3,
            "eps": -0.15,
            "eps_growth_year": null,
            "eps_4q": -1.09,
            "eps_4q_growth_year": null,
            "roe": -1.39,
            "roe_4q": -9.61,
            "gross_profit": 29087,
            "gross_margin": 26.82,
            "gross_margin_4q_avg": 27.83,
            "net_income": -5817,
            "net_income_4q": null,
            "revenue": 108451,
            "revenue_4q": null,
            "common_shares": 392999,
            "book_valuer_per_share": 10.84,
            "book_valuer_per_share_4q_avg": 11.23,
            "equity": 415075,
            "current_ratio": 351.76,
            "debt_ratio": 19.24,
            "inventory_turnover_ratio": 1.34,
            "account_receivable_turnover_ratio": 1.81,
            "reinvestment_rate": null,
            "research_to_sale_ratio": 15.55,
            "price_fair": 43.4,
            "eps_avg_yearly": 1.24,
            "eps_latest_yearly": 0.96,
            "eps_growth_yearly": 98.97
        },
        "20194": {
            "year_quarter": 20194,
            "year": 2019,
            "quarter": 4,
            "eps": -0.23,
            "eps_growth_year": null,
            "eps_4q": -1.15,
            "eps_4q_growth_year": null,
            "roe": -2.1,
            "roe_4q": -10.26,
            "gross_profit": 26678,
            "gross_margin": 23.16,
            "gross_margin_4q_avg": 26.66,
            "net_income": -8656,
            "net_income_4q": null,
            "revenue": 115173,
            "revenue_4q": null,
            "common_shares": 392999,
            "book_valuer_per_share": 10.64,
            "book_valuer_per_share_4q_avg": 10.94,
            "equity": 407334,
            "current_ratio": 371.52,
            "debt_ratio": 17.6,
            "inventory_turnover_ratio": 1.59,
            "account_receivable_turnover_ratio": 1.95,
            "reinvestment_rate": null,
            "research_to_sale_ratio": 13.66,
            "price_fair": 3.06,
            "eps_avg_yearly": 1.02,
            "eps_latest_yearly": 0.96,
            "eps_growth_yearly": -93.65
        },
        "20201": {
            "year_quarter": 20201,
            "year": 2020,
            "quarter": 1,
            "eps": -0.31,
            "eps_growth_year": null,
            "eps_4q": -0.97,
            "eps_4q_growth_year": null,
            "roe": -2.95,
            "roe_4q": -8.99,
            "gross_profit": 23076,
            "gross_margin": 27.94,
            "gross_margin_4q_avg": 26.25,
            "net_income": -11854,
            "net_income_4q": null,
            "revenue": 82586,
            "revenue_4q": null,
            "common_shares": 392999,
            "book_valuer_per_share": 10.35,
            "book_valuer_per_share_4q_avg": 10.71,
            "equity": 396311,
            "current_ratio": 420.98,
            "debt_ratio": 15.12,
            "inventory_turnover_ratio": 0.9,
            "account_receivable_turnover_ratio": 1.59,
            "reinvestment_rate": null,
            "research_to_sale_ratio": 19.64,
            "price_fair": 2.88,
            "eps_avg_yearly": 0.96,
            "eps_latest_yearly": 0.96,
            "eps_growth_yearly": -44.44
        },
        "20202": {
            "year_quarter": 20202,
            "year": 2020,
            "quarter": 2,
            "eps": -0.19,
            "eps_growth_year": null,
            "eps_4q": -0.88,
            "eps_4q_growth_year": null,
            "roe": -1.86,
            "roe_4q": -8.3,
            "gross_profit": 28101,
            "gross_margin": 22.41,
            "gross_margin_4q_avg": 25.08,
            "net_income": -7301,
            "net_income_4q": null,
            "revenue": 125377,
            "revenue_4q": null,
            "common_shares": 382999,
            "book_valuer_per_share": 10.17,
            "book_valuer_per_share_4q_avg": 10.5,
            "equity": 389488,
            "current_ratio": 336.4,
            "debt_ratio": 19.15,
            "inventory_turnover_ratio": 1.17,
            "account_receivable_turnover_ratio": 2.39,
            "reinvestment_rate": null,
            "research_to_sale_ratio": 11.98,
            "price_fair": 0,
            "eps_avg_yearly": 0,
            "eps_latest_yearly": 0,
            "eps_growth_yearly": 0
        },
        "20203": {
            "year_quarter": 20203,
            "year": 2020,
            "quarter": 3,
            "eps": 0.06,
            "eps_growth_year": null,
            "eps_4q": -0.66,
            "eps_4q_growth_year": null,
            "roe": 0.62,
            "roe_4q": -6.290000000000001,
            "gross_profit": 31797,
            "gross_margin": 25.61,
            "gross_margin_4q_avg": 24.78,
            "net_income": 2424,
            "net_income_4q": null,
            "revenue": 124164,
            "revenue_4q": null,
            "common_shares": 382999,
            "book_valuer_per_share": 10.25,
            "book_valuer_per_share_4q_avg": 10.35,
            "equity": 392730,
            "current_ratio": 369.44,
            "debt_ratio": 17.5,
            "inventory_turnover_ratio": 1.05,
            "account_receivable_turnover_ratio": 2.12,
            "reinvestment_rate": null,
            "research_to_sale_ratio": 10.19,
            "price_fair": 0,
            "eps_avg_yearly": 0,
            "eps_latest_yearly": 0,
            "eps_growth_yearly": 0
        },
        "20204": {
            "year_quarter": 20204,
            "year": 2020,
            "quarter": 4,
            "eps": 0.15,
            "eps_growth_year": null,
            "eps_4q": -0.29,
            "eps_4q_growth_year": null,
            "roe": 1.41,
            "roe_4q": -2.7800000000000002,
            "gross_profit": 42110,
            "gross_margin": 25.9,
            "gross_margin_4q_avg": 25.47,
            "net_income": 5603,
            "net_income_4q": null,
            "revenue": 162605,
            "revenue_4q": null,
            "common_shares": 382999,
            "book_valuer_per_share": 10.43,
            "book_valuer_per_share_4q_avg": 10.3,
            "equity": 399396,
            "current_ratio": 334.65,
            "debt_ratio": 19.9,
            "inventory_turnover_ratio": 1.53,
            "account_receivable_turnover_ratio": 2.44,
            "reinvestment_rate": null,
            "research_to_sale_ratio": 8.87,
            "price_fair": 21,
            "eps_avg_yearly": 0.6,
            "eps_latest_yearly": 0.6,
            "eps_growth_yearly": 600
        },
        "20211": {
            "year_quarter": 20211,
            "year": 2021,
            "quarter": 1,
            "eps": 0.11,
            "eps_growth_year": null,
            "eps_4q": 0.13,
            "eps_4q_growth_year": null,
            "roe": 1.09,
            "roe_4q": 1.26,
            "gross_profit": 39645,
            "gross_margin": 29.12,
            "gross_margin_4q_avg": 25.76,
            "net_income": 4393,
            "net_income_4q": null,
            "revenue": 136148,
            "revenue_4q": null,
            "common_shares": 382999,
            "book_valuer_per_share": 10.56,
            "book_valuer_per_share_4q_avg": 10.35,
            "equity": 404467,
            "current_ratio": 376.86,
            "debt_ratio": 18.48,
            "inventory_turnover_ratio": 1.3,
            "account_receivable_turnover_ratio": 1.88,
            "reinvestment_rate": null,
            "research_to_sale_ratio": 10.85,
            "price_fair": 18.2,
            "eps_avg_yearly": 0.52,
            "eps_latest_yearly": 0.44,
            "eps_growth_yearly": 246.67
        },
        "20212": {
            "year_quarter": 20212,
            "year": 2021,
            "quarter": 2,
            "eps": 0.74,
            "eps_growth_year": null,
            "eps_4q": 1.06,
            "eps_4q_growth_year": null,
            "roe": 6.71,
            "roe_4q": 9.829999999999998,
            "gross_profit": 77164,
            "gross_margin": 41.76,
            "gross_margin_4q_avg": 30.6,
            "net_income": 28112,
            "net_income_4q": null,
            "revenue": 184793,
            "revenue_4q": null,
            "common_shares": 382999,
            "book_valuer_per_share": 11.31,
            "book_valuer_per_share_4q_avg": 10.64,
            "equity": 433171,
            "current_ratio": 382.1,
            "debt_ratio": 18.49,
            "inventory_turnover_ratio": 1.39,
            "account_receivable_turnover_ratio": 2.53,
            "reinvestment_rate": null,
            "research_to_sale_ratio": 12.45,
            "price_fair": 46.67,
            "eps_avg_yearly": 1.33,
            "eps_latest_yearly": 2.96,
            "eps_growth_yearly": 928.08
        },
        "20213": {
            "year_quarter": 20213,
            "year": 2021,
            "quarter": 3,
            "eps": 1.3,
            "eps_growth_year": 2066.67,
            "eps_4q": 2.29,
            "eps_4q_growth_year": null,
            "roe": 10.52,
            "roe_4q": 19.73,
            "gross_profit": 109707,
            "gross_margin": 47.77,
            "gross_margin_4q_avg": 36.14,
            "net_income": 49581,
            "net_income_4q": null,
            "revenue": 229634,
            "revenue_4q": null,
            "common_shares": 382999,
            "book_valuer_per_share": 13.29,
            "book_valuer_per_share_4q_avg": 11.4,
            "equity": 509062,
            "current_ratio": 548.31,
            "debt_ratio": 38.47,
            "inventory_turnover_ratio": 1.58,
            "account_receivable_turnover_ratio": 2.87,
            "reinvestment_rate": -332.36,
            "research_to_sale_ratio": 11.79,
            "price_fair": 80.5,
            "eps_avg_yearly": 2.3,
            "eps_latest_yearly": 5.2,
            "eps_growth_yearly": 771.74
        },
        "20214": {
            "year_quarter": 20214,
            "year": 2021,
            "quarter": 4,
            "eps": 1.23,
            "eps_growth_year": 743.14,
            "eps_4q": 3.38,
            "eps_4q_growth_year": null,
            "roe": 8.86,
            "roe_4q": 27.18,
            "gross_profit": 116678,
            "gross_margin": 49.6,
            "gross_margin_4q_avg": 42.06,
            "net_income": 47241,
            "net_income_4q": null,
            "revenue": 235218,
            "revenue_4q": null,
            "common_shares": 382999,
            "book_valuer_per_share": 14.54,
            "book_valuer_per_share_4q_avg": 12.43,
            "equity": 557010,
            "current_ratio": 439.77,
            "debt_ratio": 39.96,
            "inventory_turnover_ratio": 1.44,
            "account_receivable_turnover_ratio": 2.71,
            "reinvestment_rate": -31.73,
            "research_to_sale_ratio": 10.36,
            "price_fair": 98.84,
            "eps_avg_yearly": 2.82,
            "eps_latest_yearly": 4.92,
            "eps_growth_yearly": 613.08
        },
        "20221": {
            "year_quarter": 20221,
            "year": 2022,
            "quarter": 1,
            "eps": 0.85,
            "eps_growth_year": 672.73,
            "eps_4q": 4.03,
            "eps_4q_growth_year": 2915.58,
            "roe": 5.7,
            "roe_4q": 31.79,
            "gross_profit": 85010,
            "gross_margin": 48.63,
            "gross_margin_4q_avg": 46.94,
            "net_income": 32979,
            "net_income_4q": null,
            "revenue": 174792,
            "revenue_4q": null,
            "common_shares": 382999,
            "book_valuer_per_share": 15.36,
            "book_valuer_per_share_4q_avg": 13.63,
            "equity": 599632,
            "current_ratio": 513.76,
            "debt_ratio": 36.91,
            "inventory_turnover_ratio": 0.79,
            "account_receivable_turnover_ratio": 2,
            "reinvestment_rate": -16.91,
            "research_to_sale_ratio": 12.18,
            "price_fair": 102.2,
            "eps_avg_yearly": 2.92,
            "eps_latest_yearly": 3.4,
            "eps_growth_yearly": 490.3
        },
        "20222": {
            "year_quarter": 20222,
            "year": 2022,
            "quarter": 2,
            "eps": 0.19,
            "eps_growth_year": -74.32,
            "eps_4q": 3.5,
            "eps_4q_growth_year": 230.81,
            "roe": 1.3,
            "roe_4q": 26.38,
            "gross_profit": 49172,
            "gross_margin": 37.53,
            "gross_margin_4q_avg": 45.88,
            "net_income": 7320,
            "net_income_4q": null,
            "revenue": 131009,
            "revenue_4q": null,
            "common_shares": 390329,
            "book_valuer_per_share": 13.39,
            "book_valuer_per_share_4q_avg": 14.15,
            "equity": 524255,
            "current_ratio": 359.7,
            "debt_ratio": 43.98,
            "inventory_turnover_ratio": 0.51,
            "account_receivable_turnover_ratio": 1.75,
            "reinvestment_rate": -13.72,
            "research_to_sale_ratio": 15.06,
            "price_fair": 91.4,
            "eps_avg_yearly": 2.61,
            "eps_latest_yearly": 0.76,
            "eps_growth_yearly": 375.89
        },
        "20223": {
            "year_quarter": 20223,
            "year": 2022,
            "quarter": 3,
            "eps": -0.28,
            "eps_growth_year": -121.54,
            "eps_4q": 1.96,
            "eps_4q_growth_year": -14.43,
            "roe": -2.09,
            "roe_4q": 13.77,
            "gross_profit": 24840,
            "gross_margin": 24.34,
            "gross_margin_4q_avg": 40.03,
            "net_income": -10842,
            "net_income_4q": null,
            "revenue": 102055,
            "revenue_4q": null,
            "common_shares": 391449,
            "book_valuer_per_share": 13.13,
            "book_valuer_per_share_4q_avg": 14.11,
            "equity": 514096,
            "current_ratio": 677.14,
            "debt_ratio": 36.37,
            "inventory_turnover_ratio": 0.41,
            "account_receivable_turnover_ratio": 1.63,
            "reinvestment_rate": -14.77,
            "research_to_sale_ratio": 16.81,
            "price_fair": 91.4,
            "eps_avg_yearly": 2.61,
            "eps_latest_yearly": 0.76,
            "eps_growth_yearly": 375.89
        },
        "20224": {
            "year_quarter": 20224,
            "year": 2022,
            "quarter": 4,
            "eps": -0.31,
            "eps_growth_year": -124.93,
            "eps_4q": 0.44,
            "eps_4q_growth_year": -86.83,
            "roe": -2.37,
            "roe_4q": 2.54,
            "gross_profit": 30176,
            "gross_margin": 29.27,
            "gross_margin_4q_avg": 34.94,
            "net_income": -12042,
            "net_income_4q": null,
            "revenue": 103088,
            "revenue_4q": null,
            "common_shares": 391489,
            "book_valuer_per_share": 12.83,
            "book_valuer_per_share_4q_avg": 13.68,
            "equity": 502197,
            "current_ratio": 840.27,
            "debt_ratio": 34.88,
            "inventory_turnover_ratio": 0.42,
            "account_receivable_turnover_ratio": 1.91,
            "reinvestment_rate": 1.64,
            "research_to_sale_ratio": 16.37,
            "price_fair": 91.4,
            "eps_avg_yearly": 2.61,
            "eps_latest_yearly": 0.76,
            "eps_growth_yearly": 375.89
        },
        "20231": {
            "year_quarter": 20231,
            "year": 2023,
            "quarter": 1,
            "eps": -0.46,
            "eps_growth_year": -154.12,
            "eps_4q": -0.85,
            "eps_4q_growth_year": -121.1,
            "roe": -3.65,
            "roe_4q": -6.81,
            "gross_profit": 24038,
            "gross_margin": 32.62,
            "gross_margin_4q_avg": 30.94,
            "net_income": -18094,
            "net_income_4q": null,
            "revenue": 73693,
            "revenue_4q": null,
            "common_shares": 394189,
            "book_valuer_per_share": 12.36,
            "book_valuer_per_share_4q_avg": 12.93,
            "equity": 488932,
            "current_ratio": 905.84,
            "debt_ratio": 34.95,
            "inventory_turnover_ratio": 0.33,
            "account_receivable_turnover_ratio": 1.62,
            "reinvestment_rate": 1.44,
            "research_to_sale_ratio": 26.63,
            "price_fair": 91.4,
            "eps_avg_yearly": 2.61,
            "eps_latest_yearly": 0.76,
            "eps_growth_yearly": 375.89
        },
        "20232": {
            "year_quarter": 20232,
            "year": 2023,
            "quarter": 2,
            "eps": -0.51,
            "eps_growth_year": -368.42,
            "eps_4q": -1.55,
            "eps_4q_growth_year": -144.16,
            "roe": -4.28,
            "roe_4q": -12.39,
            "gross_profit": 24348,
            "gross_margin": 28.33,
            "gross_margin_4q_avg": 28.64,
            "net_income": -20296,
            "net_income_4q": null,
            "revenue": 85942,
            "revenue_4q": null,
            "common_shares": 394189,
            "book_valuer_per_share": 11.6,
            "book_valuer_per_share_4q_avg": 12.48,
            "equity": 459550,
            "current_ratio": 731.11,
            "debt_ratio": 37.47,
            "inventory_turnover_ratio": 0.49,
            "account_receivable_turnover_ratio": 2.02,
            "reinvestment_rate": 0.28,
            "research_to_sale_ratio": 23.88,
            "price_fair": 91.4,
            "eps_avg_yearly": 2.61,
            "eps_latest_yearly": 0.76,
            "eps_growth_yearly": 375.89
        },
        "20233": {
            "year_quarter": 20233,
            "year": 2023,
            "quarter": 3,
            "eps": -0.2,
            "eps_growth_year": null,
            "eps_4q": -1.47,
            "eps_4q_growth_year": -175.24,
            "roe": -1.75,
            "roe_4q": -12.05,
            "gross_profit": 29318,
            "gross_margin": 31,
            "gross_margin_4q_avg": 30.31,
            "net_income": -7978,
            "net_income_4q": null,
            "revenue": 94570,
            "revenue_4q": null,
            "common_shares": 396089,
            "book_valuer_per_share": 11.42,
            "book_valuer_per_share_4q_avg": 12.05,
            "equity": 452384,
            "current_ratio": 203.44,
            "debt_ratio": 36.41,
            "inventory_turnover_ratio": 0.63,
            "account_receivable_turnover_ratio": 1.81,
            "reinvestment_rate": 1.74,
            "research_to_sale_ratio": 17.86,
            "price_fair": 91.4,
            "eps_avg_yearly": 2.61,
            "eps_latest_yearly": 0.76,
            "eps_growth_yearly": 375.89
        },
        "20234": {
            "year_quarter": 20234,
            "year": 2023,
            "quarter": 4,
            "eps": 0.13,
            "eps_growth_year": null,
            "eps_4q": -1.04,
            "eps_4q_growth_year": -333.2,
            "roe": 1.12,
            "roe_4q": -8.56,
            "gross_profit": 50252,
            "gross_margin": 42.92,
            "gross_margin_4q_avg": 33.72,
            "net_income": 5096,
            "net_income_4q": null,
            "revenue": 117079,
            "revenue_4q": null,
            "common_shares": 397350,
            "book_valuer_per_share": 11.53,
            "book_valuer_per_share_4q_avg": 11.73,
            "equity": 458855,
            "current_ratio": 200.78,
            "debt_ratio": 36.68,
            "inventory_turnover_ratio": 0.76,
            "account_receivable_turnover_ratio": 1.87,
            "reinvestment_rate": 0.22,
            "research_to_sale_ratio": 16.79,
            "price_fair": 91.4,
            "eps_avg_yearly": 2.61,
            "eps_latest_yearly": 0.76,
            "eps_growth_yearly": 375.89
        }
    },
    "months": {
        "2009-04": {
            "month": "2009-04",
            "price": "17.21",
            "revenue": 49919
        },
        "2009-05": {
            "month": "2009-05",
            "price": "16.09",
            "revenue": 35349
        },
        "2009-06": {
            "month": "2009-06",
            "price": "16.05",
            "revenue": 33008
        },
        "2009-07": {
            "month": "2009-07",
            "price": "14.75",
            "revenue": 33049
        },
        "2009-08": {
            "month": "2009-08",
            "price": "13.24",
            "revenue": 30760
        },
        "2009-09": {
            "month": "2009-09",
            "price": "13.88",
            "revenue": 40686
        },
        "2009-10": {
            "month": "2009-10",
            "price": "13.86",
            "revenue": 33485
        },
        "2009-11": {
            "month": "2009-11",
            "price": "14.00",
            "revenue": 34135
        },
        "2009-12": {
            "month": "2009-12",
            "price": "13.95",
            "revenue": 35383
        },
        "2010-01": {
            "month": "2010-01",
            "price": "14.05",
            "revenue": 34960
        },
        "2010-02": {
            "month": "2010-02",
            "price": "13.39",
            "revenue": 22662
        },
        "2010-03": {
            "month": "2010-03",
            "price": "13.13",
            "revenue": 42349
        },
        "2010-04": {
            "month": "2010-04",
            "price": "15.28",
            "revenue": 47673
        },
        "2010-05": {
            "month": "2010-05",
            "price": "16.83",
            "revenue": 46483
        },
        "2010-06": {
            "month": "2010-06",
            "price": "16.15",
            "revenue": 42521
        },
        "2010-07": {
            "month": "2010-07",
            "price": "14.62",
            "revenue": 39201
        },
        "2010-08": {
            "month": "2010-08",
            "price": "13.56",
            "revenue": 44946
        },
        "2010-09": {
            "month": "2010-09",
            "price": "13.09",
            "revenue": 55132
        },
        "2010-10": {
            "month": "2010-10",
            "price": "13.19",
            "revenue": 46876
        },
        "2010-11": {
            "month": "2010-11",
            "price": "13.82",
            "revenue": 53726
        },
        "2010-12": {
            "month": "2010-12",
            "price": "13.25",
            "revenue": 61982
        },
        "2011-01": {
            "month": "2011-01",
            "price": "12.78",
            "revenue": 36124
        },
        "2011-02": {
            "month": "2011-02",
            "price": "12.94",
            "revenue": 24013
        },
        "2011-03": {
            "month": "2011-03",
            "price": "12.12",
            "revenue": 43411
        },
        "2011-04": {
            "month": "2011-04",
            "price": "11.61",
            "revenue": 46840
        },
        "2011-05": {
            "month": "2011-05",
            "price": "11.92",
            "revenue": 54359
        },
        "2011-06": {
            "month": "2011-06",
            "price": "12.02",
            "revenue": 40245
        },
        "2011-07": {
            "month": "2011-07",
            "price": "11.45",
            "revenue": 29901
        },
        "2011-08": {
            "month": "2011-08",
            "price": "9.38",
            "revenue": 30109
        },
        "2011-09": {
            "month": "2011-09",
            "price": "8.26",
            "revenue": 37196
        },
        "2011-10": {
            "month": "2011-10",
            "price": "8.06",
            "revenue": 38008
        },
        "2011-11": {
            "month": "2011-11",
            "price": "6.70",
            "revenue": 41597
        },
        "2011-12": {
            "month": "2011-12",
            "price": "5.36",
            "revenue": 52107
        },
        "2012-01": {
            "month": "2012-01",
            "price": "5.78",
            "revenue": 13140
        },
        "2012-02": {
            "month": "2012-02",
            "price": "6.71",
            "revenue": 33001
        },
        "2012-03": {
            "month": "2012-03",
            "price": "6.78",
            "revenue": 44347
        },
        "2012-04": {
            "month": "2012-04",
            "price": "7.02",
            "revenue": 46309
        },
        "2012-05": {
            "month": "2012-05",
            "price": "6.68",
            "revenue": 41796
        },
        "2012-06": {
            "month": "2012-06",
            "price": "5.00",
            "revenue": 36750
        },
        "2012-07": {
            "month": "2012-07",
            "price": "4.97",
            "revenue": 34409
        },
        "2012-08": {
            "month": "2012-08",
            "price": "5.39",
            "revenue": 36038
        },
        "2012-09": {
            "month": "2012-09",
            "price": "5.38",
            "revenue": 40910
        },
        "2012-10": {
            "month": "2012-10",
            "price": "5.11",
            "revenue": 45813
        },
        "2012-11": {
            "month": "2012-11",
            "price": "5.06",
            "revenue": 44621
        },
        "2012-12": {
            "month": "2012-12",
            "price": "4.98",
            "revenue": 43514
        },
        "2013-01": {
            "month": "2013-01",
            "price": "5.60",
            "revenue": 38467
        },
        "2013-02": {
            "month": "2013-02",
            "price": "5.39",
            "revenue": 29224
        },
        "2013-03": {
            "month": "2013-03",
            "price": "6.66",
            "revenue": 41817
        },
        "2013-04": {
            "month": "2013-04",
            "price": "7.42",
            "revenue": 59836
        },
        "2013-05": {
            "month": "2013-05",
            "price": "8.96",
            "revenue": 58929
        },
        "2013-06": {
            "month": "2013-06",
            "price": "9.20",
            "revenue": 42917
        },
        "2013-07": {
            "month": "2013-07",
            "price": "8.66",
            "revenue": 42504
        },
        "2013-08": {
            "month": "2013-08",
            "price": "9.62",
            "revenue": 41141
        },
        "2013-09": {
            "month": "2013-09",
            "price": "10.20",
            "revenue": 42293
        },
        "2013-10": {
            "month": "2013-10",
            "price": "10.66",
            "revenue": 47800
        },
        "2013-11": {
            "month": "2013-11",
            "price": "10.45",
            "revenue": 48489
        },
        "2013-12": {
            "month": "2013-12",
            "price": "12.11",
            "revenue": 51544
        },
        "2014-01": {
            "month": "2014-01",
            "price": "15.53",
            "revenue": 42136
        },
        "2014-02": {
            "month": "2014-02",
            "price": "18.19",
            "revenue": 30078
        },
        "2014-03": {
            "month": "2014-03",
            "price": "17.68",
            "revenue": 44809
        },
        "2014-04": {
            "month": "2014-04",
            "price": "18.49",
            "revenue": 49958
        },
        "2014-05": {
            "month": "2014-05",
            "price": "17.55",
            "revenue": 51996
        },
        "2014-06": {
            "month": "2014-06",
            "price": "18.03",
            "revenue": 47929
        },
        "2014-07": {
            "month": "2014-07",
            "price": "18.16",
            "revenue": 40387
        },
        "2014-08": {
            "month": "2014-08",
            "price": "20.08",
            "revenue": 40443
        },
        "2014-09": {
            "month": "2014-09",
            "price": "21.64",
            "revenue": 47137
        },
        "2014-10": {
            "month": "2014-10",
            "price": "19.51",
            "revenue": 49623
        },
        "2014-11": {
            "month": "2014-11",
            "price": "20.04",
            "revenue": 48217
        },
        "2014-12": {
            "month": "2014-12",
            "price": "19.65",
            "revenue": 55054
        },
        "2015-01": {
            "month": "2015-01",
            "price": "23.84",
            "revenue": 45731
        },
        "2015-02": {
            "month": "2015-02",
            "price": "22.58",
            "revenue": 28482
        },
        "2015-03": {
            "month": "2015-03",
            "price": "22.45",
            "revenue": 44172
        },
        "2015-04": {
            "month": "2015-04",
            "price": "26.80",
            "revenue": 53949
        },
        "2015-05": {
            "month": "2015-05",
            "price": "23.18",
            "revenue": 51646
        },
        "2015-06": {
            "month": "2015-06",
            "price": "20.19",
            "revenue": 42794
        },
        "2015-07": {
            "month": "2015-07",
            "price": "18.56",
            "revenue": 40863
        },
        "2015-08": {
            "month": "2015-08",
            "price": "14.20",
            "revenue": 40626
        },
        "2015-09": {
            "month": "2015-09",
            "price": "14.64",
            "revenue": 43281
        },
        "2015-10": {
            "month": "2015-10",
            "price": "15.86",
            "revenue": 59161
        },
        "2015-11": {
            "month": "2015-11",
            "price": "15.65",
            "revenue": 54926
        },
        "2015-12": {
            "month": "2015-12",
            "price": "15.59",
            "revenue": 66356
        },
        "2016-01": {
            "month": "2016-01",
            "price": "14.44",
            "revenue": 53387
        },
        "2016-02": {
            "month": "2016-02",
            "price": "15.30",
            "revenue": 55597
        },
        "2016-03": {
            "month": "2016-03",
            "price": "19.13",
            "revenue": 55735
        },
        "2016-04": {
            "month": "2016-04",
            "price": "19.15",
            "revenue": 52707
        },
        "2016-05": {
            "month": "2016-05",
            "price": "16.83",
            "revenue": 50097
        },
        "2016-06": {
            "month": "2016-06",
            "price": "16.92",
            "revenue": 43901
        },
        "2016-07": {
            "month": "2016-07",
            "price": "18.06",
            "revenue": 41672
        },
        "2016-08": {
            "month": "2016-08",
            "price": "18.63",
            "revenue": 40471
        },
        "2016-09": {
            "month": "2016-09",
            "price": "17.44",
            "revenue": 44289
        },
        "2016-10": {
            "month": "2016-10",
            "price": "17.04",
            "revenue": 50137
        },
        "2016-11": {
            "month": "2016-11",
            "price": "14.83",
            "revenue": 57072
        },
        "2016-12": {
            "month": "2016-12",
            "price": "15.36",
            "revenue": 57033
        },
        "2017-01": {
            "month": "2017-01",
            "price": "15.17",
            "revenue": 36806
        },
        "2017-02": {
            "month": "2017-02",
            "price": "15.80",
            "revenue": 30947
        },
        "2017-03": {
            "month": "2017-03",
            "price": "15.59",
            "revenue": 45682
        },
        "2017-04": {
            "month": "2017-04",
            "price": "15.96",
            "revenue": 40188
        },
        "2017-05": {
            "month": "2017-05",
            "price": "16.44",
            "revenue": 34456
        },
        "2017-06": {
            "month": "2017-06",
            "price": "16.12",
            "revenue": 35058
        },
        "2017-07": {
            "month": "2017-07",
            "price": "15.28",
            "revenue": 31790
        },
        "2017-08": {
            "month": "2017-08",
            "price": "14.77",
            "revenue": 31567
        },
        "2017-09": {
            "month": "2017-09",
            "price": "15.70",
            "revenue": 33495
        },
        "2017-10": {
            "month": "2017-10",
            "price": "16.94",
            "revenue": 34520
        },
        "2017-11": {
            "month": "2017-11",
            "price": "17.02",
            "revenue": 41926
        },
        "2017-12": {
            "month": "2017-12",
            "price": "16.53",
            "revenue": 40660
        },
        "2018-01": {
            "month": "2018-01",
            "price": "16.95",
            "revenue": 38144
        },
        "2018-02": {
            "month": "2018-02",
            "price": "16.74",
            "revenue": 21076
        },
        "2018-03": {
            "month": "2018-03",
            "price": "17.90",
            "revenue": 32826
        },
        "2018-04": {
            "month": "2018-04",
            "price": "18.81",
            "revenue": 40485
        },
        "2018-05": {
            "month": "2018-05",
            "price": "18.34",
            "revenue": 40247
        },
        "2018-06": {
            "month": "2018-06",
            "price": "18.59",
            "revenue": 40690
        },
        "2018-07": {
            "month": "2018-07",
            "price": "17.94",
            "revenue": 32073
        },
        "2018-08": {
            "month": "2018-08",
            "price": "17.12",
            "revenue": 25295
        },
        "2018-09": {
            "month": "2018-09",
            "price": "15.99",
            "revenue": 26750
        },
        "2018-10": {
            "month": "2018-10",
            "price": "14.49",
            "revenue": 30572
        },
        "2018-11": {
            "month": "2018-11",
            "price": "12.97",
            "revenue": 39218
        },
        "2018-12": {
            "month": "2018-12",
            "price": "14.87",
            "revenue": 33946
        },
        "2019-01": {
            "month": "2019-01",
            "price": "15.46",
            "revenue": 27031
        },
        "2019-02": {
            "month": "2019-02",
            "price": "14.12",
            "revenue": 16088
        },
        "2019-03": {
            "month": "2019-03",
            "price": "13.11",
            "revenue": 30365
        },
        "2019-04": {
            "month": "2019-04",
            "price": "12.76",
            "revenue": 34485
        },
        "2019-05": {
            "month": "2019-05",
            "price": "12.15",
            "revenue": 40637
        },
        "2019-06": {
            "month": "2019-06",
            "price": "12.75",
            "revenue": 32229
        },
        "2019-07": {
            "month": "2019-07",
            "price": "13.47",
            "revenue": 36001
        },
        "2019-08": {
            "month": "2019-08",
            "price": "13.42",
            "revenue": 36095
        },
        "2019-09": {
            "month": "2019-09",
            "price": "13.39",
            "revenue": 36355
        },
        "2019-10": {
            "month": "2019-10",
            "price": "13.33",
            "revenue": 36698
        },
        "2019-11": {
            "month": "2019-11",
            "price": "12.20",
            "revenue": 37000
        },
        "2019-12": {
            "month": "2019-12",
            "price": "11.60",
            "revenue": 41475
        },
        "2020-01": {
            "month": "2020-01",
            "price": "11.99",
            "revenue": 31064
        },
        "2020-02": {
            "month": "2020-02",
            "price": "10.97",
            "revenue": 16879
        },
        "2020-03": {
            "month": "2020-03",
            "price": "9.37",
            "revenue": 34643
        },
        "2020-04": {
            "month": "2020-04",
            "price": "8.64",
            "revenue": 42514
        },
        "2020-05": {
            "month": "2020-05",
            "price": "10.86",
            "revenue": 45192
        },
        "2020-06": {
            "month": "2020-06",
            "price": "10.98",
            "revenue": 37671
        },
        "2020-07": {
            "month": "2020-07",
            "price": "11.41",
            "revenue": 39289
        },
        "2020-08": {
            "month": "2020-08",
            "price": "11.06",
            "revenue": 38692
        },
        "2020-09": {
            "month": "2020-09",
            "price": "11.80",
            "revenue": 46183
        },
        "2020-10": {
            "month": "2020-10",
            "price": "12.79",
            "revenue": 52264
        },
        "2020-11": {
            "month": "2020-11",
            "price": "13.33",
            "revenue": 55814
        },
        "2020-12": {
            "month": "2020-12",
            "price": "19.26",
            "revenue": 54527
        },
        "2021-01": {
            "month": "2021-01",
            "price": "17.28",
            "revenue": 50405
        },
        "2021-02": {
            "month": "2021-02",
            "price": "19.51",
            "revenue": 30354
        },
        "2021-03": {
            "month": "2021-03",
            "price": "29.99",
            "revenue": 55389
        },
        "2021-04": {
            "month": "2021-04",
            "price": "43.79",
            "revenue": 56456
        },
        "2021-05": {
            "month": "2021-05",
            "price": "33.96",
            "revenue": 59925
        },
        "2021-06": {
            "month": "2021-06",
            "price": "38.59",
            "revenue": 68412
        },
        "2021-07": {
            "month": "2021-07",
            "price": "48.29",
            "revenue": 76694
        },
        "2021-08": {
            "month": "2021-08",
            "price": "48.71",
            "revenue": 74247
        },
        "2021-09": {
            "month": "2021-09",
            "price": "48.95",
            "revenue": 78693
        },
        "2021-10": {
            "month": "2021-10",
            "price": "41.86",
            "revenue": 82999
        },
        "2021-11": {
            "month": "2021-11",
            "price": "58.03",
            "revenue": 78537
        },
        "2021-12": {
            "month": "2021-12",
            "price": "60.26",
            "revenue": 73682
        },
        "2022-01": {
            "month": "2022-01",
            "price": "51.07",
            "revenue": 74253
        },
        "2022-02": {
            "month": "2022-02",
            "price": "52.75",
            "revenue": 40313
        },
        "2022-03": {
            "month": "2022-03",
            "price": "56.25",
            "revenue": 60226
        },
        "2022-04": {
            "month": "2022-04",
            "price": "56.91",
            "revenue": 48217
        },
        "2022-05": {
            "month": "2022-05",
            "price": "50.50",
            "revenue": 47385
        },
        "2022-06": {
            "month": "2022-06",
            "price": "44.73",
            "revenue": 35406
        },
        "2022-07": {
            "month": "2022-07",
            "price": "35.01",
            "revenue": 31051
        },
        "2022-08": {
            "month": "2022-08",
            "price": "33.75",
            "revenue": 34199
        },
        "2022-09": {
            "month": "2022-09",
            "price": "28.86",
            "revenue": 36806
        },
        "2022-10": {
            "month": "2022-10",
            "price": "25.12",
            "revenue": 38861
        },
        "2022-11": {
            "month": "2022-11",
            "price": "27.08",
            "revenue": 30542
        },
        "2022-12": {
            "month": "2022-12",
            "price": "26.82",
            "revenue": 33685
        },
        "2023-01": {
            "month": "2023-01",
            "price": "25.41",
            "revenue": 17859
        },
        "2023-02": {
            "month": "2023-02",
            "price": "27.72",
            "revenue": 23974
        },
        "2023-03": {
            "month": "2023-03",
            "price": "27.83",
            "revenue": 31860
        },
        "2023-04": {
            "month": "2023-04",
            "price": "26.39",
            "revenue": 29530
        },
        "2023-05": {
            "month": "2023-05",
            "price": "24.91",
            "revenue": 29145
        },
        "2023-06": {
            "month": "2023-06",
            "price": "25.95",
            "revenue": 27267
        },
        "2023-07": {
            "month": "2023-07",
            "price": "26.05",
            "revenue": 27734
        },
        "2023-08": {
            "month": "2023-08",
            "price": "24.22",
            "revenue": 35482
        },
        "2023-09": {
            "month": "2023-09",
            "price": "28.33",
            "revenue": 31354
        },
        "2023-10": {
            "month": "2023-10",
            "price": "43.54",
            "revenue": 40423
        },
        "2023-11": {
            "month": "2023-11",
            "price": "48.44",
            "revenue": 40376
        },
        "2023-12": {
            "month": "2023-12",
            "price": "47.97",
            "revenue": 36280
        }
    }
}
