{
    "summary": {
        "stock_name": "昇銳",
        "stock_id": "3128",
        "category": "光電",
        "main_business": "各種電子監視系統之製造加工<br>各種電子監視系統及其另件之買賣及安裝業務<br>前項有關產品及其原材料之進出口業務",
        "website_url": "http://www.hisharp.com",
        "ceo": "蕭哲彥",
        "pe_ratio": 35,
        "report_year_from": 2001,
        "report_year_to": 2023,
        "age": 23,
        "eps_negative_percentage": 10,
        "eps_growth_avg": {
            "last_all": 11.69,
            "last_2y": 25.66,
            "last_4y": 29.94,
            "last_8y": 38.62,
            "last_12y": 19,
            "last_16y": 5.26,
            "last_20y": null,
            "at_2006_last_3y": null,
            "at_2007_last_3y": null,
            "at_2008_last_3y": 13.89,
            "at_2009_last_3y": 16.87,
            "at_2010_last_3y": -32.52,
            "at_2011_last_3y": -6.46,
            "at_2012_last_3y": -16.46,
            "at_2013_last_3y": -32.53,
            "at_2014_last_3y": -33.33,
            "at_2015_last_3y": -100,
            "at_2016_last_3y": 0,
            "at_2017_last_3y": -1.45,
            "at_2018_last_3y": 53.1,
            "at_2019_last_3y": 57.18,
            "at_2020_last_3y": 33,
            "at_2021_last_3y": 40.84,
            "at_2022_last_3y": 49.93,
            "at_2023_last_3y": 20.07,
            "at_2024_last_3y": 20.07,
            "at_2006_last_all": 59.91,
            "at_2007_last_all": 38.52,
            "at_2008_last_all": 13.89,
            "at_2009_last_all": 17.46,
            "at_2010_last_all": -1.71,
            "at_2011_last_all": 12.82,
            "at_2012_last_all": -1.28,
            "at_2013_last_all": -1.28,
            "at_2014_last_all": -12.25,
            "at_2015_last_all": -12.25,
            "at_2016_last_all": -1.03,
            "at_2017_last_all": -1.33,
            "at_2018_last_all": 4.08,
            "at_2019_last_all": 9.11,
            "at_2020_last_all": 8.7,
            "at_2021_last_all": 9.91,
            "at_2022_last_all": 15.54,
            "at_2023_last_all": 11.69,
            "at_2024_last_all": 11.69
        },
        "latest_eps": 0.89,
        "latest_price": 31,
        "latest_roe": 6.4,
        "latest_gross_margin": 27.7,
        "latest_equity": 651041,
        "latest_revenue": 227525,
        "latest_gross_profit": 63020,
        "latest_net_income": 3242,
        "latest_debt_ratio": 46.9,
        "latest_current_ratio": 282.58,
        "latest_account_receivable_turnover_ratio": 1.29,
        "latest_inventory_turnover_ratio": 0.59,
        "latest_reinvestment_rate": 40.89,
        "latest_research_to_sale_ratio": 7.64
    },
    "eps_dividends": {
        "2001": {
            "cash": 0,
            "stock": 0,
            "eps": 0
        },
        "2002": {
            "cash": 0,
            "stock": 0,
            "eps": 0
        },
        "2003": {
            "cash": 0,
            "stock": 0.76,
            "eps": 0
        },
        "2004": {
            "cash": 0,
            "stock": 0.63,
            "eps": 1.11
        },
        "2005": {
            "cash": 0,
            "stock": 1.05,
            "eps": 1.33
        },
        "2006": {
            "cash": 0.75,
            "stock": 0.75,
            "eps": 3.29
        },
        "2007": {
            "cash": 2,
            "stock": 0.5,
            "eps": 3.15
        },
        "2008": {
            "cash": 2.5,
            "stock": 0,
            "eps": 1.26
        },
        "2009": {
            "cash": 1,
            "stock": 0,
            "eps": 1.66
        },
        "2010": {
            "cash": 1.5,
            "stock": 0,
            "eps": 0.04
        },
        "2011": {
            "cash": 0,
            "stock": 0,
            "eps": 0.11
        },
        "2012": {
            "cash": 1,
            "stock": 0,
            "eps": -0.92
        },
        "2013": {
            "cash": 0,
            "stock": 0,
            "eps": 0.09
        },
        "2014": {
            "cash": 0,
            "stock": 0,
            "eps": -0.42
        },
        "2015": {
            "cash": 0,
            "stock": 0,
            "eps": 0.07
        },
        "2016": {
            "cash": 0,
            "stock": 0,
            "eps": 0.23
        },
        "2017": {
            "cash": 0.3,
            "stock": 0,
            "eps": 0.22
        },
        "2018": {
            "cash": 0.4,
            "stock": 0,
            "eps": 0.36
        },
        "2019": {
            "cash": 0.5,
            "stock": 0,
            "eps": 0.61
        },
        "2020": {
            "cash": 0.52,
            "stock": 0,
            "eps": 0.63
        },
        "2021": {
            "cash": 0.55,
            "stock": 0,
            "eps": 0.8
        },
        "2022": {
            "cash": 0.7,
            "stock": 0,
            "eps": 1.8
        },
        "2023": {
            "cash": 1.2,
            "stock": 0,
            "eps": 0.9
        }
    },
    "dividends": {
        "2003-06-30": {
            "cash": 0,
            "stock": 0.76
        },
        "2004-04-12": {
            "cash": 0,
            "stock": 0.63
        },
        "2005-04-26": {
            "cash": 0,
            "stock": 1.05
        },
        "2006-03-13": {
            "cash": 0.75,
            "stock": 0.75
        },
        "2007-03-26": {
            "cash": 2,
            "stock": 0.5
        },
        "2008-04-28": {
            "cash": 2.5,
            "stock": 0
        },
        "2009-04-27": {
            "cash": 1,
            "stock": 0
        },
        "2010-04-27": {
            "cash": 1.5,
            "stock": 0
        },
        "2012-04-26": {
            "cash": 1,
            "stock": 0
        },
        "2017-09-05": {
            "cash": 0.3,
            "stock": 0
        },
        "2018-08-31": {
            "cash": 0.4,
            "stock": 0
        },
        "2019-08-30": {
            "cash": 0.5,
            "stock": 0
        },
        "2020-08-28": {
            "cash": 0.52,
            "stock": 0
        },
        "2021-09-28": {
            "cash": 0.55,
            "stock": 0
        },
        "2022-08-30": {
            "cash": 0.7,
            "stock": 0
        },
        "2023-08-31": {
            "cash": 1.2,
            "stock": 0
        }
    },
    "prices": {
        "200101": "無",
        "200102": "無",
        "200103": "無",
        "200104": "無",
        "200105": "無",
        "200106": "無",
        "200107": "無",
        "200108": "無",
        "200109": "無",
        "200110": "無",
        "200111": "無",
        "200112": "無",
        "200201": "無",
        "200202": "無",
        "200203": "無",
        "200204": "無",
        "200205": "無",
        "200206": "無",
        "200207": "無",
        "200208": "無",
        "200209": "無",
        "200210": "無",
        "200211": "無",
        "200212": "無",
        "200301": "無",
        "200302": "無",
        "200303": "無",
        "200304": "無",
        "200305": "無",
        "200306": "無",
        "200307": "無",
        "200308": "無",
        "200309": "無",
        "200310": "12.09",
        "200311": "11.50",
        "200312": "11.07",
        "200401": "12.03",
        "200402": "10.57",
        "200403": "無",
        "200404": "11.30",
        "200405": "無",
        "200406": "11.26",
        "200407": "10.67",
        "200408": "無",
        "200409": "9.11",
        "200410": "無",
        "200411": "8.97",
        "200412": "8.73",
        "200501": "11.26",
        "200502": "11.30",
        "200503": "10.62",
        "200504": "10.64",
        "200505": "10.26",
        "200506": "10.86",
        "200507": "10.99",
        "200508": "13.28",
        "200509": "14.87",
        "200510": "15.22",
        "200511": "15.47",
        "200512": "16.35",
        "200601": "18.40",
        "200602": "18.20",
        "200603": "23.48",
        "200604": "24.23",
        "200605": "26.12",
        "200606": "22.90",
        "200607": "21.88",
        "200608": "24.30",
        "200609": "26.40",
        "200610": "32.60",
        "200611": "38.18",
        "200612": "39.21",
        "200701": "38.68",
        "200702": "36.25",
        "200703": "39.92",
        "200704": "43.25",
        "200705": "48.08",
        "200706": "69.57",
        "200707": "81.55",
        "200708": "64.39",
        "200709": "61.14",
        "200710": "55.85",
        "200711": "41.76",
        "200712": "38.29",
        "200801": "34.55",
        "200802": "31.73",
        "200803": "37.94",
        "200804": "38.78",
        "200805": "34.60",
        "200806": "28.19",
        "200807": "21.92",
        "200808": "21.16",
        "200809": "14.17",
        "200810": "12.96",
        "200811": "10.66",
        "200812": "10.06",
        "200901": "10.03",
        "200902": "10.87",
        "200903": "12.79",
        "200904": "14.45",
        "200905": "15.76",
        "200906": "15.64",
        "200907": "17.85",
        "200908": "17.69",
        "200909": "19.85",
        "200910": "24.86",
        "200911": "26.88",
        "200912": "31.94",
        "201001": "29.50",
        "201002": "25.11",
        "201003": "29.03",
        "201004": "28.49",
        "201005": "24.25",
        "201006": "22.77",
        "201007": "23.73",
        "201008": "22.52",
        "201009": "20.45",
        "201010": "22.65",
        "201011": "20.33",
        "201012": "20.77",
        "201101": "21.30",
        "201102": "20.19",
        "201103": "18.81",
        "201104": "17.46",
        "201105": "15.69",
        "201106": "14.69",
        "201107": "13.85",
        "201108": "14.08",
        "201109": "13.51",
        "201110": "13.48",
        "201111": "11.50",
        "201112": "10.37",
        "201201": "10.27",
        "201202": "12.04",
        "201203": "12.55",
        "201204": "12.34",
        "201205": "11.08",
        "201206": "11.21",
        "201207": "11.82",
        "201208": "10.75",
        "201209": "10.30",
        "201210": "8.81",
        "201211": "7.93",
        "201212": "8.43",
        "201301": "8.66",
        "201302": "8.96",
        "201303": "9.45",
        "201304": "10.72",
        "201305": "10.40",
        "201306": "10.05",
        "201307": "10.11",
        "201308": "11.38",
        "201309": "14.84",
        "201310": "13.85",
        "201311": "12.07",
        "201312": "13.32",
        "201401": "15.84",
        "201402": "16.56",
        "201403": "16.88",
        "201404": "15.45",
        "201405": "14.49",
        "201406": "14.87",
        "201407": "14.32",
        "201408": "12.80",
        "201409": "12.38",
        "201410": "11.40",
        "201411": "10.21",
        "201412": "10.92",
        "201501": "11.67",
        "201502": "11.47",
        "201503": "14.47",
        "201504": "18.36",
        "201505": "18.03",
        "201506": "17.88",
        "201507": "16.22",
        "201508": "14.05",
        "201509": "14.06",
        "201510": "13.39",
        "201511": "12.69",
        "201512": "15.67",
        "201601": "15.76",
        "201602": "14.25",
        "201603": "14.59",
        "201604": "15.22",
        "201605": "14.28",
        "201606": "13.45",
        "201607": "13.25",
        "201608": "13.06",
        "201609": "12.10",
        "201610": "11.70",
        "201611": "11.48",
        "201612": "11.33",
        "201701": "11.47",
        "201702": "12.56",
        "201703": "12.31",
        "201704": "11.72",
        "201705": "11.40",
        "201706": "11.70",
        "201707": "11.54",
        "201708": "11.18",
        "201709": "11.44",
        "201710": "11.79",
        "201711": "11.33",
        "201712": "11.18",
        "201801": "10.95",
        "201802": "10.72",
        "201803": "13.66",
        "201804": "17.68",
        "201805": "15.32",
        "201806": "15.47",
        "201807": "14.14",
        "201808": "12.78",
        "201809": "12.26",
        "201810": "11.46",
        "201811": "12.74",
        "201812": "13.95",
        "201901": "14.68",
        "201902": "15.47",
        "201903": "15.23",
        "201904": "14.50",
        "201905": "14.92",
        "201906": "15.06",
        "201907": "14.46",
        "201908": "13.80",
        "201909": "13.92",
        "201910": "14.02",
        "201911": "13.38",
        "201912": "13.02",
        "202001": "12.90",
        "202002": "12.41",
        "202003": "11.68",
        "202004": "11.76",
        "202005": "12.61",
        "202006": "12.74",
        "202007": "13.13",
        "202008": "13.08",
        "202009": "13.19",
        "202010": "12.93",
        "202011": "12.90",
        "202012": "13.72",
        "202101": "17.52",
        "202102": "19.63",
        "202103": "19.98",
        "202104": "21.37",
        "202105": "17.52",
        "202106": "19.06",
        "202107": "20.44",
        "202108": "17.91",
        "202109": "18.54",
        "202110": "20.08",
        "202111": "22.55",
        "202112": "23.94",
        "202201": "22.12",
        "202202": "20.92",
        "202203": "19.17",
        "202204": "19.89",
        "202205": "19.00",
        "202206": "19.22",
        "202207": "18.69",
        "202208": "21.25",
        "202209": "26.90",
        "202210": "27.46",
        "202211": "38.27",
        "202212": "47.07",
        "202301": "41.23",
        "202302": "45.36",
        "202303": "43.92",
        "202304": "40.46",
        "202305": "38.51",
        "202306": "41.31",
        "202307": "40.83",
        "202308": "33.92",
        "202309": "31.21",
        "202310": "29.00",
        "202311": "30.82",
        "202312": "30.37"
    },
    "quarters": {
        "20011": {
            "year_quarter": 20011,
            "year": 2001,
            "quarter": 1,
            "eps": null,
            "eps_growth_year": null,
            "eps_4q": null,
            "eps_4q_growth_year": null,
            "roe": null,
            "roe_4q": 0,
            "gross_profit": null,
            "gross_margin": null,
            "gross_margin_4q_avg": 0,
            "net_income": null,
            "net_income_4q": null,
            "revenue": null,
            "revenue_4q": null,
            "common_shares": null,
            "book_valuer_per_share": null,
            "book_valuer_per_share_4q_avg": 0,
            "equity": null,
            "current_ratio": null,
            "debt_ratio": null,
            "inventory_turnover_ratio": null,
            "account_receivable_turnover_ratio": null,
            "reinvestment_rate": null,
            "research_to_sale_ratio": null,
            "price_fair": 0,
            "eps_avg_yearly": 0,
            "eps_latest_yearly": 0,
            "eps_growth_yearly": 0
        },
        "20012": {
            "year_quarter": 20012,
            "year": 2001,
            "quarter": 2,
            "eps": null,
            "eps_growth_year": null,
            "eps_4q": null,
            "eps_4q_growth_year": null,
            "roe": null,
            "roe_4q": 0,
            "gross_profit": null,
            "gross_margin": null,
            "gross_margin_4q_avg": 0,
            "net_income": null,
            "net_income_4q": null,
            "revenue": null,
            "revenue_4q": null,
            "common_shares": null,
            "book_valuer_per_share": null,
            "book_valuer_per_share_4q_avg": 0,
            "equity": null,
            "current_ratio": null,
            "debt_ratio": null,
            "inventory_turnover_ratio": null,
            "account_receivable_turnover_ratio": null,
            "reinvestment_rate": null,
            "research_to_sale_ratio": null,
            "price_fair": 0,
            "eps_avg_yearly": 0,
            "eps_latest_yearly": 0,
            "eps_growth_yearly": 0
        },
        "20013": {
            "year_quarter": 20013,
            "year": 2001,
            "quarter": 3,
            "eps": null,
            "eps_growth_year": null,
            "eps_4q": null,
            "eps_4q_growth_year": null,
            "roe": null,
            "roe_4q": 0,
            "gross_profit": null,
            "gross_margin": null,
            "gross_margin_4q_avg": 0,
            "net_income": null,
            "net_income_4q": null,
            "revenue": null,
            "revenue_4q": null,
            "common_shares": null,
            "book_valuer_per_share": null,
            "book_valuer_per_share_4q_avg": 0,
            "equity": null,
            "current_ratio": null,
            "debt_ratio": null,
            "inventory_turnover_ratio": null,
            "account_receivable_turnover_ratio": null,
            "reinvestment_rate": null,
            "research_to_sale_ratio": null,
            "price_fair": 0,
            "eps_avg_yearly": 0,
            "eps_latest_yearly": 0,
            "eps_growth_yearly": 0
        },
        "20014": {
            "year_quarter": 20014,
            "year": 2001,
            "quarter": 4,
            "eps": null,
            "eps_growth_year": null,
            "eps_4q": null,
            "eps_4q_growth_year": null,
            "roe": null,
            "roe_4q": 0,
            "gross_profit": null,
            "gross_margin": null,
            "gross_margin_4q_avg": 0,
            "net_income": null,
            "net_income_4q": null,
            "revenue": null,
            "revenue_4q": null,
            "common_shares": 230000,
            "book_valuer_per_share": 10.62,
            "book_valuer_per_share_4q_avg": 2.66,
            "equity": 244335,
            "current_ratio": 97.5,
            "debt_ratio": 65.85,
            "inventory_turnover_ratio": null,
            "account_receivable_turnover_ratio": null,
            "reinvestment_rate": null,
            "research_to_sale_ratio": null,
            "price_fair": 0,
            "eps_avg_yearly": 0,
            "eps_latest_yearly": 0,
            "eps_growth_yearly": 0
        },
        "20021": {
            "year_quarter": 20021,
            "year": 2002,
            "quarter": 1,
            "eps": null,
            "eps_growth_year": null,
            "eps_4q": null,
            "eps_4q_growth_year": null,
            "roe": null,
            "roe_4q": 0,
            "gross_profit": null,
            "gross_margin": null,
            "gross_margin_4q_avg": 0,
            "net_income": null,
            "net_income_4q": null,
            "revenue": null,
            "revenue_4q": null,
            "common_shares": null,
            "book_valuer_per_share": null,
            "book_valuer_per_share_4q_avg": 2.66,
            "equity": null,
            "current_ratio": null,
            "debt_ratio": null,
            "inventory_turnover_ratio": null,
            "account_receivable_turnover_ratio": null,
            "reinvestment_rate": null,
            "research_to_sale_ratio": null,
            "price_fair": 0,
            "eps_avg_yearly": 0,
            "eps_latest_yearly": 0,
            "eps_growth_yearly": 0
        },
        "20022": {
            "year_quarter": 20022,
            "year": 2002,
            "quarter": 2,
            "eps": null,
            "eps_growth_year": null,
            "eps_4q": null,
            "eps_4q_growth_year": null,
            "roe": null,
            "roe_4q": 0,
            "gross_profit": null,
            "gross_margin": null,
            "gross_margin_4q_avg": 0,
            "net_income": null,
            "net_income_4q": null,
            "revenue": null,
            "revenue_4q": null,
            "common_shares": null,
            "book_valuer_per_share": null,
            "book_valuer_per_share_4q_avg": 2.66,
            "equity": null,
            "current_ratio": null,
            "debt_ratio": null,
            "inventory_turnover_ratio": null,
            "account_receivable_turnover_ratio": null,
            "reinvestment_rate": null,
            "research_to_sale_ratio": null,
            "price_fair": 0,
            "eps_avg_yearly": 0,
            "eps_latest_yearly": 0,
            "eps_growth_yearly": 0
        },
        "20023": {
            "year_quarter": 20023,
            "year": 2002,
            "quarter": 3,
            "eps": null,
            "eps_growth_year": null,
            "eps_4q": null,
            "eps_4q_growth_year": null,
            "roe": null,
            "roe_4q": 0,
            "gross_profit": null,
            "gross_margin": null,
            "gross_margin_4q_avg": 0,
            "net_income": null,
            "net_income_4q": null,
            "revenue": null,
            "revenue_4q": null,
            "common_shares": null,
            "book_valuer_per_share": null,
            "book_valuer_per_share_4q_avg": 2.66,
            "equity": null,
            "current_ratio": null,
            "debt_ratio": null,
            "inventory_turnover_ratio": null,
            "account_receivable_turnover_ratio": null,
            "reinvestment_rate": null,
            "research_to_sale_ratio": null,
            "price_fair": 0,
            "eps_avg_yearly": 0,
            "eps_latest_yearly": 0,
            "eps_growth_yearly": 0
        },
        "20024": {
            "year_quarter": 20024,
            "year": 2002,
            "quarter": 4,
            "eps": null,
            "eps_growth_year": null,
            "eps_4q": null,
            "eps_4q_growth_year": null,
            "roe": null,
            "roe_4q": 0,
            "gross_profit": null,
            "gross_margin": null,
            "gross_margin_4q_avg": 0,
            "net_income": null,
            "net_income_4q": null,
            "revenue": null,
            "revenue_4q": null,
            "common_shares": 230000,
            "book_valuer_per_share": 11.84,
            "book_valuer_per_share_4q_avg": 2.96,
            "equity": 272424,
            "current_ratio": 104.37,
            "debt_ratio": 63.06,
            "inventory_turnover_ratio": null,
            "account_receivable_turnover_ratio": null,
            "reinvestment_rate": null,
            "research_to_sale_ratio": null,
            "price_fair": 0,
            "eps_avg_yearly": 0,
            "eps_latest_yearly": 0,
            "eps_growth_yearly": 0
        },
        "20031": {
            "year_quarter": 20031,
            "year": 2003,
            "quarter": 1,
            "eps": null,
            "eps_growth_year": null,
            "eps_4q": null,
            "eps_4q_growth_year": null,
            "roe": null,
            "roe_4q": 0,
            "gross_profit": null,
            "gross_margin": null,
            "gross_margin_4q_avg": 0,
            "net_income": null,
            "net_income_4q": null,
            "revenue": null,
            "revenue_4q": null,
            "common_shares": null,
            "book_valuer_per_share": null,
            "book_valuer_per_share_4q_avg": 2.96,
            "equity": null,
            "current_ratio": null,
            "debt_ratio": null,
            "inventory_turnover_ratio": null,
            "account_receivable_turnover_ratio": null,
            "reinvestment_rate": null,
            "research_to_sale_ratio": null,
            "price_fair": 0,
            "eps_avg_yearly": 0,
            "eps_latest_yearly": 0,
            "eps_growth_yearly": 0
        },
        "20032": {
            "year_quarter": 20032,
            "year": 2003,
            "quarter": 2,
            "eps": null,
            "eps_growth_year": null,
            "eps_4q": null,
            "eps_4q_growth_year": null,
            "roe": null,
            "roe_4q": 0,
            "gross_profit": null,
            "gross_margin": null,
            "gross_margin_4q_avg": 0,
            "net_income": null,
            "net_income_4q": null,
            "revenue": null,
            "revenue_4q": null,
            "common_shares": null,
            "book_valuer_per_share": null,
            "book_valuer_per_share_4q_avg": 2.96,
            "equity": null,
            "current_ratio": null,
            "debt_ratio": null,
            "inventory_turnover_ratio": null,
            "account_receivable_turnover_ratio": null,
            "reinvestment_rate": null,
            "research_to_sale_ratio": null,
            "price_fair": 0,
            "eps_avg_yearly": 0,
            "eps_latest_yearly": 0,
            "eps_growth_yearly": 0
        },
        "20033": {
            "year_quarter": 20033,
            "year": 2003,
            "quarter": 3,
            "eps": null,
            "eps_growth_year": null,
            "eps_4q": null,
            "eps_4q_growth_year": null,
            "roe": null,
            "roe_4q": 0,
            "gross_profit": null,
            "gross_margin": null,
            "gross_margin_4q_avg": 0,
            "net_income": null,
            "net_income_4q": null,
            "revenue": null,
            "revenue_4q": null,
            "common_shares": null,
            "book_valuer_per_share": null,
            "book_valuer_per_share_4q_avg": 2.96,
            "equity": null,
            "current_ratio": null,
            "debt_ratio": null,
            "inventory_turnover_ratio": null,
            "account_receivable_turnover_ratio": null,
            "reinvestment_rate": null,
            "research_to_sale_ratio": null,
            "price_fair": 0,
            "eps_avg_yearly": 0,
            "eps_latest_yearly": 0,
            "eps_growth_yearly": 0
        },
        "20034": {
            "year_quarter": 20034,
            "year": 2003,
            "quarter": 4,
            "eps": null,
            "eps_growth_year": null,
            "eps_4q": null,
            "eps_4q_growth_year": null,
            "roe": null,
            "roe_4q": 0,
            "gross_profit": null,
            "gross_margin": null,
            "gross_margin_4q_avg": 0,
            "net_income": null,
            "net_income_4q": null,
            "revenue": null,
            "revenue_4q": null,
            "common_shares": 250000,
            "book_valuer_per_share": 11.57,
            "book_valuer_per_share_4q_avg": 2.89,
            "equity": 289194,
            "current_ratio": 106.62,
            "debt_ratio": 64.55,
            "inventory_turnover_ratio": null,
            "account_receivable_turnover_ratio": null,
            "reinvestment_rate": null,
            "research_to_sale_ratio": null,
            "price_fair": 0,
            "eps_avg_yearly": 0,
            "eps_latest_yearly": 0,
            "eps_growth_yearly": 0
        },
        "20041": {
            "year_quarter": 20041,
            "year": 2004,
            "quarter": 1,
            "eps": null,
            "eps_growth_year": null,
            "eps_4q": null,
            "eps_4q_growth_year": null,
            "roe": null,
            "roe_4q": 0,
            "gross_profit": null,
            "gross_margin": null,
            "gross_margin_4q_avg": 0,
            "net_income": null,
            "net_income_4q": null,
            "revenue": null,
            "revenue_4q": null,
            "common_shares": null,
            "book_valuer_per_share": null,
            "book_valuer_per_share_4q_avg": 2.89,
            "equity": null,
            "current_ratio": null,
            "debt_ratio": null,
            "inventory_turnover_ratio": null,
            "account_receivable_turnover_ratio": null,
            "reinvestment_rate": null,
            "research_to_sale_ratio": null,
            "price_fair": 0,
            "eps_avg_yearly": 0,
            "eps_latest_yearly": 0,
            "eps_growth_yearly": 0
        },
        "20042": {
            "year_quarter": 20042,
            "year": 2004,
            "quarter": 2,
            "eps": null,
            "eps_growth_year": null,
            "eps_4q": null,
            "eps_4q_growth_year": null,
            "roe": null,
            "roe_4q": 0,
            "gross_profit": null,
            "gross_margin": null,
            "gross_margin_4q_avg": 0,
            "net_income": null,
            "net_income_4q": null,
            "revenue": null,
            "revenue_4q": null,
            "common_shares": null,
            "book_valuer_per_share": null,
            "book_valuer_per_share_4q_avg": 2.89,
            "equity": null,
            "current_ratio": null,
            "debt_ratio": null,
            "inventory_turnover_ratio": null,
            "account_receivable_turnover_ratio": null,
            "reinvestment_rate": null,
            "research_to_sale_ratio": null,
            "price_fair": 0,
            "eps_avg_yearly": 0,
            "eps_latest_yearly": 0,
            "eps_growth_yearly": 0
        },
        "20043": {
            "year_quarter": 20043,
            "year": 2004,
            "quarter": 3,
            "eps": 0.57,
            "eps_growth_year": null,
            "eps_4q": null,
            "eps_4q_growth_year": null,
            "roe": 4.75,
            "roe_4q": 4.75,
            "gross_profit": 48616,
            "gross_margin": 17.12,
            "gross_margin_4q_avg": 4.28,
            "net_income": 15179,
            "net_income_4q": null,
            "revenue": 284055,
            "revenue_4q": null,
            "common_shares": 268000,
            "book_valuer_per_share": 11.92,
            "book_valuer_per_share_4q_avg": 5.87,
            "equity": 319532,
            "current_ratio": 116.51,
            "debt_ratio": 66.48,
            "inventory_turnover_ratio": 1.03,
            "account_receivable_turnover_ratio": null,
            "reinvestment_rate": null,
            "research_to_sale_ratio": null,
            "price_fair": 0,
            "eps_avg_yearly": 0,
            "eps_latest_yearly": 0,
            "eps_growth_yearly": 0
        },
        "20044": {
            "year_quarter": 20044,
            "year": 2004,
            "quarter": 4,
            "eps": 0.54,
            "eps_growth_year": null,
            "eps_4q": null,
            "eps_4q_growth_year": null,
            "roe": 4.45,
            "roe_4q": 9.2,
            "gross_profit": 80466,
            "gross_margin": 24.77,
            "gross_margin_4q_avg": 10.47,
            "net_income": 14536,
            "net_income_4q": null,
            "revenue": 324839,
            "revenue_4q": null,
            "common_shares": 268000,
            "book_valuer_per_share": 12.45,
            "book_valuer_per_share_4q_avg": 6.09,
            "equity": 333646,
            "current_ratio": 126.62,
            "debt_ratio": 62.75,
            "inventory_turnover_ratio": 1.12,
            "account_receivable_turnover_ratio": null,
            "reinvestment_rate": null,
            "research_to_sale_ratio": null,
            "price_fair": 6.48,
            "eps_avg_yearly": 2.16,
            "eps_latest_yearly": 2.16,
            "eps_growth_yearly": -21.05
        },
        "20051": {
            "year_quarter": 20051,
            "year": 2005,
            "quarter": 1,
            "eps": null,
            "eps_growth_year": null,
            "eps_4q": null,
            "eps_4q_growth_year": null,
            "roe": null,
            "roe_4q": 9.2,
            "gross_profit": null,
            "gross_margin": null,
            "gross_margin_4q_avg": 10.47,
            "net_income": null,
            "net_income_4q": null,
            "revenue": null,
            "revenue_4q": null,
            "common_shares": null,
            "book_valuer_per_share": null,
            "book_valuer_per_share_4q_avg": 6.09,
            "equity": null,
            "current_ratio": null,
            "debt_ratio": null,
            "inventory_turnover_ratio": null,
            "account_receivable_turnover_ratio": null,
            "reinvestment_rate": null,
            "research_to_sale_ratio": null,
            "price_fair": 6.48,
            "eps_avg_yearly": 2.16,
            "eps_latest_yearly": 2.16,
            "eps_growth_yearly": -21.05
        },
        "20052": {
            "year_quarter": 20052,
            "year": 2005,
            "quarter": 2,
            "eps": null,
            "eps_growth_year": null,
            "eps_4q": null,
            "eps_4q_growth_year": null,
            "roe": null,
            "roe_4q": 9.2,
            "gross_profit": null,
            "gross_margin": null,
            "gross_margin_4q_avg": 10.47,
            "net_income": null,
            "net_income_4q": null,
            "revenue": null,
            "revenue_4q": null,
            "common_shares": null,
            "book_valuer_per_share": null,
            "book_valuer_per_share_4q_avg": 6.09,
            "equity": null,
            "current_ratio": null,
            "debt_ratio": null,
            "inventory_turnover_ratio": null,
            "account_receivable_turnover_ratio": null,
            "reinvestment_rate": null,
            "research_to_sale_ratio": null,
            "price_fair": 6.48,
            "eps_avg_yearly": 2.16,
            "eps_latest_yearly": 2.16,
            "eps_growth_yearly": -21.05
        },
        "20053": {
            "year_quarter": 20053,
            "year": 2005,
            "quarter": 3,
            "eps": 0.56,
            "eps_growth_year": -1.75,
            "eps_4q": null,
            "eps_4q_growth_year": null,
            "roe": 4.37,
            "roe_4q": 8.82,
            "gross_profit": 56975,
            "gross_margin": 20.1,
            "gross_margin_4q_avg": 11.22,
            "net_income": 16661,
            "net_income_4q": null,
            "revenue": 283444,
            "revenue_4q": null,
            "common_shares": 300000,
            "book_valuer_per_share": 12.71,
            "book_valuer_per_share_4q_avg": 6.29,
            "equity": 381266,
            "current_ratio": 146.66,
            "debt_ratio": 55.11,
            "inventory_turnover_ratio": 1.07,
            "account_receivable_turnover_ratio": null,
            "reinvestment_rate": null,
            "research_to_sale_ratio": null,
            "price_fair": 6.48,
            "eps_avg_yearly": 2.16,
            "eps_latest_yearly": 2.16,
            "eps_growth_yearly": -21.05
        },
        "20054": {
            "year_quarter": 20054,
            "year": 2005,
            "quarter": 4,
            "eps": 0.77,
            "eps_growth_year": 42.59,
            "eps_4q": null,
            "eps_4q_growth_year": null,
            "roe": 5.86,
            "roe_4q": 10.23,
            "gross_profit": 71045,
            "gross_margin": 22.27,
            "gross_margin_4q_avg": 10.59,
            "net_income": 23089,
            "net_income_4q": null,
            "revenue": 318972,
            "revenue_4q": null,
            "common_shares": 300000,
            "book_valuer_per_share": 13.48,
            "book_valuer_per_share_4q_avg": 6.55,
            "equity": 407398,
            "current_ratio": 159.47,
            "debt_ratio": 51.82,
            "inventory_turnover_ratio": 1.15,
            "account_receivable_turnover_ratio": null,
            "reinvestment_rate": null,
            "research_to_sale_ratio": null,
            "price_fair": 91.7,
            "eps_avg_yearly": 2.62,
            "eps_latest_yearly": 3.08,
            "eps_growth_yearly": 64.47
        },
        "20061": {
            "year_quarter": 20061,
            "year": 2006,
            "quarter": 1,
            "eps": 0.73,
            "eps_growth_year": null,
            "eps_4q": null,
            "eps_4q_growth_year": null,
            "roe": 5.23,
            "roe_4q": 15.46,
            "gross_profit": 62320,
            "gross_margin": 19.76,
            "gross_margin_4q_avg": 15.53,
            "net_income": 21815,
            "net_income_4q": null,
            "revenue": 315421,
            "revenue_4q": null,
            "common_shares": 300000,
            "book_valuer_per_share": 14.21,
            "book_valuer_per_share_4q_avg": 10.1,
            "equity": 426160,
            "current_ratio": 156.13,
            "debt_ratio": 51.61,
            "inventory_turnover_ratio": 1.08,
            "account_receivable_turnover_ratio": null,
            "reinvestment_rate": null,
            "research_to_sale_ratio": null,
            "price_fair": 95.2,
            "eps_avg_yearly": 2.72,
            "eps_latest_yearly": 2.92,
            "eps_growth_yearly": 36.06
        },
        "20062": {
            "year_quarter": 20062,
            "year": 2006,
            "quarter": 2,
            "eps": 0.81,
            "eps_growth_year": null,
            "eps_4q": 2.71,
            "eps_4q_growth_year": null,
            "roe": 6.18,
            "roe_4q": 21.64,
            "gross_profit": 77019,
            "gross_margin": 22.11,
            "gross_margin_4q_avg": 21.06,
            "net_income": 26231,
            "net_income_4q": null,
            "revenue": 348355,
            "revenue_4q": null,
            "common_shares": 322500,
            "book_valuer_per_share": 13.11,
            "book_valuer_per_share_4q_avg": 13.38,
            "equity": 422692,
            "current_ratio": 149.83,
            "debt_ratio": 53.47,
            "inventory_turnover_ratio": 1.04,
            "account_receivable_turnover_ratio": null,
            "reinvestment_rate": null,
            "research_to_sale_ratio": null,
            "price_fair": 99.75,
            "eps_avg_yearly": 2.85,
            "eps_latest_yearly": 3.24,
            "eps_growth_yearly": 38
        },
        "20063": {
            "year_quarter": 20063,
            "year": 2006,
            "quarter": 3,
            "eps": 0.99,
            "eps_growth_year": 76.79,
            "eps_4q": 3.17,
            "eps_4q_growth_year": null,
            "roe": 6.76,
            "roe_4q": 24.03,
            "gross_profit": 76406,
            "gross_margin": 22.38,
            "gross_margin_4q_avg": 21.63,
            "net_income": 32318,
            "net_income_4q": null,
            "revenue": 341354,
            "revenue_4q": null,
            "common_shares": 366000,
            "book_valuer_per_share": 14.58,
            "book_valuer_per_share_4q_avg": 13.85,
            "equity": 533517,
            "current_ratio": 198.41,
            "debt_ratio": 42,
            "inventory_turnover_ratio": 1.02,
            "account_receivable_turnover_ratio": null,
            "reinvestment_rate": null,
            "research_to_sale_ratio": null,
            "price_fair": 107.52,
            "eps_avg_yearly": 3.07,
            "eps_latest_yearly": 3.96,
            "eps_growth_yearly": 48.18
        },
        "20064": {
            "year_quarter": 20064,
            "year": 2006,
            "quarter": 4,
            "eps": 0.76,
            "eps_growth_year": -1.3,
            "eps_4q": 3.13,
            "eps_4q_growth_year": null,
            "roe": 4.7,
            "roe_4q": 22.87,
            "gross_profit": 77650,
            "gross_margin": 22.16,
            "gross_margin_4q_avg": 21.6,
            "net_income": 25748,
            "net_income_4q": null,
            "revenue": 350400,
            "revenue_4q": null,
            "common_shares": 366000,
            "book_valuer_per_share": 15.28,
            "book_valuer_per_share_4q_avg": 14.3,
            "equity": 563129,
            "current_ratio": 230.73,
            "debt_ratio": 38.88,
            "inventory_turnover_ratio": 1.15,
            "account_receivable_turnover_ratio": null,
            "reinvestment_rate": null,
            "research_to_sale_ratio": null,
            "price_fair": 106.29,
            "eps_avg_yearly": 3.07,
            "eps_latest_yearly": 3.04,
            "eps_growth_yearly": 24.66
        },
        "20071": {
            "year_quarter": 20071,
            "year": 2007,
            "quarter": 1,
            "eps": 1.09,
            "eps_growth_year": 49.32,
            "eps_4q": 3.4,
            "eps_4q_growth_year": null,
            "roe": 6.84,
            "roe_4q": 24.479999999999997,
            "gross_profit": 81351,
            "gross_margin": 24.7,
            "gross_margin_4q_avg": 22.84,
            "net_income": 39773,
            "net_income_4q": null,
            "revenue": 329408,
            "revenue_4q": null,
            "common_shares": 366000,
            "book_valuer_per_share": 16.38,
            "book_valuer_per_share_4q_avg": 14.84,
            "equity": 599405,
            "current_ratio": 235.17,
            "debt_ratio": 37.74,
            "inventory_turnover_ratio": 1.08,
            "account_receivable_turnover_ratio": null,
            "reinvestment_rate": null,
            "research_to_sale_ratio": null,
            "price_fair": 113.8,
            "eps_avg_yearly": 3.25,
            "eps_latest_yearly": 4.36,
            "eps_growth_yearly": 45.95
        },
        "20072": {
            "year_quarter": 20072,
            "year": 2007,
            "quarter": 2,
            "eps": 0.66,
            "eps_growth_year": -18.52,
            "eps_4q": 3.32,
            "eps_4q_growth_year": 22.54,
            "roe": 4.27,
            "roe_4q": 22.57,
            "gross_profit": 67896,
            "gross_margin": 20.12,
            "gross_margin_4q_avg": 22.34,
            "net_income": 24257,
            "net_income_4q": null,
            "revenue": 337456,
            "revenue_4q": null,
            "common_shares": 366000,
            "book_valuer_per_share": 14.7,
            "book_valuer_per_share_4q_avg": 15.24,
            "equity": 538018,
            "current_ratio": 202.01,
            "debt_ratio": 42.08,
            "inventory_turnover_ratio": 1.11,
            "account_receivable_turnover_ratio": null,
            "reinvestment_rate": null,
            "research_to_sale_ratio": null,
            "price_fair": 96.78,
            "eps_avg_yearly": 3.18,
            "eps_latest_yearly": 2.64,
            "eps_growth_yearly": 20.48
        },
        "20073": {
            "year_quarter": 20073,
            "year": 2007,
            "quarter": 3,
            "eps": 0.9,
            "eps_growth_year": -9.09,
            "eps_4q": 3.24,
            "eps_4q_growth_year": 2.16,
            "roe": 6.22,
            "roe_4q": 22.029999999999998,
            "gross_profit": 80113,
            "gross_margin": 22.57,
            "gross_margin_4q_avg": 22.39,
            "net_income": 34565,
            "net_income_4q": null,
            "revenue": 354931,
            "revenue_4q": null,
            "common_shares": 384300,
            "book_valuer_per_share": 14.91,
            "book_valuer_per_share_4q_avg": 15.32,
            "equity": 572899,
            "current_ratio": 190.31,
            "debt_ratio": 44.64,
            "inventory_turnover_ratio": 1.03,
            "account_receivable_turnover_ratio": null,
            "reinvestment_rate": null,
            "research_to_sale_ratio": null,
            "price_fair": 112.78,
            "eps_avg_yearly": 3.22,
            "eps_latest_yearly": 3.6,
            "eps_growth_yearly": 34.37
        },
        "20074": {
            "year_quarter": 20074,
            "year": 2007,
            "quarter": 4,
            "eps": 0.5,
            "eps_growth_year": -34.21,
            "eps_4q": 3.04,
            "eps_4q_growth_year": -2.91,
            "roe": 2.88,
            "roe_4q": 20.21,
            "gross_profit": 66363,
            "gross_margin": 17.47,
            "gross_margin_4q_avg": 21.22,
            "net_income": 19402,
            "net_income_4q": null,
            "revenue": 379924,
            "revenue_4q": null,
            "common_shares": 420000,
            "book_valuer_per_share": 18.36,
            "book_valuer_per_share_4q_avg": 16.09,
            "equity": 775918,
            "current_ratio": 310.39,
            "debt_ratio": 25.02,
            "inventory_turnover_ratio": 1.06,
            "account_receivable_turnover_ratio": null,
            "reinvestment_rate": null,
            "research_to_sale_ratio": null,
            "price_fair": 71.77,
            "eps_avg_yearly": 3.1,
            "eps_latest_yearly": 2,
            "eps_growth_yearly": 13.15
        },
        "20081": {
            "year_quarter": 20081,
            "year": 2008,
            "quarter": 1,
            "eps": 0.18,
            "eps_growth_year": -83.49,
            "eps_4q": 1.91,
            "eps_4q_growth_year": -43.75,
            "roe": 1.03,
            "roe_4q": 14.399999999999999,
            "gross_profit": 55720,
            "gross_margin": 17.12,
            "gross_margin_4q_avg": 19.32,
            "net_income": 8053,
            "net_income_4q": null,
            "revenue": 325468,
            "revenue_4q": null,
            "common_shares": 420000,
            "book_valuer_per_share": 18.53,
            "book_valuer_per_share_4q_avg": 16.63,
            "equity": 783768,
            "current_ratio": 330.44,
            "debt_ratio": 23.5,
            "inventory_turnover_ratio": 0.83,
            "account_receivable_turnover_ratio": null,
            "reinvestment_rate": null,
            "research_to_sale_ratio": null,
            "price_fair": 8.65,
            "eps_avg_yearly": 2.88,
            "eps_latest_yearly": 0.72,
            "eps_growth_yearly": -11.32
        },
        "20082": {
            "year_quarter": 20082,
            "year": 2008,
            "quarter": 2,
            "eps": 0.38,
            "eps_growth_year": -42.42,
            "eps_4q": 1.84,
            "eps_4q_growth_year": -44.49,
            "roe": 2.17,
            "roe_4q": 12.3,
            "gross_profit": 53203,
            "gross_margin": 14.68,
            "gross_margin_4q_avg": 17.96,
            "net_income": 15903,
            "net_income_4q": null,
            "revenue": 362517,
            "revenue_4q": null,
            "common_shares": 420000,
            "book_valuer_per_share": 16.06,
            "book_valuer_per_share_4q_avg": 16.97,
            "equity": 680429,
            "current_ratio": 215,
            "debt_ratio": 35.14,
            "inventory_turnover_ratio": 0.9,
            "account_receivable_turnover_ratio": null,
            "reinvestment_rate": null,
            "research_to_sale_ratio": null,
            "price_fair": 96.95,
            "eps_avg_yearly": 2.77,
            "eps_latest_yearly": 1.52,
            "eps_growth_yearly": 26.66
        },
        "20083": {
            "year_quarter": 20083,
            "year": 2008,
            "quarter": 3,
            "eps": 0.41,
            "eps_growth_year": -54.44,
            "eps_4q": 1.46,
            "eps_4q_growth_year": -54.94,
            "roe": 2.44,
            "roe_4q": 8.52,
            "gross_profit": 52132,
            "gross_margin": 15.14,
            "gross_margin_4q_avg": 16.1,
            "net_income": 16774,
            "net_income_4q": null,
            "revenue": 344424,
            "revenue_4q": null,
            "common_shares": 420000,
            "book_valuer_per_share": 16.48,
            "book_valuer_per_share_4q_avg": 17.36,
            "equity": 697293,
            "current_ratio": 250.98,
            "debt_ratio": 30.05,
            "inventory_turnover_ratio": 0.89,
            "account_receivable_turnover_ratio": null,
            "reinvestment_rate": null,
            "research_to_sale_ratio": null,
            "price_fair": 93.91,
            "eps_avg_yearly": 2.68,
            "eps_latest_yearly": 1.64,
            "eps_growth_yearly": 27.04
        },
        "20084": {
            "year_quarter": 20084,
            "year": 2008,
            "quarter": 4,
            "eps": 0.29,
            "eps_growth_year": -42,
            "eps_4q": 1.27,
            "eps_4q_growth_year": -58.26,
            "roe": 1.71,
            "roe_4q": 7.3500000000000005,
            "gross_profit": 56228,
            "gross_margin": 20.77,
            "gross_margin_4q_avg": 16.93,
            "net_income": 12000,
            "net_income_4q": null,
            "revenue": 270660,
            "revenue_4q": null,
            "common_shares": 420000,
            "book_valuer_per_share": 16.77,
            "book_valuer_per_share_4q_avg": 16.96,
            "equity": 709422,
            "current_ratio": 369.26,
            "debt_ratio": 20.97,
            "inventory_turnover_ratio": 0.7,
            "account_receivable_turnover_ratio": 2.41,
            "reinvestment_rate": null,
            "research_to_sale_ratio": null,
            "price_fair": 77.29,
            "eps_avg_yearly": 2.61,
            "eps_latest_yearly": 1.16,
            "eps_growth_yearly": 19.66
        },
        "20091": {
            "year_quarter": 20091,
            "year": 2009,
            "quarter": 1,
            "eps": 0.33,
            "eps_growth_year": 83.33,
            "eps_4q": 1.4,
            "eps_4q_growth_year": -26.83,
            "roe": 1.94,
            "roe_4q": 8.26,
            "gross_profit": 46677,
            "gross_margin": 19.2,
            "gross_margin_4q_avg": 17.45,
            "net_income": 13907,
            "net_income_4q": null,
            "revenue": 243173,
            "revenue_4q": null,
            "common_shares": 420000,
            "book_valuer_per_share": 17.1,
            "book_valuer_per_share_4q_avg": 16.6,
            "equity": 723325,
            "current_ratio": 384.92,
            "debt_ratio": 20.25,
            "inventory_turnover_ratio": 0.63,
            "account_receivable_turnover_ratio": 1.19,
            "reinvestment_rate": null,
            "research_to_sale_ratio": null,
            "price_fair": 80.94,
            "eps_avg_yearly": 2.51,
            "eps_latest_yearly": 1.32,
            "eps_growth_yearly": 22.19
        },
        "20092": {
            "year_quarter": 20092,
            "year": 2009,
            "quarter": 2,
            "eps": 0.28,
            "eps_growth_year": -26.32,
            "eps_4q": 1.29,
            "eps_4q_growth_year": -30.07,
            "roe": 1.68,
            "roe_4q": 7.77,
            "gross_profit": 59792,
            "gross_margin": 20.93,
            "gross_margin_4q_avg": 19.01,
            "net_income": 11905,
            "net_income_4q": null,
            "revenue": 285691,
            "revenue_4q": null,
            "common_shares": 420000,
            "book_valuer_per_share": 16.38,
            "book_valuer_per_share_4q_avg": 16.68,
            "equity": 693293,
            "current_ratio": 335.75,
            "debt_ratio": 22.83,
            "inventory_turnover_ratio": 0.73,
            "account_receivable_turnover_ratio": 1.4,
            "reinvestment_rate": 69.49,
            "research_to_sale_ratio": null,
            "price_fair": 64.58,
            "eps_avg_yearly": 2.42,
            "eps_latest_yearly": 1.12,
            "eps_growth_yearly": 16.67
        },
        "20093": {
            "year_quarter": 20093,
            "year": 2009,
            "quarter": 3,
            "eps": 0.36,
            "eps_growth_year": -12.2,
            "eps_4q": 1.27,
            "eps_4q_growth_year": -13.15,
            "roe": 2.14,
            "roe_4q": 7.47,
            "gross_profit": 57262,
            "gross_margin": 20.59,
            "gross_margin_4q_avg": 20.37,
            "net_income": 15013,
            "net_income_4q": null,
            "revenue": 278065,
            "revenue_4q": null,
            "common_shares": 420000,
            "book_valuer_per_share": 16.74,
            "book_valuer_per_share_4q_avg": 16.75,
            "equity": 708297,
            "current_ratio": 376.18,
            "debt_ratio": 20.59,
            "inventory_turnover_ratio": 0.75,
            "account_receivable_turnover_ratio": 1.4,
            "reinvestment_rate": -7.81,
            "research_to_sale_ratio": null,
            "price_fair": 77.35,
            "eps_avg_yearly": 2.36,
            "eps_latest_yearly": 1.44,
            "eps_growth_yearly": 22.77
        },
        "20094": {
            "year_quarter": 20094,
            "year": 2009,
            "quarter": 4,
            "eps": 0.69,
            "eps_growth_year": 137.93,
            "eps_4q": 1.65,
            "eps_4q_growth_year": 30.33,
            "roe": 3.99,
            "roe_4q": 9.75,
            "gross_profit": 76562,
            "gross_margin": 23.66,
            "gross_margin_4q_avg": 21.1,
            "net_income": 28852,
            "net_income_4q": null,
            "revenue": 323651,
            "revenue_4q": null,
            "common_shares": 420000,
            "book_valuer_per_share": 17.42,
            "book_valuer_per_share_4q_avg": 16.91,
            "equity": 736871,
            "current_ratio": 363.34,
            "debt_ratio": 21.56,
            "inventory_turnover_ratio": 0.85,
            "account_receivable_turnover_ratio": 3.3,
            "reinvestment_rate": -3.3,
            "research_to_sale_ratio": null,
            "price_fair": 81.9,
            "eps_avg_yearly": 2.34,
            "eps_latest_yearly": 2.76,
            "eps_growth_yearly": 36.32
        },
        "20101": {
            "year_quarter": 20101,
            "year": 2010,
            "quarter": 1,
            "eps": 0.11,
            "eps_growth_year": -66.82,
            "eps_4q": 1.43,
            "eps_4q_growth_year": 2.53,
            "roe": 0.65,
            "roe_4q": 8.46,
            "gross_profit": 42132,
            "gross_margin": 18.76,
            "gross_margin_4q_avg": 20.99,
            "net_income": 4821,
            "net_income_4q": null,
            "revenue": 224632,
            "revenue_4q": null,
            "common_shares": 420000,
            "book_valuer_per_share": 17.53,
            "book_valuer_per_share_4q_avg": 17.02,
            "equity": 741092,
            "current_ratio": 445.27,
            "debt_ratio": 17.84,
            "inventory_turnover_ratio": 0.62,
            "account_receivable_turnover_ratio": 1.25,
            "reinvestment_rate": -3.67,
            "research_to_sale_ratio": 5.67,
            "price_fair": 58.12,
            "eps_avg_yearly": 2.19,
            "eps_latest_yearly": 0.44,
            "eps_growth_yearly": 16.6
        },
        "20102": {
            "year_quarter": 20102,
            "year": 2010,
            "quarter": 2,
            "eps": 0.06,
            "eps_growth_year": -78.38,
            "eps_4q": 1.22,
            "eps_4q_growth_year": -5.66,
            "roe": 0.4,
            "roe_4q": 7.18,
            "gross_profit": 38114,
            "gross_margin": 15.03,
            "gross_margin_4q_avg": 19.51,
            "net_income": 2829,
            "net_income_4q": null,
            "revenue": 253529,
            "revenue_4q": null,
            "common_shares": 420000,
            "book_valuer_per_share": 16.1,
            "book_valuer_per_share_4q_avg": 16.95,
            "equity": 681218,
            "current_ratio": 307.93,
            "debt_ratio": 25.1,
            "inventory_turnover_ratio": 0.74,
            "account_receivable_turnover_ratio": 1.48,
            "reinvestment_rate": -4.78,
            "research_to_sale_ratio": 4.62,
            "price_fair": 24.96,
            "eps_avg_yearly": 2,
            "eps_latest_yearly": 0.24,
            "eps_growth_yearly": 2.5
        },
        "20103": {
            "year_quarter": 20103,
            "year": 2010,
            "quarter": 3,
            "eps": 0.06,
            "eps_growth_year": -84.28,
            "eps_4q": 0.91,
            "eps_4q_growth_year": -27.87,
            "roe": 0.41,
            "roe_4q": 5.45,
            "gross_profit": 42485,
            "gross_margin": 16.36,
            "gross_margin_4q_avg": 18.45,
            "net_income": 2823,
            "net_income_4q": null,
            "revenue": 259695,
            "revenue_4q": null,
            "common_shares": 420000,
            "book_valuer_per_share": 16.18,
            "book_valuer_per_share_4q_avg": 16.81,
            "equity": 685275,
            "current_ratio": 334.46,
            "debt_ratio": 23.33,
            "inventory_turnover_ratio": 0.74,
            "account_receivable_turnover_ratio": 1.44,
            "reinvestment_rate": -5.65,
            "research_to_sale_ratio": 4.55,
            "price_fair": 5.3,
            "eps_avg_yearly": 1.77,
            "eps_latest_yearly": 0.24,
            "eps_growth_yearly": -3.06
        },
        "20104": {
            "year_quarter": 20104,
            "year": 2010,
            "quarter": 4,
            "eps": -0.19,
            "eps_growth_year": -127.94,
            "eps_4q": 0.03,
            "eps_4q_growth_year": -97.95,
            "roe": -1.24,
            "roe_4q": 0.21999999999999997,
            "gross_profit": 31943,
            "gross_margin": 12.31,
            "gross_margin_4q_avg": 15.62,
            "net_income": -8400,
            "net_income_4q": null,
            "revenue": 259411,
            "revenue_4q": null,
            "common_shares": 420000,
            "book_valuer_per_share": 15.84,
            "book_valuer_per_share_4q_avg": 16.41,
            "equity": 670108,
            "current_ratio": 318.81,
            "debt_ratio": 24.35,
            "inventory_turnover_ratio": 0.72,
            "account_receivable_turnover_ratio": 1.42,
            "reinvestment_rate": -5.87,
            "research_to_sale_ratio": 3.79,
            "price_fair": 21.73,
            "eps_avg_yearly": 1.68,
            "eps_latest_yearly": 0.24,
            "eps_growth_yearly": 2.93
        },
        "20111": {
            "year_quarter": 20111,
            "year": 2011,
            "quarter": 1,
            "eps": -0.19,
            "eps_growth_year": -273.52,
            "eps_4q": -0.27,
            "eps_4q_growth_year": -118.61,
            "roe": -1.09,
            "roe_4q": -1.52,
            "gross_profit": 28290,
            "gross_margin": 12.21,
            "gross_margin_4q_avg": 13.98,
            "net_income": -7272,
            "net_income_4q": null,
            "revenue": 231638,
            "revenue_4q": null,
            "common_shares": 420000,
            "book_valuer_per_share": 15.68,
            "book_valuer_per_share_4q_avg": 15.95,
            "equity": 664548,
            "current_ratio": 305.84,
            "debt_ratio": 25.13,
            "inventory_turnover_ratio": 0.61,
            "account_receivable_turnover_ratio": 1.31,
            "reinvestment_rate": -6.63,
            "research_to_sale_ratio": 4.62,
            "price_fair": 4.47,
            "eps_avg_yearly": 1.49,
            "eps_latest_yearly": 0.24,
            "eps_growth_yearly": -9.26
        },
        "20112": {
            "year_quarter": 20112,
            "year": 2011,
            "quarter": 2,
            "eps": -0.2,
            "eps_growth_year": -425.24,
            "eps_4q": -0.52,
            "eps_4q_growth_year": -143.11,
            "roe": -1.2,
            "roe_4q": -3.12,
            "gross_profit": 29498,
            "gross_margin": 11.56,
            "gross_margin_4q_avg": 13.11,
            "net_income": -7947,
            "net_income_4q": null,
            "revenue": 255110,
            "revenue_4q": null,
            "common_shares": 420000,
            "book_valuer_per_share": 15.47,
            "book_valuer_per_share_4q_avg": 15.79,
            "equity": 658300,
            "current_ratio": 273.96,
            "debt_ratio": 28.02,
            "inventory_turnover_ratio": 0.66,
            "account_receivable_turnover_ratio": 1.42,
            "reinvestment_rate": -7.2,
            "research_to_sale_ratio": 5.23,
            "price_fair": 17.03,
            "eps_avg_yearly": 1.4,
            "eps_latest_yearly": 0.24,
            "eps_growth_yearly": 2.16
        },
        "20113": {
            "year_quarter": 20113,
            "year": 2011,
            "quarter": 3,
            "eps": 0.31,
            "eps_growth_year": 439.55,
            "eps_4q": -0.28,
            "eps_4q_growth_year": -130.17,
            "roe": 1.99,
            "roe_4q": -1.54,
            "gross_profit": 47029,
            "gross_margin": 13.9,
            "gross_margin_4q_avg": 12.5,
            "net_income": 13246,
            "net_income_4q": null,
            "revenue": 338229,
            "revenue_4q": null,
            "common_shares": 420000,
            "book_valuer_per_share": 15.86,
            "book_valuer_per_share_4q_avg": 15.71,
            "equity": 675409,
            "current_ratio": 254.6,
            "debt_ratio": 30.75,
            "inventory_turnover_ratio": 0.83,
            "account_receivable_turnover_ratio": 1.53,
            "reinvestment_rate": -21.43,
            "research_to_sale_ratio": 3.21,
            "price_fair": 3.65,
            "eps_avg_yearly": 1.22,
            "eps_latest_yearly": 0.24,
            "eps_growth_yearly": -9.78
        },
        "20114": {
            "year_quarter": 20114,
            "year": 2011,
            "quarter": 4,
            "eps": 0.19,
            "eps_growth_year": null,
            "eps_4q": 0.11,
            "eps_4q_growth_year": 220.9,
            "roe": 0.95,
            "roe_4q": 0.6499999999999999,
            "gross_profit": 44539,
            "gross_margin": 15.51,
            "gross_margin_4q_avg": 13.3,
            "net_income": 6470,
            "net_income_4q": null,
            "revenue": 287238,
            "revenue_4q": null,
            "common_shares": 420000,
            "book_valuer_per_share": 16.05,
            "book_valuer_per_share_4q_avg": 15.77,
            "equity": 681120,
            "current_ratio": 352.68,
            "debt_ratio": 22.19,
            "inventory_turnover_ratio": 0.66,
            "account_receivable_turnover_ratio": 1.33,
            "reinvestment_rate": -20.27,
            "research_to_sale_ratio": 3.09,
            "price_fair": 3.34,
            "eps_avg_yearly": 1.11,
            "eps_latest_yearly": 0.76,
            "eps_growth_yearly": -7.87
        },
        "20121": {
            "year_quarter": 20121,
            "year": 2012,
            "quarter": 1,
            "eps": -0.4,
            "eps_growth_year": null,
            "eps_4q": -0.1,
            "eps_4q_growth_year": null,
            "roe": -2.49,
            "roe_4q": -0.7500000000000002,
            "gross_profit": 20862,
            "gross_margin": 9.37,
            "gross_margin_4q_avg": 12.59,
            "net_income": -16735,
            "net_income_4q": null,
            "revenue": 222668,
            "revenue_4q": null,
            "common_shares": 420000,
            "book_valuer_per_share": 15.65,
            "book_valuer_per_share_4q_avg": 15.76,
            "equity": 664459,
            "current_ratio": 326.57,
            "debt_ratio": 23.89,
            "inventory_turnover_ratio": 0.54,
            "account_receivable_turnover_ratio": 1.28,
            "reinvestment_rate": -27.4,
            "research_to_sale_ratio": 4.8,
            "price_fair": 28.37,
            "eps_avg_yearly": 1.15,
            "eps_latest_yearly": 0.76,
            "eps_growth_yearly": 14.69
        },
        "20122": {
            "year_quarter": 20122,
            "year": 2012,
            "quarter": 2,
            "eps": -0.25,
            "eps_growth_year": null,
            "eps_4q": -0.15,
            "eps_4q_growth_year": null,
            "roe": -1.68,
            "roe_4q": -1.2299999999999998,
            "gross_profit": 34026,
            "gross_margin": 11.91,
            "gross_margin_4q_avg": 12.67,
            "net_income": -10695,
            "net_income_4q": null,
            "revenue": 285718,
            "revenue_4q": null,
            "common_shares": 420000,
            "book_valuer_per_share": 14.42,
            "book_valuer_per_share_4q_avg": 15.5,
            "equity": 612303,
            "current_ratio": 255.72,
            "debt_ratio": 30.27,
            "inventory_turnover_ratio": 0.68,
            "account_receivable_turnover_ratio": 1.53,
            "reinvestment_rate": -42.91,
            "research_to_sale_ratio": 3.98,
            "price_fair": 3.34,
            "eps_avg_yearly": 1.11,
            "eps_latest_yearly": 0.76,
            "eps_growth_yearly": -28.29
        },
        "20123": {
            "year_quarter": 20123,
            "year": 2012,
            "quarter": 3,
            "eps": -0.13,
            "eps_growth_year": -142.53,
            "eps_4q": -0.59,
            "eps_4q_growth_year": null,
            "roe": -0.98,
            "roe_4q": -4.2,
            "gross_profit": 28600,
            "gross_margin": 10.81,
            "gross_margin_4q_avg": 11.9,
            "net_income": -5955,
            "net_income_4q": null,
            "revenue": 264614,
            "revenue_4q": null,
            "common_shares": 420000,
            "book_valuer_per_share": 14.25,
            "book_valuer_per_share_4q_avg": 15.09,
            "equity": 604940,
            "current_ratio": 278.64,
            "debt_ratio": 27.63,
            "inventory_turnover_ratio": 0.64,
            "account_receivable_turnover_ratio": 1.38,
            "reinvestment_rate": -62.86,
            "research_to_sale_ratio": 4.04,
            "price_fair": 3.16,
            "eps_avg_yearly": 1.05,
            "eps_latest_yearly": 0.76,
            "eps_growth_yearly": -34.94
        },
        "20124": {
            "year_quarter": 20124,
            "year": 2012,
            "quarter": 4,
            "eps": -0.14,
            "eps_growth_year": -171.35,
            "eps_4q": -0.91,
            "eps_4q_growth_year": -942.2,
            "roe": -0.98,
            "roe_4q": -6.13,
            "gross_profit": 31926,
            "gross_margin": 12.92,
            "gross_margin_4q_avg": 11.25,
            "net_income": -5912,
            "net_income_4q": null,
            "revenue": 247180,
            "revenue_4q": null,
            "common_shares": 420000,
            "book_valuer_per_share": 14.12,
            "book_valuer_per_share_4q_avg": 14.61,
            "equity": 599200,
            "current_ratio": 346.38,
            "debt_ratio": 22.47,
            "inventory_turnover_ratio": 0.6,
            "account_receivable_turnover_ratio": 1.44,
            "reinvestment_rate": -92.81,
            "research_to_sale_ratio": 3.88,
            "price_fair": 3.12,
            "eps_avg_yearly": 1.04,
            "eps_latest_yearly": 0.76,
            "eps_growth_yearly": -24.67
        },
        "20131": {
            "year_quarter": 20131,
            "year": 2013,
            "quarter": 1,
            "eps": 0.03,
            "eps_growth_year": null,
            "eps_4q": -0.5,
            "eps_4q_growth_year": null,
            "roe": 0.19,
            "roe_4q": -3.45,
            "gross_profit": 31684,
            "gross_margin": 13.7,
            "gross_margin_4q_avg": 12.34,
            "net_income": 1104,
            "net_income_4q": null,
            "revenue": 231238,
            "revenue_4q": null,
            "common_shares": 420000,
            "book_valuer_per_share": 13.98,
            "book_valuer_per_share_4q_avg": 14.19,
            "equity": 593818,
            "current_ratio": 328.15,
            "debt_ratio": 24.08,
            "inventory_turnover_ratio": 0.57,
            "account_receivable_turnover_ratio": 1.46,
            "reinvestment_rate": -179.27,
            "research_to_sale_ratio": 4.76,
            "price_fair": 3,
            "eps_avg_yearly": 1,
            "eps_latest_yearly": 0.76,
            "eps_growth_yearly": -36.08
        },
        "20132": {
            "year_quarter": 20132,
            "year": 2013,
            "quarter": 2,
            "eps": 0.19,
            "eps_growth_year": null,
            "eps_4q": -0.05,
            "eps_4q_growth_year": null,
            "roe": 1.33,
            "roe_4q": -0.43999999999999995,
            "gross_profit": 43775,
            "gross_margin": 17.32,
            "gross_margin_4q_avg": 13.69,
            "net_income": 7933,
            "net_income_4q": null,
            "revenue": 252689,
            "revenue_4q": null,
            "common_shares": 420000,
            "book_valuer_per_share": 14.18,
            "book_valuer_per_share_4q_avg": 14.13,
            "equity": 601997,
            "current_ratio": 342.3,
            "debt_ratio": 23.26,
            "inventory_turnover_ratio": 0.6,
            "account_receivable_turnover_ratio": 1.57,
            "reinvestment_rate": -204.91,
            "research_to_sale_ratio": 3.9,
            "price_fair": 33.2,
            "eps_avg_yearly": 0.95,
            "eps_latest_yearly": 0.76,
            "eps_growth_yearly": 277.34
        },
        "20133": {
            "year_quarter": 20133,
            "year": 2013,
            "quarter": 3,
            "eps": 0.05,
            "eps_growth_year": null,
            "eps_4q": 0.13,
            "eps_4q_growth_year": null,
            "roe": 0.32,
            "roe_4q": 0.8600000000000001,
            "gross_profit": 39237,
            "gross_margin": 17.75,
            "gross_margin_4q_avg": 15.42,
            "net_income": 1911,
            "net_income_4q": null,
            "revenue": 221014,
            "revenue_4q": null,
            "common_shares": 420000,
            "book_valuer_per_share": 14.23,
            "book_valuer_per_share_4q_avg": 14.13,
            "equity": 604116,
            "current_ratio": 357.82,
            "debt_ratio": 22.37,
            "inventory_turnover_ratio": 0.52,
            "account_receivable_turnover_ratio": 1.37,
            "reinvestment_rate": -571.1,
            "research_to_sale_ratio": 5.14,
            "price_fair": 27,
            "eps_avg_yearly": 0.77,
            "eps_latest_yearly": 0.2,
            "eps_growth_yearly": 218.91
        },
        "20134": {
            "year_quarter": 20134,
            "year": 2013,
            "quarter": 4,
            "eps": -0.18,
            "eps_growth_year": null,
            "eps_4q": 0.08,
            "eps_4q_growth_year": null,
            "roe": -1.25,
            "roe_4q": 0.5900000000000001,
            "gross_profit": 24982,
            "gross_margin": 12.91,
            "gross_margin_4q_avg": 15.42,
            "net_income": -7562,
            "net_income_4q": null,
            "revenue": 193458,
            "revenue_4q": null,
            "common_shares": 420000,
            "book_valuer_per_share": 14.03,
            "book_valuer_per_share_4q_avg": 14.11,
            "equity": 601741,
            "current_ratio": 326.38,
            "debt_ratio": 24.55,
            "inventory_turnover_ratio": 0.48,
            "account_receivable_turnover_ratio": 1.37,
            "reinvestment_rate": null,
            "research_to_sale_ratio": 4.81,
            "price_fair": 15.4,
            "eps_avg_yearly": 0.44,
            "eps_latest_yearly": 0.2,
            "eps_growth_yearly": 194.28
        },
        "20141": {
            "year_quarter": 20141,
            "year": 2014,
            "quarter": 1,
            "eps": 0.02,
            "eps_growth_year": -33.33,
            "eps_4q": 0.08,
            "eps_4q_growth_year": null,
            "roe": 0.22,
            "roe_4q": 0.6200000000000001,
            "gross_profit": 37683,
            "gross_margin": 18.23,
            "gross_margin_4q_avg": 16.55,
            "net_income": 1313,
            "net_income_4q": null,
            "revenue": 206712,
            "revenue_4q": null,
            "common_shares": 420000,
            "book_valuer_per_share": 14.12,
            "book_valuer_per_share_4q_avg": 14.14,
            "equity": 606530,
            "current_ratio": 455.43,
            "debt_ratio": 29.67,
            "inventory_turnover_ratio": 0.49,
            "account_receivable_turnover_ratio": 1.5,
            "reinvestment_rate": null,
            "research_to_sale_ratio": 5.14,
            "price_fair": 15.4,
            "eps_avg_yearly": 0.44,
            "eps_latest_yearly": 0.2,
            "eps_growth_yearly": 300.39
        },
        "20142": {
            "year_quarter": 20142,
            "year": 2014,
            "quarter": 2,
            "eps": -0.15,
            "eps_growth_year": -178.95,
            "eps_4q": -0.27,
            "eps_4q_growth_year": null,
            "roe": -1.06,
            "roe_4q": -1.7699999999999998,
            "gross_profit": 37337,
            "gross_margin": 18.98,
            "gross_margin_4q_avg": 16.97,
            "net_income": -6394,
            "net_income_4q": null,
            "revenue": 196754,
            "revenue_4q": null,
            "common_shares": 420000,
            "book_valuer_per_share": 13.96,
            "book_valuer_per_share_4q_avg": 14.09,
            "equity": 599696,
            "current_ratio": 540.85,
            "debt_ratio": 26.86,
            "inventory_turnover_ratio": 0.49,
            "account_receivable_turnover_ratio": 1.45,
            "reinvestment_rate": null,
            "research_to_sale_ratio": 5.58,
            "price_fair": 17.15,
            "eps_avg_yearly": 0.49,
            "eps_latest_yearly": 0.2,
            "eps_growth_yearly": 420.94
        },
        "20143": {
            "year_quarter": 20143,
            "year": 2014,
            "quarter": 3,
            "eps": -0.2,
            "eps_growth_year": -500,
            "eps_4q": -0.52,
            "eps_4q_growth_year": -507.72,
            "roe": -1.21,
            "roe_4q": -3.3,
            "gross_profit": 29232,
            "gross_margin": 15.39,
            "gross_margin_4q_avg": 16.38,
            "net_income": -7227,
            "net_income_4q": null,
            "revenue": 189919,
            "revenue_4q": null,
            "common_shares": 420000,
            "book_valuer_per_share": 13.75,
            "book_valuer_per_share_4q_avg": 13.97,
            "equity": 591803,
            "current_ratio": 234.52,
            "debt_ratio": 37.05,
            "inventory_turnover_ratio": 0.53,
            "account_receivable_turnover_ratio": 1.56,
            "reinvestment_rate": null,
            "research_to_sale_ratio": 6.11,
            "price_fair": 20.07,
            "eps_avg_yearly": 0.57,
            "eps_latest_yearly": 0.2,
            "eps_growth_yearly": 561.25
        },
        "20144": {
            "year_quarter": 20144,
            "year": 2014,
            "quarter": 4,
            "eps": -0.09,
            "eps_growth_year": null,
            "eps_4q": -0.43,
            "eps_4q_growth_year": -627.26,
            "roe": -0.53,
            "roe_4q": -2.5799999999999996,
            "gross_profit": 28803,
            "gross_margin": 16.99,
            "gross_margin_4q_avg": 17.4,
            "net_income": -3132,
            "net_income_4q": null,
            "revenue": 169491,
            "revenue_4q": null,
            "common_shares": 420000,
            "book_valuer_per_share": 13.63,
            "book_valuer_per_share_4q_avg": 13.87,
            "equity": 587470,
            "current_ratio": 252.21,
            "debt_ratio": 35.46,
            "inventory_turnover_ratio": 0.49,
            "account_receivable_turnover_ratio": 1.39,
            "reinvestment_rate": null,
            "research_to_sale_ratio": 6.14,
            "price_fair": 20.07,
            "eps_avg_yearly": 0.57,
            "eps_latest_yearly": 0.2,
            "eps_growth_yearly": 561.25
        },
        "20151": {
            "year_quarter": 20151,
            "year": 2015,
            "quarter": 1,
            "eps": -0.22,
            "eps_growth_year": -1200,
            "eps_4q": -0.67,
            "eps_4q_growth_year": -962.07,
            "roe": -1.35,
            "roe_4q": -4.15,
            "gross_profit": 28280,
            "gross_margin": 17.88,
            "gross_margin_4q_avg": 17.31,
            "net_income": -7864,
            "net_income_4q": null,
            "revenue": 158129,
            "revenue_4q": null,
            "common_shares": 420000,
            "book_valuer_per_share": 13.39,
            "book_valuer_per_share_4q_avg": 13.68,
            "equity": 577950,
            "current_ratio": 160.2,
            "debt_ratio": 37.96,
            "inventory_turnover_ratio": 0.44,
            "account_receivable_turnover_ratio": 1.32,
            "reinvestment_rate": null,
            "research_to_sale_ratio": 6.88,
            "price_fair": 20.07,
            "eps_avg_yearly": 0.57,
            "eps_latest_yearly": 0.2,
            "eps_growth_yearly": 561.25
        },
        "20152": {
            "year_quarter": 20152,
            "year": 2015,
            "quarter": 2,
            "eps": 0.13,
            "eps_growth_year": null,
            "eps_4q": -0.39,
            "eps_4q_growth_year": null,
            "roe": 1.03,
            "roe_4q": -2.06,
            "gross_profit": 48225,
            "gross_margin": 23.12,
            "gross_margin_4q_avg": 18.35,
            "net_income": 5958,
            "net_income_4q": null,
            "revenue": 208553,
            "revenue_4q": null,
            "common_shares": 420000,
            "book_valuer_per_share": 13.53,
            "book_valuer_per_share_4q_avg": 13.58,
            "equity": 584152,
            "current_ratio": 156.06,
            "debt_ratio": 39.93,
            "inventory_turnover_ratio": 0.53,
            "account_receivable_turnover_ratio": 1.6,
            "reinvestment_rate": null,
            "research_to_sale_ratio": 5.3,
            "price_fair": 20.07,
            "eps_avg_yearly": 0.57,
            "eps_latest_yearly": 0.2,
            "eps_growth_yearly": 561.25
        },
        "20153": {
            "year_quarter": 20153,
            "year": 2015,
            "quarter": 3,
            "eps": -0.01,
            "eps_growth_year": null,
            "eps_4q": -0.2,
            "eps_4q_growth_year": null,
            "roe": 0.13,
            "roe_4q": -0.72,
            "gross_profit": 34314,
            "gross_margin": 19.04,
            "gross_margin_4q_avg": 19.26,
            "net_income": 782,
            "net_income_4q": null,
            "revenue": 180262,
            "revenue_4q": null,
            "common_shares": 420000,
            "book_valuer_per_share": 13.52,
            "book_valuer_per_share_4q_avg": 13.52,
            "equity": 585900,
            "current_ratio": 184.94,
            "debt_ratio": 38.6,
            "inventory_turnover_ratio": 0.49,
            "account_receivable_turnover_ratio": 1.23,
            "reinvestment_rate": null,
            "research_to_sale_ratio": 6.38,
            "price_fair": 20.07,
            "eps_avg_yearly": 0.57,
            "eps_latest_yearly": 0.2,
            "eps_growth_yearly": 561.25
        },
        "20154": {
            "year_quarter": 20154,
            "year": 2015,
            "quarter": 4,
            "eps": 0.17,
            "eps_growth_year": null,
            "eps_4q": 0.06,
            "eps_4q_growth_year": null,
            "roe": 1.13,
            "roe_4q": 0.94,
            "gross_profit": 40230,
            "gross_margin": 21.24,
            "gross_margin_4q_avg": 20.32,
            "net_income": 6602,
            "net_income_4q": null,
            "revenue": 189404,
            "revenue_4q": null,
            "common_shares": 420000,
            "book_valuer_per_share": 13.58,
            "book_valuer_per_share_4q_avg": 13.51,
            "equity": 585948,
            "current_ratio": 205.33,
            "debt_ratio": 37.24,
            "inventory_turnover_ratio": 0.52,
            "account_receivable_turnover_ratio": 1.33,
            "reinvestment_rate": null,
            "research_to_sale_ratio": 6.15,
            "price_fair": 16.8,
            "eps_avg_yearly": 0.48,
            "eps_latest_yearly": 0.2,
            "eps_growth_yearly": 919.3
        },
        "20161": {
            "year_quarter": 20161,
            "year": 2016,
            "quarter": 1,
            "eps": 0.01,
            "eps_growth_year": null,
            "eps_4q": 0.3,
            "eps_4q_growth_year": null,
            "roe": 0.37,
            "roe_4q": 2.66,
            "gross_profit": 38951,
            "gross_margin": 20.67,
            "gross_margin_4q_avg": 21.02,
            "net_income": 2164,
            "net_income_4q": null,
            "revenue": 188439,
            "revenue_4q": null,
            "common_shares": 420000,
            "book_valuer_per_share": 13.59,
            "book_valuer_per_share_4q_avg": 13.56,
            "equity": 588266,
            "current_ratio": 187.63,
            "debt_ratio": 39.3,
            "inventory_turnover_ratio": 0.52,
            "account_receivable_turnover_ratio": 1.46,
            "reinvestment_rate": null,
            "research_to_sale_ratio": 5.35,
            "price_fair": 11.67,
            "eps_avg_yearly": 0.33,
            "eps_latest_yearly": 0.04,
            "eps_growth_yearly": 487.38
        },
        "20162": {
            "year_quarter": 20162,
            "year": 2016,
            "quarter": 2,
            "eps": 0.09,
            "eps_growth_year": -30.77,
            "eps_4q": 0.26,
            "eps_4q_growth_year": null,
            "roe": 0.64,
            "roe_4q": 2.2699999999999996,
            "gross_profit": 43829,
            "gross_margin": 22.47,
            "gross_margin_4q_avg": 20.86,
            "net_income": 3782,
            "net_income_4q": null,
            "revenue": 195032,
            "revenue_4q": null,
            "common_shares": 420000,
            "book_valuer_per_share": 13.68,
            "book_valuer_per_share_4q_avg": 13.59,
            "equity": 590958,
            "current_ratio": 185.35,
            "debt_ratio": 38.84,
            "inventory_turnover_ratio": 0.51,
            "account_receivable_turnover_ratio": 1.54,
            "reinvestment_rate": null,
            "research_to_sale_ratio": 6.17,
            "price_fair": 11.9,
            "eps_avg_yearly": 0.34,
            "eps_latest_yearly": 0.36,
            "eps_growth_yearly": 1165.53
        },
        "20163": {
            "year_quarter": 20163,
            "year": 2016,
            "quarter": 3,
            "eps": -0.04,
            "eps_growth_year": null,
            "eps_4q": 0.23,
            "eps_4q_growth_year": null,
            "roe": -0.21,
            "roe_4q": 1.93,
            "gross_profit": 34862,
            "gross_margin": 18.16,
            "gross_margin_4q_avg": 20.64,
            "net_income": -1257,
            "net_income_4q": null,
            "revenue": 191995,
            "revenue_4q": null,
            "common_shares": 420000,
            "book_valuer_per_share": 13.63,
            "book_valuer_per_share_4q_avg": 13.62,
            "equity": 589370,
            "current_ratio": 189.16,
            "debt_ratio": 36.75,
            "inventory_turnover_ratio": 0.57,
            "account_receivable_turnover_ratio": 1.47,
            "reinvestment_rate": null,
            "research_to_sale_ratio": 5.4,
            "price_fair": 11.9,
            "eps_avg_yearly": 0.34,
            "eps_latest_yearly": 0.36,
            "eps_growth_yearly": 1165.53
        },
        "20164": {
            "year_quarter": 20164,
            "year": 2016,
            "quarter": 4,
            "eps": 0.17,
            "eps_growth_year": 3.06,
            "eps_4q": 0.23,
            "eps_4q_growth_year": 264.8,
            "roe": 1.29,
            "roe_4q": 2.0900000000000003,
            "gross_profit": 38119,
            "gross_margin": 20.36,
            "gross_margin_4q_avg": 20.42,
            "net_income": 7617,
            "net_income_4q": null,
            "revenue": 187264,
            "revenue_4q": null,
            "common_shares": 420000,
            "book_valuer_per_share": 13.65,
            "book_valuer_per_share_4q_avg": 13.64,
            "equity": 590435,
            "current_ratio": 195.77,
            "debt_ratio": 35.25,
            "inventory_turnover_ratio": 0.57,
            "account_receivable_turnover_ratio": 1.47,
            "reinvestment_rate": null,
            "research_to_sale_ratio": 4.73,
            "price_fair": 11.9,
            "eps_avg_yearly": 0.34,
            "eps_latest_yearly": 0.36,
            "eps_growth_yearly": 1165.53
        },
        "20171": {
            "year_quarter": 20171,
            "year": 2017,
            "quarter": 1,
            "eps": -0.14,
            "eps_growth_year": -1500,
            "eps_4q": 0.08,
            "eps_4q_growth_year": -73.39,
            "roe": -1.07,
            "roe_4q": 0.65,
            "gross_profit": 30371,
            "gross_margin": 18.8,
            "gross_margin_4q_avg": 19.95,
            "net_income": -6274,
            "net_income_4q": null,
            "revenue": 161545,
            "revenue_4q": null,
            "common_shares": 420000,
            "book_valuer_per_share": 13.51,
            "book_valuer_per_share_4q_avg": 13.62,
            "equity": 583583,
            "current_ratio": 181.52,
            "debt_ratio": 36.73,
            "inventory_turnover_ratio": 0.47,
            "account_receivable_turnover_ratio": 1.32,
            "reinvestment_rate": null,
            "research_to_sale_ratio": 5.95,
            "price_fair": 11.9,
            "eps_avg_yearly": 0.34,
            "eps_latest_yearly": 0.36,
            "eps_growth_yearly": 1165.53
        },
        "20172": {
            "year_quarter": 20172,
            "year": 2017,
            "quarter": 2,
            "eps": -0.04,
            "eps_growth_year": -144.44,
            "eps_4q": -0.05,
            "eps_4q_growth_year": -117.5,
            "roe": -0.24,
            "roe_4q": -0.23,
            "gross_profit": 36308,
            "gross_margin": 19.73,
            "gross_margin_4q_avg": 19.26,
            "net_income": -1391,
            "net_income_4q": null,
            "revenue": 184024,
            "revenue_4q": null,
            "common_shares": 420000,
            "book_valuer_per_share": 13.18,
            "book_valuer_per_share_4q_avg": 13.49,
            "equity": 569515,
            "current_ratio": 175.96,
            "debt_ratio": 35.98,
            "inventory_turnover_ratio": 0.54,
            "account_receivable_turnover_ratio": 1.55,
            "reinvestment_rate": null,
            "research_to_sale_ratio": 5.95,
            "price_fair": 7,
            "eps_avg_yearly": 0.2,
            "eps_latest_yearly": 0.36,
            "eps_growth_yearly": 842.93
        },
        "20173": {
            "year_quarter": 20173,
            "year": 2017,
            "quarter": 3,
            "eps": 0.06,
            "eps_growth_year": null,
            "eps_4q": 0.06,
            "eps_4q_growth_year": -75.16,
            "roe": 0.35,
            "roe_4q": 0.32999999999999996,
            "gross_profit": 35341,
            "gross_margin": 19.18,
            "gross_margin_4q_avg": 19.52,
            "net_income": 2016,
            "net_income_4q": null,
            "revenue": 184283,
            "revenue_4q": null,
            "common_shares": 420000,
            "book_valuer_per_share": 13.24,
            "book_valuer_per_share_4q_avg": 13.4,
            "equity": 571821,
            "current_ratio": 168.77,
            "debt_ratio": 36.84,
            "inventory_turnover_ratio": 0.58,
            "account_receivable_turnover_ratio": 1.45,
            "reinvestment_rate": null,
            "research_to_sale_ratio": 5.12,
            "price_fair": 7,
            "eps_avg_yearly": 0.2,
            "eps_latest_yearly": 0.36,
            "eps_growth_yearly": 1411.76
        },
        "20174": {
            "year_quarter": 20174,
            "year": 2017,
            "quarter": 4,
            "eps": 0.34,
            "eps_growth_year": 95.6,
            "eps_4q": 0.22,
            "eps_4q_growth_year": -4.13,
            "roe": 2.57,
            "roe_4q": 1.6099999999999997,
            "gross_profit": 53613,
            "gross_margin": 23.98,
            "gross_margin_4q_avg": 20.42,
            "net_income": 14875,
            "net_income_4q": null,
            "revenue": 223588,
            "revenue_4q": null,
            "common_shares": 420000,
            "book_valuer_per_share": 13.58,
            "book_valuer_per_share_4q_avg": 13.38,
            "equity": 586799,
            "current_ratio": 178.13,
            "debt_ratio": 34.97,
            "inventory_turnover_ratio": 0.7,
            "account_receivable_turnover_ratio": 1.66,
            "reinvestment_rate": 1372.25,
            "research_to_sale_ratio": 3.71,
            "price_fair": 20.53,
            "eps_avg_yearly": 0.59,
            "eps_latest_yearly": 1.36,
            "eps_growth_yearly": 1563.4
        },
        "20181": {
            "year_quarter": 20181,
            "year": 2018,
            "quarter": 1,
            "eps": 0.12,
            "eps_growth_year": null,
            "eps_4q": 0.48,
            "eps_4q_growth_year": 493.77,
            "roe": 0.57,
            "roe_4q": 3.25,
            "gross_profit": 42378,
            "gross_margin": 20.33,
            "gross_margin_4q_avg": 20.81,
            "net_income": 3350,
            "net_income_4q": null,
            "revenue": 208472,
            "revenue_4q": null,
            "common_shares": 420000,
            "book_valuer_per_share": 13.71,
            "book_valuer_per_share_4q_avg": 13.43,
            "equity": 590788,
            "current_ratio": 174.65,
            "debt_ratio": 35.92,
            "inventory_turnover_ratio": 0.73,
            "account_receivable_turnover_ratio": 1.67,
            "reinvestment_rate": 606.58,
            "research_to_sale_ratio": 4.33,
            "price_fair": 19.6,
            "eps_avg_yearly": 0.56,
            "eps_latest_yearly": 0.48,
            "eps_growth_yearly": 1107.84
        },
        "20182": {
            "year_quarter": 20182,
            "year": 2018,
            "quarter": 2,
            "eps": 0.06,
            "eps_growth_year": null,
            "eps_4q": 0.58,
            "eps_4q_growth_year": null,
            "roe": 0.48,
            "roe_4q": 3.9699999999999998,
            "gross_profit": 32497,
            "gross_margin": 18.72,
            "gross_margin_4q_avg": 20.55,
            "net_income": 2808,
            "net_income_4q": null,
            "revenue": 173588,
            "revenue_4q": null,
            "common_shares": 420000,
            "book_valuer_per_share": 13.39,
            "book_valuer_per_share_4q_avg": 13.48,
            "equity": 573392,
            "current_ratio": 170.94,
            "debt_ratio": 35.77,
            "inventory_turnover_ratio": 0.61,
            "account_receivable_turnover_ratio": 1.37,
            "reinvestment_rate": 295.27,
            "research_to_sale_ratio": 5.05,
            "price_fair": 17.36,
            "eps_avg_yearly": 0.5,
            "eps_latest_yearly": 0.24,
            "eps_growth_yearly": 846.27
        },
        "20183": {
            "year_quarter": 20183,
            "year": 2018,
            "quarter": 3,
            "eps": 0.05,
            "eps_growth_year": -16.67,
            "eps_4q": 0.57,
            "eps_4q_growth_year": 915.41,
            "roe": 0.51,
            "roe_4q": 4.13,
            "gross_profit": 38116,
            "gross_margin": 20.54,
            "gross_margin_4q_avg": 20.89,
            "net_income": 2907,
            "net_income_4q": null,
            "revenue": 185557,
            "revenue_4q": null,
            "common_shares": 420000,
            "book_valuer_per_share": 13.45,
            "book_valuer_per_share_4q_avg": 13.53,
            "equity": 576294,
            "current_ratio": 247.19,
            "debt_ratio": 32,
            "inventory_turnover_ratio": 0.62,
            "account_receivable_turnover_ratio": 1.34,
            "reinvestment_rate": -233.45,
            "research_to_sale_ratio": 4.73,
            "price_fair": 15.63,
            "eps_avg_yearly": 0.45,
            "eps_latest_yearly": 0.2,
            "eps_growth_yearly": 694.12
        },
        "20184": {
            "year_quarter": 20184,
            "year": 2018,
            "quarter": 4,
            "eps": 0.13,
            "eps_growth_year": -60.44,
            "eps_4q": 0.37,
            "eps_4q_growth_year": 64.89,
            "roe": 1.01,
            "roe_4q": 2.57,
            "gross_profit": 45523,
            "gross_margin": 22.89,
            "gross_margin_4q_avg": 20.62,
            "net_income": 5849,
            "net_income_4q": null,
            "revenue": 198888,
            "revenue_4q": null,
            "common_shares": 420000,
            "book_valuer_per_share": 13.55,
            "book_valuer_per_share_4q_avg": 13.53,
            "equity": 580818,
            "current_ratio": 231.08,
            "debt_ratio": 32.81,
            "inventory_turnover_ratio": 0.65,
            "account_receivable_turnover_ratio": 1.45,
            "reinvestment_rate": -329.81,
            "research_to_sale_ratio": 3.82,
            "price_fair": 16,
            "eps_avg_yearly": 0.46,
            "eps_latest_yearly": 0.52,
            "eps_growth_yearly": 686.39
        },
        "20191": {
            "year_quarter": 20191,
            "year": 2019,
            "quarter": 1,
            "eps": 0.19,
            "eps_growth_year": 58.33,
            "eps_4q": 0.44,
            "eps_4q_growth_year": -7.47,
            "roe": 1.43,
            "roe_4q": 3.43,
            "gross_profit": 46886,
            "gross_margin": 23.39,
            "gross_margin_4q_avg": 21.39,
            "net_income": 8299,
            "net_income_4q": null,
            "revenue": 200443,
            "revenue_4q": null,
            "common_shares": 420000,
            "book_valuer_per_share": 13.73,
            "book_valuer_per_share_4q_avg": 13.53,
            "equity": 581803,
            "current_ratio": 219.33,
            "debt_ratio": 36.83,
            "inventory_turnover_ratio": 0.65,
            "account_receivable_turnover_ratio": 1.43,
            "reinvestment_rate": -119.32,
            "research_to_sale_ratio": 4.48,
            "price_fair": 17.33,
            "eps_avg_yearly": 0.5,
            "eps_latest_yearly": 0.76,
            "eps_growth_yearly": 623.67
        },
        "20192": {
            "year_quarter": 20192,
            "year": 2019,
            "quarter": 2,
            "eps": 0.06,
            "eps_growth_year": 0,
            "eps_4q": 0.43,
            "eps_4q_growth_year": -24.73,
            "roe": 0.55,
            "roe_4q": 3.5,
            "gross_profit": 44185,
            "gross_margin": 21.3,
            "gross_margin_4q_avg": 22.03,
            "net_income": 3173,
            "net_income_4q": null,
            "revenue": 207473,
            "revenue_4q": null,
            "common_shares": 420000,
            "book_valuer_per_share": 13.28,
            "book_valuer_per_share_4q_avg": 13.5,
            "equity": 562890,
            "current_ratio": 205.34,
            "debt_ratio": 37.5,
            "inventory_turnover_ratio": 0.72,
            "account_receivable_turnover_ratio": 1.52,
            "reinvestment_rate": -126.61,
            "research_to_sale_ratio": 4.85,
            "price_fair": 16.33,
            "eps_avg_yearly": 0.47,
            "eps_latest_yearly": 0.24,
            "eps_growth_yearly": 523.96
        },
        "20193": {
            "year_quarter": 20193,
            "year": 2019,
            "quarter": 3,
            "eps": 0.2,
            "eps_growth_year": 300,
            "eps_4q": 0.58,
            "eps_4q_growth_year": 1.52,
            "roe": 1.73,
            "roe_4q": 4.72,
            "gross_profit": 54561,
            "gross_margin": 24.79,
            "gross_margin_4q_avg": 23.09,
            "net_income": 9838,
            "net_income_4q": null,
            "revenue": 220122,
            "revenue_4q": null,
            "common_shares": 420000,
            "book_valuer_per_share": 13.48,
            "book_valuer_per_share_4q_avg": 13.51,
            "equity": 572724,
            "current_ratio": 208.84,
            "debt_ratio": 40.52,
            "inventory_turnover_ratio": 0.75,
            "account_receivable_turnover_ratio": 1.57,
            "reinvestment_rate": -110.61,
            "research_to_sale_ratio": 5.35,
            "price_fair": 17.5,
            "eps_avg_yearly": 0.5,
            "eps_latest_yearly": 0.8,
            "eps_growth_yearly": 564.9
        },
        "20194": {
            "year_quarter": 20194,
            "year": 2019,
            "quarter": 4,
            "eps": 0.16,
            "eps_growth_year": 19.81,
            "eps_4q": 0.61,
            "eps_4q_growth_year": 65.18,
            "roe": 1.2,
            "roe_4q": 4.909999999999999,
            "gross_profit": 53799,
            "gross_margin": 26.8,
            "gross_margin_4q_avg": 24.07,
            "net_income": 6932,
            "net_income_4q": null,
            "revenue": 200748,
            "revenue_4q": null,
            "common_shares": 420000,
            "book_valuer_per_share": 13.62,
            "book_valuer_per_share_4q_avg": 13.53,
            "equity": 578563,
            "current_ratio": 215.29,
            "debt_ratio": 38.74,
            "inventory_turnover_ratio": 0.61,
            "account_receivable_turnover_ratio": 1.37,
            "reinvestment_rate": -113.72,
            "research_to_sale_ratio": 6.64,
            "price_fair": 17.95,
            "eps_avg_yearly": 0.51,
            "eps_latest_yearly": 0.64,
            "eps_growth_yearly": 506.27
        },
        "20201": {
            "year_quarter": 20201,
            "year": 2020,
            "quarter": 1,
            "eps": 0.16,
            "eps_growth_year": -15.79,
            "eps_4q": 0.58,
            "eps_4q_growth_year": 30.94,
            "roe": 1.26,
            "roe_4q": 4.739999999999999,
            "gross_profit": 52365,
            "gross_margin": 25.79,
            "gross_margin_4q_avg": 24.67,
            "net_income": 7314,
            "net_income_4q": null,
            "revenue": 203020,
            "revenue_4q": null,
            "common_shares": 420000,
            "book_valuer_per_share": 13.78,
            "book_valuer_per_share_4q_avg": 13.54,
            "equity": 585891,
            "current_ratio": 201.35,
            "debt_ratio": 39.3,
            "inventory_turnover_ratio": 0.59,
            "account_receivable_turnover_ratio": 1.36,
            "reinvestment_rate": -103.5,
            "research_to_sale_ratio": 6.16,
            "price_fair": 19.85,
            "eps_avg_yearly": 0.57,
            "eps_latest_yearly": 0.64,
            "eps_growth_yearly": 540.49
        },
        "20202": {
            "year_quarter": 20202,
            "year": 2020,
            "quarter": 2,
            "eps": 0.17,
            "eps_growth_year": 183.33,
            "eps_4q": 0.69,
            "eps_4q_growth_year": 58.08,
            "roe": 1.29,
            "roe_4q": 5.48,
            "gross_profit": 53647,
            "gross_margin": 25.67,
            "gross_margin_4q_avg": 25.76,
            "net_income": 7451,
            "net_income_4q": null,
            "revenue": 208954,
            "revenue_4q": null,
            "common_shares": 420000,
            "book_valuer_per_share": 13.42,
            "book_valuer_per_share_4q_avg": 13.58,
            "equity": 570647,
            "current_ratio": 160.73,
            "debt_ratio": 43.94,
            "inventory_turnover_ratio": 0.58,
            "account_receivable_turnover_ratio": 1.43,
            "reinvestment_rate": 95.72,
            "research_to_sale_ratio": 6.3,
            "price_fair": 20.87,
            "eps_avg_yearly": 0.6,
            "eps_latest_yearly": 0.68,
            "eps_growth_yearly": 251.86
        },
        "20203": {
            "year_quarter": 20203,
            "year": 2020,
            "quarter": 3,
            "eps": 0.06,
            "eps_growth_year": -70,
            "eps_4q": 0.54,
            "eps_4q_growth_year": -6.98,
            "roe": 0.54,
            "roe_4q": 4.29,
            "gross_profit": 51072,
            "gross_margin": 24.53,
            "gross_margin_4q_avg": 25.7,
            "net_income": 3107,
            "net_income_4q": null,
            "revenue": 208200,
            "revenue_4q": null,
            "common_shares": 420000,
            "book_valuer_per_share": 13.48,
            "book_valuer_per_share_4q_avg": 13.58,
            "equity": 573725,
            "current_ratio": 161.73,
            "debt_ratio": 41.68,
            "inventory_turnover_ratio": 0.6,
            "account_receivable_turnover_ratio": 1.47,
            "reinvestment_rate": 141.48,
            "research_to_sale_ratio": 6.31,
            "price_fair": 19.83,
            "eps_avg_yearly": 0.57,
            "eps_latest_yearly": 0.24,
            "eps_growth_yearly": 209.3
        },
        "20204": {
            "year_quarter": 20204,
            "year": 2020,
            "quarter": 4,
            "eps": 0.24,
            "eps_growth_year": 49.15,
            "eps_4q": 0.62,
            "eps_4q_growth_year": 2.25,
            "roe": 1.67,
            "roe_4q": 4.76,
            "gross_profit": 61184,
            "gross_margin": 27,
            "gross_margin_4q_avg": 25.75,
            "net_income": 9689,
            "net_income_4q": null,
            "revenue": 226610,
            "revenue_4q": null,
            "common_shares": 420000,
            "book_valuer_per_share": 13.74,
            "book_valuer_per_share_4q_avg": 13.61,
            "equity": 584191,
            "current_ratio": 165.17,
            "debt_ratio": 42.68,
            "inventory_turnover_ratio": 0.68,
            "account_receivable_turnover_ratio": 1.51,
            "reinvestment_rate": 135.05,
            "research_to_sale_ratio": 7.13,
            "price_fair": 20.89,
            "eps_avg_yearly": 0.6,
            "eps_latest_yearly": 0.96,
            "eps_growth_yearly": 285.51
        },
        "20211": {
            "year_quarter": 20211,
            "year": 2021,
            "quarter": 1,
            "eps": 0.16,
            "eps_growth_year": 0,
            "eps_4q": 0.63,
            "eps_4q_growth_year": 8.48,
            "roe": 1.24,
            "roe_4q": 4.74,
            "gross_profit": 58414,
            "gross_margin": 25.78,
            "gross_margin_4q_avg": 25.75,
            "net_income": 7278,
            "net_income_4q": null,
            "revenue": 226604,
            "revenue_4q": null,
            "common_shares": 420000,
            "book_valuer_per_share": 13.9,
            "book_valuer_per_share_4q_avg": 13.64,
            "equity": 591472,
            "current_ratio": 161.38,
            "debt_ratio": 42.47,
            "inventory_turnover_ratio": 0.66,
            "account_receivable_turnover_ratio": 1.51,
            "reinvestment_rate": 115.38,
            "research_to_sale_ratio": 6.87,
            "price_fair": 21,
            "eps_avg_yearly": 0.6,
            "eps_latest_yearly": 0.64,
            "eps_growth_yearly": 255.59
        },
        "20212": {
            "year_quarter": 20212,
            "year": 2021,
            "quarter": 2,
            "eps": 0.15,
            "eps_growth_year": -11.76,
            "eps_4q": 0.61,
            "eps_4q_growth_year": -10.81,
            "roe": 1.01,
            "roe_4q": 4.46,
            "gross_profit": 59139,
            "gross_margin": 28.67,
            "gross_margin_4q_avg": 26.5,
            "net_income": 6015,
            "net_income_4q": null,
            "revenue": 206240,
            "revenue_4q": null,
            "common_shares": 420000,
            "book_valuer_per_share": 14.06,
            "book_valuer_per_share_4q_avg": 13.8,
            "equity": 597767,
            "current_ratio": 151.74,
            "debt_ratio": 44.25,
            "inventory_turnover_ratio": 0.56,
            "account_receivable_turnover_ratio": 1.28,
            "reinvestment_rate": 106.07,
            "research_to_sale_ratio": 7.99,
            "price_fair": 21,
            "eps_avg_yearly": 0.6,
            "eps_latest_yearly": 0.6,
            "eps_growth_yearly": 236.89
        },
        "20213": {
            "year_quarter": 20213,
            "year": 2021,
            "quarter": 3,
            "eps": 0.12,
            "eps_growth_year": 100,
            "eps_4q": 0.67,
            "eps_4q_growth_year": 24.14,
            "roe": 0.93,
            "roe_4q": 4.85,
            "gross_profit": 59656,
            "gross_margin": 27.87,
            "gross_margin_4q_avg": 27.33,
            "net_income": 5551,
            "net_income_4q": null,
            "revenue": 214029,
            "revenue_4q": null,
            "common_shares": 420000,
            "book_valuer_per_share": 13.69,
            "book_valuer_per_share_4q_avg": 13.85,
            "equity": 589727,
            "current_ratio": 142.98,
            "debt_ratio": 45.66,
            "inventory_turnover_ratio": 0.53,
            "account_receivable_turnover_ratio": 1.29,
            "reinvestment_rate": 103.7,
            "research_to_sale_ratio": 8.21,
            "price_fair": 20.74,
            "eps_avg_yearly": 0.59,
            "eps_latest_yearly": 0.48,
            "eps_growth_yearly": 217.08
        },
        "20214": {
            "year_quarter": 20214,
            "year": 2021,
            "quarter": 4,
            "eps": 0.37,
            "eps_growth_year": 53.43,
            "eps_4q": 0.81,
            "eps_4q_growth_year": 30.48,
            "roe": 2.84,
            "roe_4q": 6.0200000000000005,
            "gross_profit": 70324,
            "gross_margin": 24.68,
            "gross_margin_4q_avg": 26.75,
            "net_income": 16778,
            "net_income_4q": null,
            "revenue": 284965,
            "revenue_4q": null,
            "common_shares": 420000,
            "book_valuer_per_share": 13.87,
            "book_valuer_per_share_4q_avg": 13.88,
            "equity": 590648,
            "current_ratio": 138.04,
            "debt_ratio": 46.42,
            "inventory_turnover_ratio": 0.76,
            "account_receivable_turnover_ratio": 1.46,
            "reinvestment_rate": 107.18,
            "research_to_sale_ratio": 6.56,
            "price_fair": 21,
            "eps_avg_yearly": 0.6,
            "eps_latest_yearly": 1.48,
            "eps_growth_yearly": 152.5
        },
        "20221": {
            "year_quarter": 20221,
            "year": 2022,
            "quarter": 1,
            "eps": 0.32,
            "eps_growth_year": 100,
            "eps_4q": 0.97,
            "eps_4q_growth_year": 54.92,
            "roe": 2.34,
            "roe_4q": 7.119999999999999,
            "gross_profit": 67106,
            "gross_margin": 27.13,
            "gross_margin_4q_avg": 27.09,
            "net_income": 13874,
            "net_income_4q": null,
            "revenue": 247322,
            "revenue_4q": null,
            "common_shares": 420000,
            "book_valuer_per_share": 14.12,
            "book_valuer_per_share_4q_avg": 13.94,
            "equity": 595863,
            "current_ratio": 136.36,
            "debt_ratio": 45.39,
            "inventory_turnover_ratio": 0.7,
            "account_receivable_turnover_ratio": 1.2,
            "reinvestment_rate": 99.96,
            "research_to_sale_ratio": 7.05,
            "price_fair": 22.75,
            "eps_avg_yearly": 0.65,
            "eps_latest_yearly": 1.28,
            "eps_growth_yearly": 165.3
        },
        "20222": {
            "year_quarter": 20222,
            "year": 2022,
            "quarter": 2,
            "eps": 0.53,
            "eps_growth_year": 253.33,
            "eps_4q": 1.35,
            "eps_4q_growth_year": 120.22,
            "roe": 3.81,
            "roe_4q": 9.92,
            "gross_profit": 86205,
            "gross_margin": 31.04,
            "gross_margin_4q_avg": 27.68,
            "net_income": 22545,
            "net_income_4q": null,
            "revenue": 277759,
            "revenue_4q": null,
            "common_shares": 420000,
            "book_valuer_per_share": 13.95,
            "book_valuer_per_share_4q_avg": 13.91,
            "equity": 588476,
            "current_ratio": 124.86,
            "debt_ratio": 50.11,
            "inventory_turnover_ratio": 0.67,
            "account_receivable_turnover_ratio": 1.39,
            "reinvestment_rate": 84.11,
            "research_to_sale_ratio": 6.88,
            "price_fair": 26.86,
            "eps_avg_yearly": 0.77,
            "eps_latest_yearly": 2.12,
            "eps_growth_yearly": 194.2
        },
        "20223": {
            "year_quarter": 20223,
            "year": 2022,
            "quarter": 3,
            "eps": 0.55,
            "eps_growth_year": 358.33,
            "eps_4q": 1.77,
            "eps_4q_growth_year": 164.12,
            "roe": 4.12,
            "roe_4q": 13.11,
            "gross_profit": 79371,
            "gross_margin": 30.39,
            "gross_margin_4q_avg": 28.31,
            "net_income": 24742,
            "net_income_4q": null,
            "revenue": 261153,
            "revenue_4q": null,
            "common_shares": 420000,
            "book_valuer_per_share": 14.48,
            "book_valuer_per_share_4q_avg": 14.11,
            "equity": 612511,
            "current_ratio": 108.59,
            "debt_ratio": 52.28,
            "inventory_turnover_ratio": 0.58,
            "account_receivable_turnover_ratio": 1.16,
            "reinvestment_rate": 88.25,
            "research_to_sale_ratio": 7.37,
            "price_fair": 31.24,
            "eps_avg_yearly": 0.89,
            "eps_latest_yearly": 2.2,
            "eps_growth_yearly": 199.31
        },
        "20224": {
            "year_quarter": 20224,
            "year": 2022,
            "quarter": 4,
            "eps": 0.4,
            "eps_growth_year": 8.66,
            "eps_4q": 1.8,
            "eps_4q_growth_year": 122.68,
            "roe": 2.64,
            "roe_4q": 12.91,
            "gross_profit": 90501,
            "gross_margin": 31.7,
            "gross_margin_4q_avg": 30.07,
            "net_income": 16429,
            "net_income_4q": null,
            "revenue": 285477,
            "revenue_4q": null,
            "common_shares": 420000,
            "book_valuer_per_share": 14.9,
            "book_valuer_per_share_4q_avg": 14.36,
            "equity": 629762,
            "current_ratio": 109.18,
            "debt_ratio": 49.51,
            "inventory_turnover_ratio": 0.63,
            "account_receivable_turnover_ratio": 1.38,
            "reinvestment_rate": 129.12,
            "research_to_sale_ratio": 6.41,
            "price_fair": 33.6,
            "eps_avg_yearly": 0.96,
            "eps_latest_yearly": 1.6,
            "eps_growth_yearly": 152.49
        },
        "20231": {
            "year_quarter": 20231,
            "year": 2023,
            "quarter": 1,
            "eps": 0.3,
            "eps_growth_year": -6.25,
            "eps_4q": 1.78,
            "eps_4q_growth_year": 84.03,
            "roe": 2.16,
            "roe_4q": 12.730000000000002,
            "gross_profit": 74220,
            "gross_margin": 29.24,
            "gross_margin_4q_avg": 30.59,
            "net_income": 13729,
            "net_income_4q": null,
            "revenue": 253824,
            "revenue_4q": null,
            "common_shares": 420000,
            "book_valuer_per_share": 15.2,
            "book_valuer_per_share_4q_avg": 14.63,
            "equity": 643507,
            "current_ratio": 110.73,
            "debt_ratio": 48.94,
            "inventory_turnover_ratio": 0.61,
            "account_receivable_turnover_ratio": 1.59,
            "reinvestment_rate": 91.34,
            "research_to_sale_ratio": 6.99,
            "price_fair": 34.56,
            "eps_avg_yearly": 0.99,
            "eps_latest_yearly": 1.2,
            "eps_growth_yearly": 134.7
        },
        "20232": {
            "year_quarter": 20232,
            "year": 2023,
            "quarter": 2,
            "eps": 0.15,
            "eps_growth_year": -71.7,
            "eps_4q": 1.4,
            "eps_4q_growth_year": 4.33,
            "roe": 1.17,
            "roe_4q": 10.09,
            "gross_profit": 67824,
            "gross_margin": 29.05,
            "gross_margin_4q_avg": 30.1,
            "net_income": 7352,
            "net_income_4q": null,
            "revenue": 233469,
            "revenue_4q": null,
            "common_shares": 420000,
            "book_valuer_per_share": 14.57,
            "book_valuer_per_share_4q_avg": 14.79,
            "equity": 617367,
            "current_ratio": 198.72,
            "debt_ratio": 51.33,
            "inventory_turnover_ratio": 0.57,
            "account_receivable_turnover_ratio": 1.52,
            "reinvestment_rate": 42.06,
            "research_to_sale_ratio": 7.8,
            "price_fair": 35.35,
            "eps_avg_yearly": 1.01,
            "eps_latest_yearly": 0.6,
            "eps_growth_yearly": 139.31
        },
        "20233": {
            "year_quarter": 20233,
            "year": 2023,
            "quarter": 3,
            "eps": 0.36,
            "eps_growth_year": -34.55,
            "eps_4q": 1.21,
            "eps_4q_growth_year": -31.56,
            "roe": 2.67,
            "roe_4q": 8.64,
            "gross_profit": 77200,
            "gross_margin": 29.73,
            "gross_margin_4q_avg": 29.93,
            "net_income": 16676,
            "net_income_4q": null,
            "revenue": 259649,
            "revenue_4q": null,
            "common_shares": 420000,
            "book_valuer_per_share": 14.93,
            "book_valuer_per_share_4q_avg": 14.9,
            "equity": 634043,
            "current_ratio": 206.9,
            "debt_ratio": 50.22,
            "inventory_turnover_ratio": 0.62,
            "account_receivable_turnover_ratio": 1.48,
            "reinvestment_rate": 40.63,
            "research_to_sale_ratio": 6.74,
            "price_fair": 36.75,
            "eps_avg_yearly": 1.05,
            "eps_latest_yearly": 1.44,
            "eps_growth_yearly": 115.98
        },
        "20234": {
            "year_quarter": 20234,
            "year": 2023,
            "quarter": 4,
            "eps": 0.09,
            "eps_growth_year": -77.27,
            "eps_4q": 0.89,
            "eps_4q_growth_year": -50.31,
            "roe": 0.5,
            "roe_4q": 6.5,
            "gross_profit": 63020,
            "gross_margin": 27.7,
            "gross_margin_4q_avg": 28.93,
            "net_income": 3242,
            "net_income_4q": null,
            "revenue": 227525,
            "revenue_4q": null,
            "common_shares": 420000,
            "book_valuer_per_share": 15.19,
            "book_valuer_per_share_4q_avg": 14.97,
            "equity": 651041,
            "current_ratio": 282.58,
            "debt_ratio": 46.9,
            "inventory_turnover_ratio": 0.59,
            "account_receivable_turnover_ratio": 1.29,
            "reinvestment_rate": 40.89,
            "research_to_sale_ratio": 7.64,
            "price_fair": 36.14,
            "eps_avg_yearly": 1.03,
            "eps_latest_yearly": 0.36,
            "eps_growth_yearly": 102.23
        }
    },
    "months": {
        "2003-10": {
            "month": "2003-10",
            "price": "12.09",
            "revenue": 67059
        },
        "2003-11": {
            "month": "2003-11",
            "price": "11.50",
            "revenue": 88516
        },
        "2003-12": {
            "month": "2003-12",
            "price": "11.07",
            "revenue": 110046
        },
        "2004-01": {
            "month": "2004-01",
            "price": "12.03",
            "revenue": 78591
        },
        "2004-02": {
            "month": "2004-02",
            "price": "10.57",
            "revenue": 98290
        },
        "2004-04": {
            "month": "2004-04",
            "price": "11.30",
            "revenue": 93872
        },
        "2004-06": {
            "month": "2004-06",
            "price": "11.26",
            "revenue": 92891
        },
        "2004-07": {
            "month": "2004-07",
            "price": "10.67",
            "revenue": 98622
        },
        "2004-09": {
            "month": "2004-09",
            "price": "9.11",
            "revenue": 90117
        },
        "2004-11": {
            "month": "2004-11",
            "price": "8.97",
            "revenue": 107672
        },
        "2004-12": {
            "month": "2004-12",
            "price": "8.73",
            "revenue": 107443
        },
        "2005-01": {
            "month": "2005-01",
            "price": "11.26",
            "revenue": 98179
        },
        "2005-02": {
            "month": "2005-02",
            "price": "11.30",
            "revenue": 69506
        },
        "2005-03": {
            "month": "2005-03",
            "price": "10.62",
            "revenue": 101896
        },
        "2005-04": {
            "month": "2005-04",
            "price": "10.64",
            "revenue": 91319
        },
        "2005-05": {
            "month": "2005-05",
            "price": "10.26",
            "revenue": 96056
        },
        "2005-06": {
            "month": "2005-06",
            "price": "10.86",
            "revenue": 118452
        },
        "2005-07": {
            "month": "2005-07",
            "price": "10.99",
            "revenue": 85416
        },
        "2005-08": {
            "month": "2005-08",
            "price": "13.28",
            "revenue": 89696
        },
        "2005-09": {
            "month": "2005-09",
            "price": "14.87",
            "revenue": 108332
        },
        "2005-10": {
            "month": "2005-10",
            "price": "15.22",
            "revenue": 103663
        },
        "2005-11": {
            "month": "2005-11",
            "price": "15.47",
            "revenue": 95655
        },
        "2005-12": {
            "month": "2005-12",
            "price": "16.35",
            "revenue": 120664
        },
        "2006-01": {
            "month": "2006-01",
            "price": "18.40",
            "revenue": 104425
        },
        "2006-02": {
            "month": "2006-02",
            "price": "18.20",
            "revenue": 95899
        },
        "2006-03": {
            "month": "2006-03",
            "price": "23.48",
            "revenue": 115097
        },
        "2006-04": {
            "month": "2006-04",
            "price": "24.23",
            "revenue": 108121
        },
        "2006-05": {
            "month": "2006-05",
            "price": "26.12",
            "revenue": 119618
        },
        "2006-06": {
            "month": "2006-06",
            "price": "22.90",
            "revenue": 120616
        },
        "2006-07": {
            "month": "2006-07",
            "price": "21.88",
            "revenue": 116391
        },
        "2006-08": {
            "month": "2006-08",
            "price": "24.30",
            "revenue": 118043
        },
        "2006-09": {
            "month": "2006-09",
            "price": "26.40",
            "revenue": 106920
        },
        "2006-10": {
            "month": "2006-10",
            "price": "32.60",
            "revenue": 118321
        },
        "2006-11": {
            "month": "2006-11",
            "price": "38.18",
            "revenue": 115919
        },
        "2006-12": {
            "month": "2006-12",
            "price": "39.21",
            "revenue": 116160
        },
        "2007-01": {
            "month": "2007-01",
            "price": "38.68",
            "revenue": 104688
        },
        "2007-02": {
            "month": "2007-02",
            "price": "36.25",
            "revenue": 104500
        },
        "2007-03": {
            "month": "2007-03",
            "price": "39.92",
            "revenue": 120220
        },
        "2007-04": {
            "month": "2007-04",
            "price": "43.25",
            "revenue": 110600
        },
        "2007-05": {
            "month": "2007-05",
            "price": "48.08",
            "revenue": 109284
        },
        "2007-06": {
            "month": "2007-06",
            "price": "69.57",
            "revenue": 117572
        },
        "2007-07": {
            "month": "2007-07",
            "price": "81.55",
            "revenue": 113749
        },
        "2007-08": {
            "month": "2007-08",
            "price": "64.39",
            "revenue": 118684
        },
        "2007-09": {
            "month": "2007-09",
            "price": "61.14",
            "revenue": 122498
        },
        "2007-10": {
            "month": "2007-10",
            "price": "55.85",
            "revenue": 123348
        },
        "2007-11": {
            "month": "2007-11",
            "price": "41.76",
            "revenue": 124828
        },
        "2007-12": {
            "month": "2007-12",
            "price": "38.29",
            "revenue": 131748
        },
        "2008-01": {
            "month": "2008-01",
            "price": "34.55",
            "revenue": 105043
        },
        "2008-02": {
            "month": "2008-02",
            "price": "31.73",
            "revenue": 98542
        },
        "2008-03": {
            "month": "2008-03",
            "price": "37.94",
            "revenue": 110023
        },
        "2008-04": {
            "month": "2008-04",
            "price": "38.78",
            "revenue": 113113
        },
        "2008-05": {
            "month": "2008-05",
            "price": "34.60",
            "revenue": 115930
        },
        "2008-06": {
            "month": "2008-06",
            "price": "28.19",
            "revenue": 126579
        },
        "2008-07": {
            "month": "2008-07",
            "price": "21.92",
            "revenue": 113426
        },
        "2008-08": {
            "month": "2008-08",
            "price": "21.16",
            "revenue": 115385
        },
        "2008-09": {
            "month": "2008-09",
            "price": "14.17",
            "revenue": 110109
        },
        "2008-10": {
            "month": "2008-10",
            "price": "12.96",
            "revenue": 93705
        },
        "2008-11": {
            "month": "2008-11",
            "price": "10.66",
            "revenue": 81918
        },
        "2008-12": {
            "month": "2008-12",
            "price": "10.06",
            "revenue": 88491
        },
        "2009-01": {
            "month": "2009-01",
            "price": "10.03",
            "revenue": 55118
        },
        "2009-02": {
            "month": "2009-02",
            "price": "10.87",
            "revenue": 83954
        },
        "2009-03": {
            "month": "2009-03",
            "price": "12.79",
            "revenue": 97973
        },
        "2009-04": {
            "month": "2009-04",
            "price": "14.45",
            "revenue": 88720
        },
        "2009-05": {
            "month": "2009-05",
            "price": "15.76",
            "revenue": 88362
        },
        "2009-06": {
            "month": "2009-06",
            "price": "15.64",
            "revenue": 102244
        },
        "2009-07": {
            "month": "2009-07",
            "price": "17.85",
            "revenue": 95912
        },
        "2009-08": {
            "month": "2009-08",
            "price": "17.69",
            "revenue": 86013
        },
        "2009-09": {
            "month": "2009-09",
            "price": "19.85",
            "revenue": 91062
        },
        "2009-10": {
            "month": "2009-10",
            "price": "24.86",
            "revenue": 100571
        },
        "2009-11": {
            "month": "2009-11",
            "price": "26.88",
            "revenue": 100939
        },
        "2009-12": {
            "month": "2009-12",
            "price": "31.94",
            "revenue": 115797
        },
        "2010-01": {
            "month": "2010-01",
            "price": "29.50",
            "revenue": 76208
        },
        "2010-02": {
            "month": "2010-02",
            "price": "25.11",
            "revenue": 61812
        },
        "2010-03": {
            "month": "2010-03",
            "price": "29.03",
            "revenue": 81158
        },
        "2010-04": {
            "month": "2010-04",
            "price": "28.49",
            "revenue": 81467
        },
        "2010-05": {
            "month": "2010-05",
            "price": "24.25",
            "revenue": 81789
        },
        "2010-06": {
            "month": "2010-06",
            "price": "22.77",
            "revenue": 84582
        },
        "2010-07": {
            "month": "2010-07",
            "price": "23.73",
            "revenue": 73221
        },
        "2010-08": {
            "month": "2010-08",
            "price": "22.52",
            "revenue": 94946
        },
        "2010-09": {
            "month": "2010-09",
            "price": "20.45",
            "revenue": 83426
        },
        "2010-10": {
            "month": "2010-10",
            "price": "22.65",
            "revenue": 71792
        },
        "2010-11": {
            "month": "2010-11",
            "price": "20.33",
            "revenue": 83156
        },
        "2010-12": {
            "month": "2010-12",
            "price": "20.77",
            "revenue": 82691
        },
        "2011-01": {
            "month": "2011-01",
            "price": "21.30",
            "revenue": 78425
        },
        "2011-02": {
            "month": "2011-02",
            "price": "20.19",
            "revenue": 50279
        },
        "2011-03": {
            "month": "2011-03",
            "price": "18.81",
            "revenue": 92721
        },
        "2011-04": {
            "month": "2011-04",
            "price": "17.46",
            "revenue": 78012
        },
        "2011-05": {
            "month": "2011-05",
            "price": "15.69",
            "revenue": 70880
        },
        "2011-06": {
            "month": "2011-06",
            "price": "14.69",
            "revenue": 95019
        },
        "2011-07": {
            "month": "2011-07",
            "price": "13.85",
            "revenue": 103516
        },
        "2011-08": {
            "month": "2011-08",
            "price": "14.08",
            "revenue": 107200
        },
        "2011-09": {
            "month": "2011-09",
            "price": "13.51",
            "revenue": 123149
        },
        "2011-10": {
            "month": "2011-10",
            "price": "13.48",
            "revenue": 102469
        },
        "2011-11": {
            "month": "2011-11",
            "price": "11.50",
            "revenue": 84913
        },
        "2011-12": {
            "month": "2011-12",
            "price": "10.37",
            "revenue": 90032
        },
        "2012-01": {
            "month": "2012-01",
            "price": "10.27",
            "revenue": 51507
        },
        "2012-02": {
            "month": "2012-02",
            "price": "12.04",
            "revenue": 81438
        },
        "2012-03": {
            "month": "2012-03",
            "price": "12.55",
            "revenue": 85456
        },
        "2012-04": {
            "month": "2012-04",
            "price": "12.34",
            "revenue": 80970
        },
        "2012-05": {
            "month": "2012-05",
            "price": "11.08",
            "revenue": 92651
        },
        "2012-06": {
            "month": "2012-06",
            "price": "11.21",
            "revenue": 104093
        },
        "2012-07": {
            "month": "2012-07",
            "price": "11.82",
            "revenue": 86499
        },
        "2012-08": {
            "month": "2012-08",
            "price": "10.75",
            "revenue": 78073
        },
        "2012-09": {
            "month": "2012-09",
            "price": "10.30",
            "revenue": 94010
        },
        "2012-10": {
            "month": "2012-10",
            "price": "8.81",
            "revenue": 77953
        },
        "2012-11": {
            "month": "2012-11",
            "price": "7.93",
            "revenue": 75319
        },
        "2012-12": {
            "month": "2012-12",
            "price": "8.43",
            "revenue": 87924
        },
        "2013-01": {
            "month": "2013-01",
            "price": "8.66",
            "revenue": 84912
        },
        "2013-02": {
            "month": "2013-02",
            "price": "8.96",
            "revenue": 70336
        },
        "2013-03": {
            "month": "2013-03",
            "price": "9.45",
            "revenue": 75846
        },
        "2013-04": {
            "month": "2013-04",
            "price": "10.72",
            "revenue": 79904
        },
        "2013-05": {
            "month": "2013-05",
            "price": "10.40",
            "revenue": 89242
        },
        "2013-06": {
            "month": "2013-06",
            "price": "10.05",
            "revenue": 83768
        },
        "2013-07": {
            "month": "2013-07",
            "price": "10.11",
            "revenue": 81190
        },
        "2013-08": {
            "month": "2013-08",
            "price": "11.38",
            "revenue": 83986
        },
        "2013-09": {
            "month": "2013-09",
            "price": "14.84",
            "revenue": 56091
        },
        "2013-10": {
            "month": "2013-10",
            "price": "13.85",
            "revenue": 59073
        },
        "2013-11": {
            "month": "2013-11",
            "price": "12.07",
            "revenue": 61856
        },
        "2013-12": {
            "month": "2013-12",
            "price": "13.32",
            "revenue": 72158
        },
        "2014-01": {
            "month": "2014-01",
            "price": "15.84",
            "revenue": 75525
        },
        "2014-02": {
            "month": "2014-02",
            "price": "16.56",
            "revenue": 59890
        },
        "2014-03": {
            "month": "2014-03",
            "price": "16.88",
            "revenue": 71214
        },
        "2014-04": {
            "month": "2014-04",
            "price": "15.45",
            "revenue": 64009
        },
        "2014-05": {
            "month": "2014-05",
            "price": "14.49",
            "revenue": 57675
        },
        "2014-06": {
            "month": "2014-06",
            "price": "14.87",
            "revenue": 75060
        },
        "2014-07": {
            "month": "2014-07",
            "price": "14.32",
            "revenue": 68203
        },
        "2014-08": {
            "month": "2014-08",
            "price": "12.80",
            "revenue": 60740
        },
        "2014-09": {
            "month": "2014-09",
            "price": "12.38",
            "revenue": 61124
        },
        "2014-10": {
            "month": "2014-10",
            "price": "11.40",
            "revenue": 50119
        },
        "2014-11": {
            "month": "2014-11",
            "price": "10.21",
            "revenue": 54434
        },
        "2014-12": {
            "month": "2014-12",
            "price": "10.92",
            "revenue": 64848
        },
        "2015-01": {
            "month": "2015-01",
            "price": "11.67",
            "revenue": 45611
        },
        "2015-02": {
            "month": "2015-02",
            "price": "11.47",
            "revenue": 48104
        },
        "2015-03": {
            "month": "2015-03",
            "price": "14.47",
            "revenue": 67402
        },
        "2015-04": {
            "month": "2015-04",
            "price": "18.36",
            "revenue": 61862
        },
        "2015-05": {
            "month": "2015-05",
            "price": "18.03",
            "revenue": 78618
        },
        "2015-06": {
            "month": "2015-06",
            "price": "17.88",
            "revenue": 64785
        },
        "2015-07": {
            "month": "2015-07",
            "price": "16.22",
            "revenue": 62027
        },
        "2015-08": {
            "month": "2015-08",
            "price": "14.05",
            "revenue": 56186
        },
        "2015-09": {
            "month": "2015-09",
            "price": "14.06",
            "revenue": 61825
        },
        "2015-10": {
            "month": "2015-10",
            "price": "13.39",
            "revenue": 61481
        },
        "2015-11": {
            "month": "2015-11",
            "price": "12.69",
            "revenue": 68983
        },
        "2015-12": {
            "month": "2015-12",
            "price": "15.67",
            "revenue": 58223
        },
        "2016-01": {
            "month": "2016-01",
            "price": "15.76",
            "revenue": 57826
        },
        "2016-02": {
            "month": "2016-02",
            "price": "14.25",
            "revenue": 55971
        },
        "2016-03": {
            "month": "2016-03",
            "price": "14.59",
            "revenue": 73146
        },
        "2016-04": {
            "month": "2016-04",
            "price": "15.22",
            "revenue": 61117
        },
        "2016-05": {
            "month": "2016-05",
            "price": "14.28",
            "revenue": 70280
        },
        "2016-06": {
            "month": "2016-06",
            "price": "13.45",
            "revenue": 64306
        },
        "2016-07": {
            "month": "2016-07",
            "price": "13.25",
            "revenue": 73313
        },
        "2016-08": {
            "month": "2016-08",
            "price": "13.06",
            "revenue": 54212
        },
        "2016-09": {
            "month": "2016-09",
            "price": "12.10",
            "revenue": 64148
        },
        "2016-10": {
            "month": "2016-10",
            "price": "11.70",
            "revenue": 51015
        },
        "2016-11": {
            "month": "2016-11",
            "price": "11.48",
            "revenue": 67277
        },
        "2016-12": {
            "month": "2016-12",
            "price": "11.33",
            "revenue": 69077
        },
        "2017-01": {
            "month": "2017-01",
            "price": "11.47",
            "revenue": 55471
        },
        "2017-02": {
            "month": "2017-02",
            "price": "12.56",
            "revenue": 44895
        },
        "2017-03": {
            "month": "2017-03",
            "price": "12.31",
            "revenue": 60329
        },
        "2017-04": {
            "month": "2017-04",
            "price": "11.72",
            "revenue": 52794
        },
        "2017-05": {
            "month": "2017-05",
            "price": "11.40",
            "revenue": 67373
        },
        "2017-06": {
            "month": "2017-06",
            "price": "11.70",
            "revenue": 63651
        },
        "2017-07": {
            "month": "2017-07",
            "price": "11.54",
            "revenue": 59666
        },
        "2017-08": {
            "month": "2017-08",
            "price": "11.18",
            "revenue": 57443
        },
        "2017-09": {
            "month": "2017-09",
            "price": "11.44",
            "revenue": 66829
        },
        "2017-10": {
            "month": "2017-10",
            "price": "11.79",
            "revenue": 67811
        },
        "2017-11": {
            "month": "2017-11",
            "price": "11.33",
            "revenue": 68154
        },
        "2017-12": {
            "month": "2017-12",
            "price": "11.18",
            "revenue": 81789
        },
        "2018-01": {
            "month": "2018-01",
            "price": "10.95",
            "revenue": 75197
        },
        "2018-02": {
            "month": "2018-02",
            "price": "10.72",
            "revenue": 44781
        },
        "2018-03": {
            "month": "2018-03",
            "price": "13.66",
            "revenue": 86404
        },
        "2018-04": {
            "month": "2018-04",
            "price": "17.68",
            "revenue": 56597
        },
        "2018-05": {
            "month": "2018-05",
            "price": "15.32",
            "revenue": 49422
        },
        "2018-06": {
            "month": "2018-06",
            "price": "15.47",
            "revenue": 67354
        },
        "2018-07": {
            "month": "2018-07",
            "price": "14.14",
            "revenue": 61490
        },
        "2018-08": {
            "month": "2018-08",
            "price": "12.78",
            "revenue": 75309
        },
        "2018-09": {
            "month": "2018-09",
            "price": "12.26",
            "revenue": 48595
        },
        "2018-10": {
            "month": "2018-10",
            "price": "11.46",
            "revenue": 76831
        },
        "2018-11": {
            "month": "2018-11",
            "price": "12.74",
            "revenue": 65932
        },
        "2018-12": {
            "month": "2018-12",
            "price": "13.95",
            "revenue": 56787
        },
        "2019-01": {
            "month": "2019-01",
            "price": "14.68",
            "revenue": 79496
        },
        "2019-02": {
            "month": "2019-02",
            "price": "15.47",
            "revenue": 46330
        },
        "2019-03": {
            "month": "2019-03",
            "price": "15.23",
            "revenue": 74433
        },
        "2019-04": {
            "month": "2019-04",
            "price": "14.50",
            "revenue": 92787
        },
        "2019-05": {
            "month": "2019-05",
            "price": "14.92",
            "revenue": 62551
        },
        "2019-06": {
            "month": "2019-06",
            "price": "15.06",
            "revenue": 52139
        },
        "2019-07": {
            "month": "2019-07",
            "price": "14.46",
            "revenue": 76497
        },
        "2019-08": {
            "month": "2019-08",
            "price": "13.80",
            "revenue": 79663
        },
        "2019-09": {
            "month": "2019-09",
            "price": "13.92",
            "revenue": 63643
        },
        "2019-10": {
            "month": "2019-10",
            "price": "14.02",
            "revenue": 68162
        },
        "2019-11": {
            "month": "2019-11",
            "price": "13.38",
            "revenue": 66597
        },
        "2019-12": {
            "month": "2019-12",
            "price": "13.02",
            "revenue": 66518
        },
        "2020-01": {
            "month": "2020-01",
            "price": "12.90",
            "revenue": 64404
        },
        "2020-02": {
            "month": "2020-02",
            "price": "12.41",
            "revenue": 76858
        },
        "2020-03": {
            "month": "2020-03",
            "price": "11.68",
            "revenue": 62787
        },
        "2020-04": {
            "month": "2020-04",
            "price": "11.76",
            "revenue": 87414
        },
        "2020-05": {
            "month": "2020-05",
            "price": "12.61",
            "revenue": 60637
        },
        "2020-06": {
            "month": "2020-06",
            "price": "12.74",
            "revenue": 64023
        },
        "2020-07": {
            "month": "2020-07",
            "price": "13.13",
            "revenue": 81018
        },
        "2020-08": {
            "month": "2020-08",
            "price": "13.08",
            "revenue": 70050
        },
        "2020-09": {
            "month": "2020-09",
            "price": "13.19",
            "revenue": 53004
        },
        "2020-10": {
            "month": "2020-10",
            "price": "12.93",
            "revenue": 63379
        },
        "2020-11": {
            "month": "2020-11",
            "price": "12.90",
            "revenue": 79434
        },
        "2020-12": {
            "month": "2020-12",
            "price": "13.72",
            "revenue": 83780
        },
        "2021-01": {
            "month": "2021-01",
            "price": "17.52",
            "revenue": 76933
        },
        "2021-02": {
            "month": "2021-02",
            "price": "19.63",
            "revenue": 76279
        },
        "2021-03": {
            "month": "2021-03",
            "price": "19.98",
            "revenue": 73389
        },
        "2021-04": {
            "month": "2021-04",
            "price": "21.37",
            "revenue": 64457
        },
        "2021-05": {
            "month": "2021-05",
            "price": "17.52",
            "revenue": 74687
        },
        "2021-06": {
            "month": "2021-06",
            "price": "19.06",
            "revenue": 67104
        },
        "2021-07": {
            "month": "2021-07",
            "price": "20.44",
            "revenue": 75579
        },
        "2021-08": {
            "month": "2021-08",
            "price": "17.91",
            "revenue": 61644
        },
        "2021-09": {
            "month": "2021-09",
            "price": "18.54",
            "revenue": 76807
        },
        "2021-10": {
            "month": "2021-10",
            "price": "20.08",
            "revenue": 75455
        },
        "2021-11": {
            "month": "2021-11",
            "price": "22.55",
            "revenue": 98775
        },
        "2021-12": {
            "month": "2021-12",
            "price": "23.94",
            "revenue": 140151
        },
        "2022-01": {
            "month": "2022-01",
            "price": "22.12",
            "revenue": 73170
        },
        "2022-02": {
            "month": "2022-02",
            "price": "20.92",
            "revenue": 69399
        },
        "2022-03": {
            "month": "2022-03",
            "price": "19.17",
            "revenue": 104760
        },
        "2022-04": {
            "month": "2022-04",
            "price": "19.89",
            "revenue": 86270
        },
        "2022-05": {
            "month": "2022-05",
            "price": "19.00",
            "revenue": 82440
        },
        "2022-06": {
            "month": "2022-06",
            "price": "19.22",
            "revenue": 109062
        },
        "2022-07": {
            "month": "2022-07",
            "price": "18.69",
            "revenue": 90418
        },
        "2022-08": {
            "month": "2022-08",
            "price": "21.25",
            "revenue": 95330
        },
        "2022-09": {
            "month": "2022-09",
            "price": "26.90",
            "revenue": 75403
        },
        "2022-10": {
            "month": "2022-10",
            "price": "27.46",
            "revenue": 124102
        },
        "2022-11": {
            "month": "2022-11",
            "price": "38.27",
            "revenue": 84312
        },
        "2022-12": {
            "month": "2022-12",
            "price": "47.07",
            "revenue": 77064
        },
        "2023-01": {
            "month": "2023-01",
            "price": "41.23",
            "revenue": 108509
        },
        "2023-02": {
            "month": "2023-02",
            "price": "45.36",
            "revenue": 60865
        },
        "2023-03": {
            "month": "2023-03",
            "price": "43.92",
            "revenue": 84449
        },
        "2023-04": {
            "month": "2023-04",
            "price": "40.46",
            "revenue": 59913
        },
        "2023-05": {
            "month": "2023-05",
            "price": "38.51",
            "revenue": 98569
        },
        "2023-06": {
            "month": "2023-06",
            "price": "41.31",
            "revenue": 74988
        },
        "2023-07": {
            "month": "2023-07",
            "price": "40.83",
            "revenue": 91682
        },
        "2023-08": {
            "month": "2023-08",
            "price": "33.92",
            "revenue": 86344
        },
        "2023-09": {
            "month": "2023-09",
            "price": "31.21",
            "revenue": 81622
        },
        "2023-10": {
            "month": "2023-10",
            "price": "29.00",
            "revenue": 79670
        },
        "2023-11": {
            "month": "2023-11",
            "price": "30.82",
            "revenue": 67401
        },
        "2023-12": {
            "month": "2023-12",
            "price": "30.37",
            "revenue": 80455
        }
    }
}
