{
    "summary": {
        "stock_name": "一零四",
        "stock_id": "3130",
        "category": "數位雲端",
        "main_business": "一般廣告服務業<br>電子資訊<br>就業服務",
        "website_url": "https://corp.104.com.tw/",
        "ceo": "黃于純",
        "pe_ratio": 16,
        "report_year_from": 2001,
        "report_year_to": 2023,
        "age": 23,
        "eps_negative_percentage": 0,
        "eps_growth_avg": {
            "last_all": 6.4,
            "last_2y": 15.83,
            "last_4y": 7.81,
            "last_8y": 3.8,
            "last_12y": 6.87,
            "last_16y": 3.52,
            "last_20y": null,
            "at_2006_last_3y": null,
            "at_2007_last_3y": null,
            "at_2008_last_3y": 9.12,
            "at_2009_last_3y": -15.93,
            "at_2010_last_3y": -7.39,
            "at_2011_last_3y": -0.14,
            "at_2012_last_3y": -5.46,
            "at_2013_last_3y": 12.97,
            "at_2014_last_3y": 13.77,
            "at_2015_last_3y": 13.62,
            "at_2016_last_3y": 24.88,
            "at_2017_last_3y": 8.4,
            "at_2018_last_3y": -1.2,
            "at_2019_last_3y": -2.39,
            "at_2020_last_3y": -10.02,
            "at_2021_last_3y": 5.88,
            "at_2022_last_3y": 13.78,
            "at_2023_last_3y": 9.43,
            "at_2024_last_3y": 9.43,
            "at_2006_last_all": 30.91,
            "at_2007_last_all": 13.17,
            "at_2008_last_all": 9.12,
            "at_2009_last_all": 1.69,
            "at_2010_last_all": 5.38,
            "at_2011_last_all": 5.56,
            "at_2012_last_all": 1.83,
            "at_2013_last_all": 6.7,
            "at_2014_last_all": 8.74,
            "at_2015_last_all": 8.49,
            "at_2016_last_all": 9.51,
            "at_2017_last_all": 7.22,
            "at_2018_last_all": 5.9,
            "at_2019_last_all": 5.59,
            "at_2020_last_all": 4.63,
            "at_2021_last_all": 6.91,
            "at_2022_last_all": 7.65,
            "at_2023_last_all": 6.4,
            "at_2024_last_all": 6.4
        },
        "latest_eps": 13.3,
        "latest_price": 219,
        "latest_roe": 27.82,
        "latest_gross_margin": 87.66,
        "latest_equity": 1581017,
        "latest_revenue": 628779,
        "latest_gross_profit": 551203,
        "latest_net_income": 150540,
        "latest_debt_ratio": 50.96,
        "latest_current_ratio": 178.15,
        "latest_account_receivable_turnover_ratio": 7.07,
        "latest_inventory_turnover_ratio": null,
        "latest_reinvestment_rate": 1.84,
        "latest_research_to_sale_ratio": 11.72
    },
    "eps_dividends": {
        "2001": {
            "cash": 0,
            "stock": 0,
            "eps": 0
        },
        "2002": {
            "cash": 0,
            "stock": 0,
            "eps": 0
        },
        "2003": {
            "cash": 5.02,
            "stock": 0.56,
            "eps": 0
        },
        "2004": {
            "cash": 1.86,
            "stock": 6.99,
            "eps": 6.07
        },
        "2005": {
            "cash": 5.38,
            "stock": 2.13,
            "eps": 10.45
        },
        "2006": {
            "cash": 7,
            "stock": 0,
            "eps": 9.37
        },
        "2007": {
            "cash": 7,
            "stock": 0,
            "eps": 7.28
        },
        "2008": {
            "cash": 5.67,
            "stock": 0,
            "eps": 7.06
        },
        "2009": {
            "cash": 4.23,
            "stock": 0,
            "eps": 5.08
        },
        "2010": {
            "cash": 4.57,
            "stock": 0,
            "eps": 6.29
        },
        "2011": {
            "cash": 12,
            "stock": 0,
            "eps": 6.71
        },
        "2012": {
            "cash": 0,
            "stock": 0,
            "eps": 5.08
        },
        "2013": {
            "cash": 4.55,
            "stock": 0,
            "eps": 7.4
        },
        "2014": {
            "cash": 6,
            "stock": 0,
            "eps": 9.4
        },
        "2015": {
            "cash": 7,
            "stock": 0,
            "eps": 9.97
        },
        "2016": {
            "cash": 8,
            "stock": 0,
            "eps": 12.04
        },
        "2017": {
            "cash": 10.8,
            "stock": 0,
            "eps": 9.6
        },
        "2018": {
            "cash": 9.6,
            "stock": 0,
            "eps": 8.51
        },
        "2019": {
            "cash": 8.51,
            "stock": 0,
            "eps": 8.62
        },
        "2020": {
            "cash": 8.62,
            "stock": 0,
            "eps": 7.78
        },
        "2021": {
            "cash": 7.8,
            "stock": 0,
            "eps": 11.15
        },
        "2022": {
            "cash": 11.16,
            "stock": 0,
            "eps": 13.41
        },
        "2023": {
            "cash": 13.42,
            "stock": 0,
            "eps": 11.25
        }
    },
    "dividends": {
        "2003-04-02": {
            "cash": 5.02,
            "stock": 0.56
        },
        "2004-04-07": {
            "cash": 1.86,
            "stock": 6.99
        },
        "2005-03-31": {
            "cash": 5.38,
            "stock": 2.13
        },
        "2006-03-24": {
            "cash": 7,
            "stock": 0
        },
        "2007-03-29": {
            "cash": 7,
            "stock": 0
        },
        "2008-03-25": {
            "cash": 5.67,
            "stock": 0
        },
        "2009-04-29": {
            "cash": 4.23,
            "stock": 0
        },
        "2010-03-26": {
            "cash": 4.57,
            "stock": 0
        },
        "2011-01-01": {
            "cash": 6,
            "stock": 0
        },
        "2011-03-18": {
            "cash": 6,
            "stock": 0
        },
        "2013-05-09": {
            "cash": 4.55,
            "stock": 0
        },
        "2014-08-08": {
            "cash": 6,
            "stock": 0
        },
        "2015-08-14": {
            "cash": 7,
            "stock": 0
        },
        "2016-08-18": {
            "cash": 8,
            "stock": 0
        },
        "2017-08-18": {
            "cash": 10.8,
            "stock": 0
        },
        "2018-08-08": {
            "cash": 9.6,
            "stock": 0
        },
        "2019-08-08": {
            "cash": 8.51,
            "stock": 0
        },
        "2020-08-07": {
            "cash": 8.62,
            "stock": 0
        },
        "2021-09-10": {
            "cash": 7.8,
            "stock": 0
        },
        "2022-08-08": {
            "cash": 11.16,
            "stock": 0
        },
        "2023-08-08": {
            "cash": 13.42,
            "stock": 0
        }
    },
    "prices": {
        "200101": "無",
        "200102": "無",
        "200103": "無",
        "200104": "無",
        "200105": "無",
        "200106": "無",
        "200107": "無",
        "200108": "無",
        "200109": "無",
        "200110": "無",
        "200111": "無",
        "200112": "無",
        "200201": "無",
        "200202": "無",
        "200203": "無",
        "200204": "無",
        "200205": "無",
        "200206": "無",
        "200207": "無",
        "200208": "無",
        "200209": "無",
        "200210": "無",
        "200211": "無",
        "200212": "無",
        "200301": "無",
        "200302": "無",
        "200303": "無",
        "200304": "無",
        "200305": "無",
        "200306": "無",
        "200307": "無",
        "200308": "無",
        "200309": "無",
        "200310": "無",
        "200311": "無",
        "200312": "無",
        "200401": "無",
        "200402": "無",
        "200403": "無",
        "200404": "無",
        "200405": "無",
        "200406": "無",
        "200407": "無",
        "200408": "無",
        "200409": "無",
        "200410": "88.40",
        "200411": "71.78",
        "200412": "75.67",
        "200501": "75.78",
        "200502": "86.10",
        "200503": "93.16",
        "200504": "93.40",
        "200505": "95.41",
        "200506": "95.26",
        "200507": "98.22",
        "200508": "136.48",
        "200509": "131.03",
        "200510": "125.59",
        "200511": "121.13",
        "200512": "133.08",
        "200601": "173.82",
        "200602": "182.07",
        "200603": "238.74",
        "200604": "235.71",
        "200605": "271.74",
        "200606": "217.52",
        "200607": "187.93",
        "200608": "174.26",
        "200609": "204.71",
        "200610": "191.90",
        "200611": "176.89",
        "200612": "180.90",
        "200701": "202.95",
        "200702": "205.67",
        "200703": "189.48",
        "200704": "188.92",
        "200705": "171.18",
        "200706": "169.22",
        "200707": "171.18",
        "200708": "133.65",
        "200709": "131.44",
        "200710": "130.09",
        "200711": "114.16",
        "200712": "111.55",
        "200801": "110.02",
        "200802": "115.04",
        "200803": "115.45",
        "200804": "112.40",
        "200805": "132.10",
        "200806": "125.33",
        "200807": "110.11",
        "200808": "97.68",
        "200809": "90.24",
        "200810": "67.46",
        "200811": "63.78",
        "200812": "62.06",
        "200901": "64.71",
        "200902": "62.01",
        "200903": "65.77",
        "200904": "71.36",
        "200905": "77.20",
        "200906": "74.02",
        "200907": "70.22",
        "200908": "69.96",
        "200909": "73.67",
        "200910": "75.17",
        "200911": "84.15",
        "200912": "88.09",
        "201001": "86.92",
        "201002": "86.87",
        "201003": "106.90",
        "201004": "123.86",
        "201005": "110.35",
        "201006": "107.08",
        "201007": "115.77",
        "201008": "115.09",
        "201009": "123.07",
        "201010": "120.62",
        "201011": "123.66",
        "201012": "120.02",
        "201101": "119.18",
        "201102": "116.21",
        "201103": "105.48",
        "201104": "106.53",
        "201105": "107.29",
        "201106": "107.24",
        "201107": "102.53",
        "201108": "89.83",
        "201109": "82.30",
        "201110": "82.13",
        "201111": "86.50",
        "201112": "86.29",
        "201201": "82.75",
        "201202": "86.28",
        "201203": "86.93",
        "201204": "83.32",
        "201205": "75.86",
        "201206": "74.19",
        "201207": "71.17",
        "201208": "67.69",
        "201209": "69.92",
        "201210": "69.18",
        "201211": "72.33",
        "201212": "75.52",
        "201301": "79.39",
        "201302": "80.53",
        "201303": "79.38",
        "201304": "81.67",
        "201305": "82.52",
        "201306": "81.32",
        "201307": "84.15",
        "201308": "93.20",
        "201309": "100.44",
        "201310": "98.29",
        "201311": "102.80",
        "201312": "106.70",
        "201401": "109.14",
        "201402": "110.53",
        "201403": "112.69",
        "201404": "114.43",
        "201405": "113.80",
        "201406": "112.80",
        "201407": "115.91",
        "201408": "125.81",
        "201409": "129.45",
        "201410": "122.52",
        "201411": "128.28",
        "201412": "161.52",
        "201501": "159.05",
        "201502": "163.42",
        "201503": "174.48",
        "201504": "164.62",
        "201505": "159.92",
        "201506": "146.38",
        "201507": "145.98",
        "201508": "138.69",
        "201509": "143.42",
        "201510": "149.10",
        "201511": "143.83",
        "201512": "139.67",
        "201601": "138.31",
        "201602": "138.82",
        "201603": "139.89",
        "201604": "139.92",
        "201605": "139.88",
        "201606": "139.50",
        "201607": "138.30",
        "201608": "142.04",
        "201609": "140.95",
        "201610": "138.20",
        "201611": "136.33",
        "201612": "137.45",
        "201701": "139.87",
        "201702": "141.17",
        "201703": "145.40",
        "201704": "146.11",
        "201705": "150.80",
        "201706": "162.27",
        "201707": "156.71",
        "201708": "150.98",
        "201709": "151.21",
        "201710": "152.13",
        "201711": "154.27",
        "201712": "160.62",
        "201801": "169.86",
        "201802": "175.00",
        "201803": "175.95",
        "201804": "177.12",
        "201805": "180.06",
        "201806": "176.08",
        "201807": "170.88",
        "201808": "166.63",
        "201809": "166.76",
        "201810": "160.97",
        "201811": "155.30",
        "201812": "152.94",
        "201901": "153.40",
        "201902": "163.08",
        "201903": "169.15",
        "201904": "170.47",
        "201905": "168.48",
        "201906": "169.71",
        "201907": "169.05",
        "201908": "169.00",
        "201909": "166.84",
        "201910": "169.06",
        "201911": "168.03",
        "201912": "162.43",
        "202001": "157.07",
        "202002": "152.64",
        "202003": "141.50",
        "202004": "147.20",
        "202005": "154.24",
        "202006": "161.68",
        "202007": "156.24",
        "202008": "151.31",
        "202009": "146.18",
        "202010": "143.66",
        "202011": "151.76",
        "202012": "153.20",
        "202101": "154.44",
        "202102": "163.23",
        "202103": "163.42",
        "202104": "164.72",
        "202105": "165.85",
        "202106": "166.78",
        "202107": "169.18",
        "202108": "173.52",
        "202109": "177.97",
        "202110": "177.05",
        "202111": "176.74",
        "202112": "175.95",
        "202201": "177.82",
        "202202": "183.37",
        "202203": "195.80",
        "202204": "196.95",
        "202205": "196.52",
        "202206": "195.36",
        "202207": "189.50",
        "202208": "194.02",
        "202209": "194.24",
        "202210": "190.72",
        "202211": "191.43",
        "202212": "204.48",
        "202301": "204.58",
        "202302": "203.44",
        "202303": "205.80",
        "202304": "210.06",
        "202305": "214.60",
        "202306": "213.68",
        "202307": "206.64",
        "202308": "204.69",
        "202309": "202.36",
        "202310": "201.00",
        "202311": "205.27",
        "202312": "211.38"
    },
    "quarters": {
        "20011": {
            "year_quarter": 20011,
            "year": 2001,
            "quarter": 1,
            "eps": null,
            "eps_growth_year": null,
            "eps_4q": null,
            "eps_4q_growth_year": null,
            "roe": null,
            "roe_4q": 0,
            "gross_profit": null,
            "gross_margin": null,
            "gross_margin_4q_avg": 0,
            "net_income": null,
            "net_income_4q": null,
            "revenue": null,
            "revenue_4q": null,
            "common_shares": null,
            "book_valuer_per_share": null,
            "book_valuer_per_share_4q_avg": 0,
            "equity": null,
            "current_ratio": null,
            "debt_ratio": null,
            "inventory_turnover_ratio": null,
            "account_receivable_turnover_ratio": null,
            "reinvestment_rate": null,
            "research_to_sale_ratio": null,
            "price_fair": 0,
            "eps_avg_yearly": 0,
            "eps_latest_yearly": 0,
            "eps_growth_yearly": 0
        },
        "20012": {
            "year_quarter": 20012,
            "year": 2001,
            "quarter": 2,
            "eps": null,
            "eps_growth_year": null,
            "eps_4q": null,
            "eps_4q_growth_year": null,
            "roe": null,
            "roe_4q": 0,
            "gross_profit": null,
            "gross_margin": null,
            "gross_margin_4q_avg": 0,
            "net_income": null,
            "net_income_4q": null,
            "revenue": null,
            "revenue_4q": null,
            "common_shares": null,
            "book_valuer_per_share": null,
            "book_valuer_per_share_4q_avg": 0,
            "equity": null,
            "current_ratio": null,
            "debt_ratio": null,
            "inventory_turnover_ratio": null,
            "account_receivable_turnover_ratio": null,
            "reinvestment_rate": null,
            "research_to_sale_ratio": null,
            "price_fair": 0,
            "eps_avg_yearly": 0,
            "eps_latest_yearly": 0,
            "eps_growth_yearly": 0
        },
        "20013": {
            "year_quarter": 20013,
            "year": 2001,
            "quarter": 3,
            "eps": null,
            "eps_growth_year": null,
            "eps_4q": null,
            "eps_4q_growth_year": null,
            "roe": null,
            "roe_4q": 0,
            "gross_profit": null,
            "gross_margin": null,
            "gross_margin_4q_avg": 0,
            "net_income": null,
            "net_income_4q": null,
            "revenue": null,
            "revenue_4q": null,
            "common_shares": null,
            "book_valuer_per_share": null,
            "book_valuer_per_share_4q_avg": 0,
            "equity": null,
            "current_ratio": null,
            "debt_ratio": null,
            "inventory_turnover_ratio": null,
            "account_receivable_turnover_ratio": null,
            "reinvestment_rate": null,
            "research_to_sale_ratio": null,
            "price_fair": 0,
            "eps_avg_yearly": 0,
            "eps_latest_yearly": 0,
            "eps_growth_yearly": 0
        },
        "20014": {
            "year_quarter": 20014,
            "year": 2001,
            "quarter": 4,
            "eps": null,
            "eps_growth_year": null,
            "eps_4q": null,
            "eps_4q_growth_year": null,
            "roe": null,
            "roe_4q": 0,
            "gross_profit": null,
            "gross_margin": null,
            "gross_margin_4q_avg": 0,
            "net_income": null,
            "net_income_4q": null,
            "revenue": null,
            "revenue_4q": null,
            "common_shares": 100000,
            "book_valuer_per_share": 14.95,
            "book_valuer_per_share_4q_avg": 3.74,
            "equity": 149543,
            "current_ratio": 139.84,
            "debt_ratio": 34.67,
            "inventory_turnover_ratio": null,
            "account_receivable_turnover_ratio": null,
            "reinvestment_rate": null,
            "research_to_sale_ratio": null,
            "price_fair": 0,
            "eps_avg_yearly": 0,
            "eps_latest_yearly": 0,
            "eps_growth_yearly": 0
        },
        "20021": {
            "year_quarter": 20021,
            "year": 2002,
            "quarter": 1,
            "eps": null,
            "eps_growth_year": null,
            "eps_4q": null,
            "eps_4q_growth_year": null,
            "roe": null,
            "roe_4q": 0,
            "gross_profit": null,
            "gross_margin": null,
            "gross_margin_4q_avg": 0,
            "net_income": null,
            "net_income_4q": null,
            "revenue": null,
            "revenue_4q": null,
            "common_shares": null,
            "book_valuer_per_share": null,
            "book_valuer_per_share_4q_avg": 3.74,
            "equity": null,
            "current_ratio": null,
            "debt_ratio": null,
            "inventory_turnover_ratio": null,
            "account_receivable_turnover_ratio": null,
            "reinvestment_rate": null,
            "research_to_sale_ratio": null,
            "price_fair": 0,
            "eps_avg_yearly": 0,
            "eps_latest_yearly": 0,
            "eps_growth_yearly": 0
        },
        "20022": {
            "year_quarter": 20022,
            "year": 2002,
            "quarter": 2,
            "eps": null,
            "eps_growth_year": null,
            "eps_4q": null,
            "eps_4q_growth_year": null,
            "roe": null,
            "roe_4q": 0,
            "gross_profit": null,
            "gross_margin": null,
            "gross_margin_4q_avg": 0,
            "net_income": null,
            "net_income_4q": null,
            "revenue": null,
            "revenue_4q": null,
            "common_shares": null,
            "book_valuer_per_share": null,
            "book_valuer_per_share_4q_avg": 3.74,
            "equity": null,
            "current_ratio": null,
            "debt_ratio": null,
            "inventory_turnover_ratio": null,
            "account_receivable_turnover_ratio": null,
            "reinvestment_rate": null,
            "research_to_sale_ratio": null,
            "price_fair": 0,
            "eps_avg_yearly": 0,
            "eps_latest_yearly": 0,
            "eps_growth_yearly": 0
        },
        "20023": {
            "year_quarter": 20023,
            "year": 2002,
            "quarter": 3,
            "eps": null,
            "eps_growth_year": null,
            "eps_4q": null,
            "eps_4q_growth_year": null,
            "roe": null,
            "roe_4q": 0,
            "gross_profit": null,
            "gross_margin": null,
            "gross_margin_4q_avg": 0,
            "net_income": null,
            "net_income_4q": null,
            "revenue": null,
            "revenue_4q": null,
            "common_shares": null,
            "book_valuer_per_share": null,
            "book_valuer_per_share_4q_avg": 3.74,
            "equity": null,
            "current_ratio": null,
            "debt_ratio": null,
            "inventory_turnover_ratio": null,
            "account_receivable_turnover_ratio": null,
            "reinvestment_rate": null,
            "research_to_sale_ratio": null,
            "price_fair": 0,
            "eps_avg_yearly": 0,
            "eps_latest_yearly": 0,
            "eps_growth_yearly": 0
        },
        "20024": {
            "year_quarter": 20024,
            "year": 2002,
            "quarter": 4,
            "eps": null,
            "eps_growth_year": null,
            "eps_4q": null,
            "eps_4q_growth_year": null,
            "roe": null,
            "roe_4q": 0,
            "gross_profit": null,
            "gross_margin": null,
            "gross_margin_4q_avg": 0,
            "net_income": null,
            "net_income_4q": null,
            "revenue": null,
            "revenue_4q": null,
            "common_shares": 115000,
            "book_valuer_per_share": 17.8,
            "book_valuer_per_share_4q_avg": 4.45,
            "equity": 204699,
            "current_ratio": 155.35,
            "debt_ratio": 38.94,
            "inventory_turnover_ratio": null,
            "account_receivable_turnover_ratio": null,
            "reinvestment_rate": null,
            "research_to_sale_ratio": null,
            "price_fair": 0,
            "eps_avg_yearly": 0,
            "eps_latest_yearly": 0,
            "eps_growth_yearly": 0
        },
        "20031": {
            "year_quarter": 20031,
            "year": 2003,
            "quarter": 1,
            "eps": null,
            "eps_growth_year": null,
            "eps_4q": null,
            "eps_4q_growth_year": null,
            "roe": null,
            "roe_4q": 0,
            "gross_profit": null,
            "gross_margin": null,
            "gross_margin_4q_avg": 0,
            "net_income": null,
            "net_income_4q": null,
            "revenue": null,
            "revenue_4q": null,
            "common_shares": null,
            "book_valuer_per_share": null,
            "book_valuer_per_share_4q_avg": 4.45,
            "equity": null,
            "current_ratio": null,
            "debt_ratio": null,
            "inventory_turnover_ratio": null,
            "account_receivable_turnover_ratio": null,
            "reinvestment_rate": null,
            "research_to_sale_ratio": null,
            "price_fair": 0,
            "eps_avg_yearly": 0,
            "eps_latest_yearly": 0,
            "eps_growth_yearly": 0
        },
        "20032": {
            "year_quarter": 20032,
            "year": 2003,
            "quarter": 2,
            "eps": null,
            "eps_growth_year": null,
            "eps_4q": null,
            "eps_4q_growth_year": null,
            "roe": null,
            "roe_4q": 0,
            "gross_profit": null,
            "gross_margin": null,
            "gross_margin_4q_avg": 0,
            "net_income": null,
            "net_income_4q": null,
            "revenue": null,
            "revenue_4q": null,
            "common_shares": null,
            "book_valuer_per_share": null,
            "book_valuer_per_share_4q_avg": 4.45,
            "equity": null,
            "current_ratio": null,
            "debt_ratio": null,
            "inventory_turnover_ratio": null,
            "account_receivable_turnover_ratio": null,
            "reinvestment_rate": null,
            "research_to_sale_ratio": null,
            "price_fair": 0,
            "eps_avg_yearly": 0,
            "eps_latest_yearly": 0,
            "eps_growth_yearly": 0
        },
        "20033": {
            "year_quarter": 20033,
            "year": 2003,
            "quarter": 3,
            "eps": null,
            "eps_growth_year": null,
            "eps_4q": null,
            "eps_4q_growth_year": null,
            "roe": null,
            "roe_4q": 0,
            "gross_profit": null,
            "gross_margin": null,
            "gross_margin_4q_avg": 0,
            "net_income": null,
            "net_income_4q": null,
            "revenue": null,
            "revenue_4q": null,
            "common_shares": null,
            "book_valuer_per_share": null,
            "book_valuer_per_share_4q_avg": 4.45,
            "equity": null,
            "current_ratio": null,
            "debt_ratio": null,
            "inventory_turnover_ratio": null,
            "account_receivable_turnover_ratio": null,
            "reinvestment_rate": null,
            "research_to_sale_ratio": null,
            "price_fair": 0,
            "eps_avg_yearly": 0,
            "eps_latest_yearly": 0,
            "eps_growth_yearly": 0
        },
        "20034": {
            "year_quarter": 20034,
            "year": 2003,
            "quarter": 4,
            "eps": null,
            "eps_growth_year": null,
            "eps_4q": null,
            "eps_4q_growth_year": null,
            "roe": null,
            "roe_4q": 0,
            "gross_profit": null,
            "gross_margin": null,
            "gross_margin_4q_avg": 0,
            "net_income": null,
            "net_income_4q": null,
            "revenue": null,
            "revenue_4q": null,
            "common_shares": 130000,
            "book_valuer_per_share": 22.45,
            "book_valuer_per_share_4q_avg": 5.61,
            "equity": 291900,
            "current_ratio": 159.76,
            "debt_ratio": 36.43,
            "inventory_turnover_ratio": null,
            "account_receivable_turnover_ratio": null,
            "reinvestment_rate": null,
            "research_to_sale_ratio": null,
            "price_fair": 0,
            "eps_avg_yearly": 0,
            "eps_latest_yearly": 0,
            "eps_growth_yearly": 0
        },
        "20041": {
            "year_quarter": 20041,
            "year": 2004,
            "quarter": 1,
            "eps": 2.67,
            "eps_growth_year": null,
            "eps_4q": null,
            "eps_4q_growth_year": null,
            "roe": 18.94,
            "roe_4q": 18.94,
            "gross_profit": 146820,
            "gross_margin": 80.19,
            "gross_margin_4q_avg": 20.05,
            "net_income": 61066,
            "net_income_4q": null,
            "revenue": 183096,
            "revenue_4q": null,
            "common_shares": 130000,
            "book_valuer_per_share": 27.16,
            "book_valuer_per_share_4q_avg": 12.4,
            "equity": 353067,
            "current_ratio": 190.63,
            "debt_ratio": 31.49,
            "inventory_turnover_ratio": null,
            "account_receivable_turnover_ratio": null,
            "reinvestment_rate": null,
            "research_to_sale_ratio": null,
            "price_fair": 0,
            "eps_avg_yearly": 0,
            "eps_latest_yearly": 0,
            "eps_growth_yearly": 0
        },
        "20042": {
            "year_quarter": 20042,
            "year": 2004,
            "quarter": 2,
            "eps": 3.4,
            "eps_growth_year": null,
            "eps_4q": null,
            "eps_4q_growth_year": null,
            "roe": 20.63,
            "roe_4q": 39.57,
            "gross_profit": 174767,
            "gross_margin": 82.04,
            "gross_margin_4q_avg": 40.56,
            "net_income": 77832,
            "net_income_4q": null,
            "revenue": 213020,
            "revenue_4q": null,
            "common_shares": 130000,
            "book_valuer_per_share": 30.87,
            "book_valuer_per_share_4q_avg": 20.12,
            "equity": 401352,
            "current_ratio": 185.64,
            "debt_ratio": 35.44,
            "inventory_turnover_ratio": null,
            "account_receivable_turnover_ratio": null,
            "reinvestment_rate": null,
            "research_to_sale_ratio": null,
            "price_fair": 476,
            "eps_avg_yearly": 13.6,
            "eps_latest_yearly": 13.6,
            "eps_growth_yearly": 109.36
        },
        "20043": {
            "year_quarter": 20043,
            "year": 2004,
            "quarter": 3,
            "eps": null,
            "eps_growth_year": null,
            "eps_4q": null,
            "eps_4q_growth_year": null,
            "roe": null,
            "roe_4q": 39.57,
            "gross_profit": null,
            "gross_margin": null,
            "gross_margin_4q_avg": 40.56,
            "net_income": null,
            "net_income_4q": null,
            "revenue": null,
            "revenue_4q": null,
            "common_shares": null,
            "book_valuer_per_share": null,
            "book_valuer_per_share_4q_avg": 20.12,
            "equity": null,
            "current_ratio": null,
            "debt_ratio": null,
            "inventory_turnover_ratio": null,
            "account_receivable_turnover_ratio": null,
            "reinvestment_rate": null,
            "research_to_sale_ratio": null,
            "price_fair": 476,
            "eps_avg_yearly": 13.6,
            "eps_latest_yearly": 13.6,
            "eps_growth_yearly": 109.36
        },
        "20044": {
            "year_quarter": 20044,
            "year": 2004,
            "quarter": 4,
            "eps": null,
            "eps_growth_year": null,
            "eps_4q": null,
            "eps_4q_growth_year": null,
            "roe": null,
            "roe_4q": 39.57,
            "gross_profit": null,
            "gross_margin": null,
            "gross_margin_4q_avg": 40.56,
            "net_income": null,
            "net_income_4q": null,
            "revenue": null,
            "revenue_4q": null,
            "common_shares": 240000,
            "book_valuer_per_share": 22.39,
            "book_valuer_per_share_4q_avg": 20.11,
            "equity": 537464,
            "current_ratio": 204.9,
            "debt_ratio": 37.14,
            "inventory_turnover_ratio": null,
            "account_receivable_turnover_ratio": null,
            "reinvestment_rate": null,
            "research_to_sale_ratio": null,
            "price_fair": 476,
            "eps_avg_yearly": 13.6,
            "eps_latest_yearly": 13.6,
            "eps_growth_yearly": 109.36
        },
        "20051": {
            "year_quarter": 20051,
            "year": 2005,
            "quarter": 1,
            "eps": 2.73,
            "eps_growth_year": 2.25,
            "eps_4q": null,
            "eps_4q_growth_year": null,
            "roe": 11.44,
            "roe_4q": 32.07,
            "gross_profit": 175031,
            "gross_margin": 79.57,
            "gross_margin_4q_avg": 40.4,
            "net_income": 65242,
            "net_income_4q": null,
            "revenue": 219964,
            "revenue_4q": null,
            "common_shares": 240000,
            "book_valuer_per_share": 25.12,
            "book_valuer_per_share_4q_avg": 19.6,
            "equity": 602856,
            "current_ratio": 233.54,
            "debt_ratio": 29.48,
            "inventory_turnover_ratio": null,
            "account_receivable_turnover_ratio": null,
            "reinvestment_rate": null,
            "research_to_sale_ratio": null,
            "price_fair": 476,
            "eps_avg_yearly": 13.6,
            "eps_latest_yearly": 13.6,
            "eps_growth_yearly": 109.36
        },
        "20052": {
            "year_quarter": 20052,
            "year": 2005,
            "quarter": 2,
            "eps": 2.73,
            "eps_growth_year": -19.71,
            "eps_4q": null,
            "eps_4q_growth_year": null,
            "roe": 14.44,
            "roe_4q": 25.88,
            "gross_profit": 209280,
            "gross_margin": 81.13,
            "gross_margin_4q_avg": 40.18,
            "net_income": 81701,
            "net_income_4q": null,
            "revenue": 257955,
            "revenue_4q": null,
            "common_shares": 240000,
            "book_valuer_per_share": 22.02,
            "book_valuer_per_share_4q_avg": 17.38,
            "equity": 528427,
            "current_ratio": 171.93,
            "debt_ratio": 42.14,
            "inventory_turnover_ratio": null,
            "account_receivable_turnover_ratio": null,
            "reinvestment_rate": null,
            "research_to_sale_ratio": null,
            "price_fair": 429.1,
            "eps_avg_yearly": 12.26,
            "eps_latest_yearly": 10.92,
            "eps_growth_yearly": 54.68
        },
        "20053": {
            "year_quarter": 20053,
            "year": 2005,
            "quarter": 3,
            "eps": 2.64,
            "eps_growth_year": null,
            "eps_4q": null,
            "eps_4q_growth_year": null,
            "roe": 13.93,
            "roe_4q": 39.809999999999995,
            "gross_profit": 200876,
            "gross_margin": 78.72,
            "gross_margin_4q_avg": 59.86,
            "net_income": 79143,
            "net_income_4q": null,
            "revenue": 255170,
            "revenue_4q": null,
            "common_shares": 300000,
            "book_valuer_per_share": 20.25,
            "book_valuer_per_share_4q_avg": 22.45,
            "equity": 607570,
            "current_ratio": 254.36,
            "debt_ratio": 28.11,
            "inventory_turnover_ratio": null,
            "account_receivable_turnover_ratio": null,
            "reinvestment_rate": null,
            "research_to_sale_ratio": null,
            "price_fair": 409.27,
            "eps_avg_yearly": 11.69,
            "eps_latest_yearly": 10.56,
            "eps_growth_yearly": 32.06
        },
        "20054": {
            "year_quarter": 20054,
            "year": 2005,
            "quarter": 4,
            "eps": 2.35,
            "eps_growth_year": null,
            "eps_4q": 9.88,
            "eps_4q_growth_year": null,
            "roe": 10.93,
            "roe_4q": 50.739999999999995,
            "gross_profit": 176454,
            "gross_margin": 77.6,
            "gross_margin_4q_avg": 79.26,
            "net_income": 70533,
            "net_income_4q": null,
            "revenue": 227391,
            "revenue_4q": null,
            "common_shares": 300000,
            "book_valuer_per_share": 22.6,
            "book_valuer_per_share_4q_avg": 22.5,
            "equity": 682566,
            "current_ratio": 247.85,
            "debt_ratio": 31.67,
            "inventory_turnover_ratio": null,
            "account_receivable_turnover_ratio": null,
            "reinvestment_rate": null,
            "research_to_sale_ratio": null,
            "price_fair": 256.42,
            "eps_avg_yearly": 11.12,
            "eps_latest_yearly": 9.4,
            "eps_growth_yearly": 13.06
        },
        "20061": {
            "year_quarter": 20061,
            "year": 2006,
            "quarter": 1,
            "eps": 2.45,
            "eps_growth_year": -10.26,
            "eps_4q": 9.69,
            "eps_4q_growth_year": null,
            "roe": 8.75,
            "roe_4q": 48.05,
            "gross_profit": 204843,
            "gross_margin": 81.84,
            "gross_margin_4q_avg": 79.82,
            "net_income": 78245,
            "net_income_4q": null,
            "revenue": 250312,
            "revenue_4q": null,
            "common_shares": 337500,
            "book_valuer_per_share": 32.77,
            "book_valuer_per_share_4q_avg": 24.41,
            "equity": 1106099,
            "current_ratio": 416.15,
            "debt_ratio": 19.73,
            "inventory_turnover_ratio": null,
            "account_receivable_turnover_ratio": null,
            "reinvestment_rate": null,
            "research_to_sale_ratio": null,
            "price_fair": 258.93,
            "eps_avg_yearly": 10.86,
            "eps_latest_yearly": 9.8,
            "eps_growth_yearly": 13.85
        },
        "20062": {
            "year_quarter": 20062,
            "year": 2006,
            "quarter": 2,
            "eps": 2.8,
            "eps_growth_year": 2.56,
            "eps_4q": 9.75,
            "eps_4q_growth_year": null,
            "roe": 9.06,
            "roe_4q": 42.67,
            "gross_profit": 214412,
            "gross_margin": 80,
            "gross_margin_4q_avg": 79.54,
            "net_income": 91875,
            "net_income_4q": null,
            "revenue": 268015,
            "revenue_4q": null,
            "common_shares": 337500,
            "book_valuer_per_share": 27.32,
            "book_valuer_per_share_4q_avg": 25.74,
            "equity": 922042,
            "current_ratio": 219.47,
            "debt_ratio": 37.17,
            "inventory_turnover_ratio": null,
            "account_receivable_turnover_ratio": null,
            "reinvestment_rate": null,
            "research_to_sale_ratio": null,
            "price_fair": 339.04,
            "eps_avg_yearly": 10.91,
            "eps_latest_yearly": 11.2,
            "eps_growth_yearly": 21.07
        },
        "20063": {
            "year_quarter": 20063,
            "year": 2006,
            "quarter": 3,
            "eps": 1.93,
            "eps_growth_year": -26.89,
            "eps_4q": 9.19,
            "eps_4q_growth_year": null,
            "roe": 6.69,
            "roe_4q": 35.43,
            "gross_profit": 199372,
            "gross_margin": 79.35,
            "gross_margin_4q_avg": 79.7,
            "net_income": 63947,
            "net_income_4q": null,
            "revenue": 251266,
            "revenue_4q": null,
            "common_shares": 337500,
            "book_valuer_per_share": 29.33,
            "book_valuer_per_share_4q_avg": 28.01,
            "equity": 989725,
            "current_ratio": 404.77,
            "debt_ratio": 19.47,
            "inventory_turnover_ratio": null,
            "account_receivable_turnover_ratio": null,
            "reinvestment_rate": null,
            "research_to_sale_ratio": null,
            "price_fair": 104.57,
            "eps_avg_yearly": 10.46,
            "eps_latest_yearly": 7.72,
            "eps_growth_yearly": 0.3
        },
        "20064": {
            "year_quarter": 20064,
            "year": 2006,
            "quarter": 4,
            "eps": 2.19,
            "eps_growth_year": -6.81,
            "eps_4q": 9.24,
            "eps_4q_growth_year": -6.53,
            "roe": 7.09,
            "roe_4q": 31.590000000000003,
            "gross_profit": 177482,
            "gross_margin": 78.76,
            "gross_margin_4q_avg": 79.99,
            "net_income": 72735,
            "net_income_4q": null,
            "revenue": 225335,
            "revenue_4q": null,
            "common_shares": 337500,
            "book_valuer_per_share": 31.43,
            "book_valuer_per_share_4q_avg": 30.21,
            "equity": 1061199,
            "current_ratio": 380.27,
            "debt_ratio": 21.78,
            "inventory_turnover_ratio": null,
            "account_receivable_turnover_ratio": null,
            "reinvestment_rate": null,
            "research_to_sale_ratio": null,
            "price_fair": 174.17,
            "eps_avg_yearly": 10.25,
            "eps_latest_yearly": 8.76,
            "eps_growth_yearly": 7
        },
        "20071": {
            "year_quarter": 20071,
            "year": 2007,
            "quarter": 1,
            "eps": 1.24,
            "eps_growth_year": -49.39,
            "eps_4q": 8.02,
            "eps_4q_growth_year": -17.31,
            "roe": 3.86,
            "roe_4q": 26.700000000000003,
            "gross_profit": 199666,
            "gross_margin": 80.88,
            "gross_margin_4q_avg": 79.75,
            "net_income": 41819,
            "net_income_4q": null,
            "revenue": 246853,
            "revenue_4q": null,
            "common_shares": 337500,
            "book_valuer_per_share": 32.69,
            "book_valuer_per_share_4q_avg": 30.19,
            "equity": 1103144,
            "current_ratio": 474.1,
            "debt_ratio": 16.28,
            "inventory_turnover_ratio": null,
            "account_receivable_turnover_ratio": null,
            "reinvestment_rate": null,
            "research_to_sale_ratio": null,
            "price_fair": 28.97,
            "eps_avg_yearly": 9.66,
            "eps_latest_yearly": 4.96,
            "eps_growth_yearly": -13.06
        },
        "20072": {
            "year_quarter": 20072,
            "year": 2007,
            "quarter": 2,
            "eps": 1.88,
            "eps_growth_year": -32.86,
            "eps_4q": 7.18,
            "eps_4q_growth_year": -26.34,
            "roe": 6.35,
            "roe_4q": 23.99,
            "gross_profit": 243554,
            "gross_margin": 84.96,
            "gross_margin_4q_avg": 80.99,
            "net_income": 63331,
            "net_income_4q": null,
            "revenue": 286683,
            "revenue_4q": null,
            "common_shares": 337500,
            "book_valuer_per_share": 26.43,
            "book_valuer_per_share_4q_avg": 29.97,
            "equity": 892014,
            "current_ratio": 199.96,
            "debt_ratio": 38.39,
            "inventory_turnover_ratio": null,
            "account_receivable_turnover_ratio": null,
            "reinvestment_rate": null,
            "research_to_sale_ratio": null,
            "price_fair": 178.43,
            "eps_avg_yearly": 9.44,
            "eps_latest_yearly": 7.52,
            "eps_growth_yearly": 8.89
        },
        "20073": {
            "year_quarter": 20073,
            "year": 2007,
            "quarter": 3,
            "eps": 2.23,
            "eps_growth_year": 15.54,
            "eps_4q": 7.51,
            "eps_4q_growth_year": -18.29,
            "roe": 8.08,
            "roe_4q": 25.38,
            "gross_profit": 235186,
            "gross_margin": 84.05,
            "gross_margin_4q_avg": 82.16,
            "net_income": 75099,
            "net_income_4q": null,
            "revenue": 279807,
            "revenue_4q": null,
            "common_shares": 337500,
            "book_valuer_per_share": 28.64,
            "book_valuer_per_share_4q_avg": 29.8,
            "equity": 966561,
            "current_ratio": 375.95,
            "debt_ratio": 19.89,
            "inventory_turnover_ratio": null,
            "account_receivable_turnover_ratio": null,
            "reinvestment_rate": null,
            "research_to_sale_ratio": null,
            "price_fair": 233.55,
            "eps_avg_yearly": 9.4,
            "eps_latest_yearly": 8.92,
            "eps_growth_yearly": 14.86
        },
        "20074": {
            "year_quarter": 20074,
            "year": 2007,
            "quarter": 4,
            "eps": 1.93,
            "eps_growth_year": -11.87,
            "eps_4q": 7.27,
            "eps_4q_growth_year": -21.32,
            "roe": 6.45,
            "roe_4q": 24.740000000000002,
            "gross_profit": 204864,
            "gross_margin": 82.57,
            "gross_margin_4q_avg": 83.12,
            "net_income": 65168,
            "net_income_4q": null,
            "revenue": 248099,
            "revenue_4q": null,
            "common_shares": 337500,
            "book_valuer_per_share": 30.57,
            "book_valuer_per_share_4q_avg": 29.58,
            "equity": 1055113,
            "current_ratio": 331.28,
            "debt_ratio": 25.62,
            "inventory_turnover_ratio": null,
            "account_receivable_turnover_ratio": null,
            "reinvestment_rate": null,
            "research_to_sale_ratio": null,
            "price_fair": 177.11,
            "eps_avg_yearly": 9.26,
            "eps_latest_yearly": 7.72,
            "eps_growth_yearly": 9.13
        },
        "20081": {
            "year_quarter": 20081,
            "year": 2008,
            "quarter": 1,
            "eps": 1.89,
            "eps_growth_year": 52.42,
            "eps_4q": 8.41,
            "eps_4q_growth_year": 4.93,
            "roe": 5.54,
            "roe_4q": 26.42,
            "gross_profit": 236584,
            "gross_margin": 53.29,
            "gross_margin_4q_avg": 76.22,
            "net_income": 60075,
            "net_income_4q": null,
            "revenue": 443954,
            "revenue_4q": null,
            "common_shares": 337500,
            "book_valuer_per_share": 32.43,
            "book_valuer_per_share_4q_avg": 29.52,
            "equity": 1114025,
            "current_ratio": 381.16,
            "debt_ratio": 22.37,
            "inventory_turnover_ratio": null,
            "account_receivable_turnover_ratio": null,
            "reinvestment_rate": null,
            "research_to_sale_ratio": null,
            "price_fair": 162.38,
            "eps_avg_yearly": 9.13,
            "eps_latest_yearly": 7.56,
            "eps_growth_yearly": 7.79
        },
        "20082": {
            "year_quarter": 20082,
            "year": 2008,
            "quarter": 2,
            "eps": 2.19,
            "eps_growth_year": 16.49,
            "eps_4q": 8.68,
            "eps_4q_growth_year": 20.86,
            "roe": 6.73,
            "roe_4q": 26.799999999999997,
            "gross_profit": 260255,
            "gross_margin": 53.74,
            "gross_margin_4q_avg": 68.41,
            "net_income": 70165,
            "net_income_4q": null,
            "revenue": 484291,
            "revenue_4q": null,
            "common_shares": 337500,
            "book_valuer_per_share": 28.06,
            "book_valuer_per_share_4q_avg": 29.93,
            "equity": 970139,
            "current_ratio": 225.22,
            "debt_ratio": 38.5,
            "inventory_turnover_ratio": null,
            "account_receivable_turnover_ratio": null,
            "reinvestment_rate": null,
            "research_to_sale_ratio": null,
            "price_fair": 124.86,
            "eps_avg_yearly": 8.75,
            "eps_latest_yearly": 8.76,
            "eps_growth_yearly": 4.26
        },
        "20083": {
            "year_quarter": 20083,
            "year": 2008,
            "quarter": 3,
            "eps": 1.97,
            "eps_growth_year": -11.66,
            "eps_4q": 8.55,
            "eps_4q_growth_year": 13.81,
            "roe": 6.18,
            "roe_4q": 24.9,
            "gross_profit": 243738,
            "gross_margin": 50.91,
            "gross_margin_4q_avg": 60.13,
            "net_income": 62056,
            "net_income_4q": null,
            "revenue": 478724,
            "revenue_4q": null,
            "common_shares": 337500,
            "book_valuer_per_share": 30.16,
            "book_valuer_per_share_4q_avg": 30.31,
            "equity": 1036886,
            "current_ratio": 326.93,
            "debt_ratio": 26.23,
            "inventory_turnover_ratio": null,
            "account_receivable_turnover_ratio": null,
            "reinvestment_rate": null,
            "research_to_sale_ratio": null,
            "price_fair": 96.38,
            "eps_avg_yearly": 8.69,
            "eps_latest_yearly": 7.88,
            "eps_growth_yearly": 1.09
        },
        "20084": {
            "year_quarter": 20084,
            "year": 2008,
            "quarter": 4,
            "eps": 1.01,
            "eps_growth_year": -47.67,
            "eps_4q": 7.75,
            "eps_4q_growth_year": 6.58,
            "roe": 2.95,
            "roe_4q": 21.4,
            "gross_profit": 192275,
            "gross_margin": 42.82,
            "gross_margin_4q_avg": 50.19,
            "net_income": 31075,
            "net_income_4q": null,
            "revenue": 449034,
            "revenue_4q": null,
            "common_shares": 337500,
            "book_valuer_per_share": 31.23,
            "book_valuer_per_share_4q_avg": 30.47,
            "equity": 1069953,
            "current_ratio": 320.64,
            "debt_ratio": 27.07,
            "inventory_turnover_ratio": null,
            "account_receivable_turnover_ratio": null,
            "reinvestment_rate": -6,
            "research_to_sale_ratio": null,
            "price_fair": 25.14,
            "eps_avg_yearly": 8.38,
            "eps_latest_yearly": 4.04,
            "eps_growth_yearly": -11.98
        },
        "20091": {
            "year_quarter": 20091,
            "year": 2009,
            "quarter": 1,
            "eps": 0.67,
            "eps_growth_year": -64.55,
            "eps_4q": 6.77,
            "eps_4q_growth_year": -19.49,
            "roe": 1.8,
            "roe_4q": 17.66,
            "gross_profit": 151137,
            "gross_margin": 43.25,
            "gross_margin_4q_avg": 47.68,
            "net_income": 19487,
            "net_income_4q": null,
            "revenue": 349450,
            "revenue_4q": null,
            "common_shares": 337500,
            "book_valuer_per_share": 31.96,
            "book_valuer_per_share_4q_avg": 30.35,
            "equity": 1091529,
            "current_ratio": 361.46,
            "debt_ratio": 23.91,
            "inventory_turnover_ratio": null,
            "account_receivable_turnover_ratio": null,
            "reinvestment_rate": -7.53,
            "research_to_sale_ratio": null,
            "price_fair": 24.08,
            "eps_avg_yearly": 8.03,
            "eps_latest_yearly": 2.68,
            "eps_growth_yearly": -19.65
        },
        "20092": {
            "year_quarter": 20092,
            "year": 2009,
            "quarter": 2,
            "eps": 1.72,
            "eps_growth_year": -21.46,
            "eps_4q": 5.72,
            "eps_4q_growth_year": -34.13,
            "roe": 5.21,
            "roe_4q": 16.14,
            "gross_profit": 190854,
            "gross_margin": 43.04,
            "gross_margin_4q_avg": 45.01,
            "net_income": 54533,
            "net_income_4q": null,
            "revenue": 443466,
            "revenue_4q": null,
            "common_shares": 337500,
            "book_valuer_per_share": 29.4,
            "book_valuer_per_share_4q_avg": 30.69,
            "equity": 1001628,
            "current_ratio": 261.07,
            "debt_ratio": 33.39,
            "inventory_turnover_ratio": null,
            "account_receivable_turnover_ratio": 5.29,
            "reinvestment_rate": -8.28,
            "research_to_sale_ratio": null,
            "price_fair": 229.55,
            "eps_avg_yearly": 7.77,
            "eps_latest_yearly": 6.88,
            "eps_growth_yearly": 19.53
        },
        "20093": {
            "year_quarter": 20093,
            "year": 2009,
            "quarter": 3,
            "eps": 1.74,
            "eps_growth_year": -11.68,
            "eps_4q": 5.5,
            "eps_4q_growth_year": -35.66,
            "roe": 5.34,
            "roe_4q": 15.3,
            "gross_profit": 219630,
            "gross_margin": 42.45,
            "gross_margin_4q_avg": 42.89,
            "net_income": 54933,
            "net_income_4q": null,
            "revenue": 517429,
            "revenue_4q": null,
            "common_shares": 337500,
            "book_valuer_per_share": 31.12,
            "book_valuer_per_share_4q_avg": 30.93,
            "equity": 1055543,
            "current_ratio": 369.93,
            "debt_ratio": 23.45,
            "inventory_turnover_ratio": null,
            "account_receivable_turnover_ratio": 2.79,
            "reinvestment_rate": -8.6,
            "research_to_sale_ratio": null,
            "price_fair": 231.32,
            "eps_avg_yearly": 7.55,
            "eps_latest_yearly": 6.96,
            "eps_growth_yearly": 20.65
        },
        "20094": {
            "year_quarter": 20094,
            "year": 2009,
            "quarter": 4,
            "eps": 0.95,
            "eps_growth_year": -5.94,
            "eps_4q": 5.71,
            "eps_4q_growth_year": -26.34,
            "roe": 2.67,
            "roe_4q": 15.02,
            "gross_profit": 196741,
            "gross_margin": 35.26,
            "gross_margin_4q_avg": 41,
            "net_income": 28561,
            "net_income_4q": null,
            "revenue": 557917,
            "revenue_4q": null,
            "common_shares": 337500,
            "book_valuer_per_share": 32.05,
            "book_valuer_per_share_4q_avg": 31.13,
            "equity": 1083559,
            "current_ratio": 302.51,
            "debt_ratio": 29.31,
            "inventory_turnover_ratio": null,
            "account_receivable_turnover_ratio": 2.63,
            "reinvestment_rate": -8.9,
            "research_to_sale_ratio": null,
            "price_fair": 158.66,
            "eps_avg_yearly": 7.2,
            "eps_latest_yearly": 3.8,
            "eps_growth_yearly": 12.04
        },
        "20101": {
            "year_quarter": 20101,
            "year": 2010,
            "quarter": 1,
            "eps": null,
            "eps_growth_year": null,
            "eps_4q": null,
            "eps_4q_growth_year": null,
            "roe": null,
            "roe_4q": 13.219999999999999,
            "gross_profit": 210441,
            "gross_margin": null,
            "gross_margin_4q_avg": 30.19,
            "net_income": 43184,
            "net_income_4q": null,
            "revenue": 459076,
            "revenue_4q": null,
            "common_shares": 338476,
            "book_valuer_per_share": 33.58,
            "book_valuer_per_share_4q_avg": 31.54,
            "equity": 1135860,
            "current_ratio": 357.68,
            "debt_ratio": 24.73,
            "inventory_turnover_ratio": null,
            "account_receivable_turnover_ratio": null,
            "reinvestment_rate": null,
            "research_to_sale_ratio": null,
            "price_fair": 152.51,
            "eps_avg_yearly": 7.02,
            "eps_latest_yearly": 3.8,
            "eps_growth_yearly": 11.71
        },
        "20102": {
            "year_quarter": 20102,
            "year": 2010,
            "quarter": 2,
            "eps": 2.34,
            "eps_growth_year": 35.87,
            "eps_4q": 5.02,
            "eps_4q_growth_year": -12.18,
            "roe": 7.19,
            "roe_4q": 15.2,
            "gross_profit": 263746,
            "gross_margin": 41.06,
            "gross_margin_4q_avg": 29.69,
            "net_income": 79218,
            "net_income_4q": null,
            "revenue": 642315,
            "revenue_4q": null,
            "common_shares": 338980,
            "book_valuer_per_share": 31.59,
            "book_valuer_per_share_4q_avg": 32.09,
            "equity": 1067390,
            "current_ratio": 233.7,
            "debt_ratio": 38.15,
            "inventory_turnover_ratio": null,
            "account_receivable_turnover_ratio": 5.21,
            "reinvestment_rate": 14.81,
            "research_to_sale_ratio": null,
            "price_fair": 124.21,
            "eps_avg_yearly": 6.73,
            "eps_latest_yearly": 3.8,
            "eps_growth_yearly": 8.47
        },
        "20103": {
            "year_quarter": 20103,
            "year": 2010,
            "quarter": 3,
            "eps": 2.14,
            "eps_growth_year": 23.2,
            "eps_4q": 5.42,
            "eps_4q_growth_year": -1.39,
            "roe": 6.44,
            "roe_4q": 16.3,
            "gross_profit": 269246,
            "gross_margin": 46.09,
            "gross_margin_4q_avg": 30.6,
            "net_income": 71052,
            "net_income_4q": null,
            "revenue": 584137,
            "revenue_4q": null,
            "common_shares": 339148,
            "book_valuer_per_share": 33.72,
            "book_valuer_per_share_4q_avg": 32.74,
            "equity": 1138667,
            "current_ratio": 284.54,
            "debt_ratio": 30.84,
            "inventory_turnover_ratio": null,
            "account_receivable_turnover_ratio": 2.32,
            "reinvestment_rate": 12.19,
            "research_to_sale_ratio": 4.75,
            "price_fair": 168.98,
            "eps_avg_yearly": 6.79,
            "eps_latest_yearly": 8.56,
            "eps_growth_yearly": 14.9
        },
        "20104": {
            "year_quarter": 20104,
            "year": 2010,
            "quarter": 4,
            "eps": 1.81,
            "eps_growth_year": 90.24,
            "eps_4q": 6.28,
            "eps_4q_growth_year": 10.07,
            "roe": 5.91,
            "roe_4q": 19.540000000000003,
            "gross_profit": 246707,
            "gross_margin": 41.68,
            "gross_margin_4q_avg": 32.21,
            "net_income": 69384,
            "net_income_4q": null,
            "revenue": 591957,
            "revenue_4q": null,
            "common_shares": 339607,
            "book_valuer_per_share": 35.5,
            "book_valuer_per_share_4q_avg": 33.6,
            "equity": 1208827,
            "current_ratio": 277.5,
            "debt_ratio": 32.13,
            "inventory_turnover_ratio": null,
            "account_receivable_turnover_ratio": 2.52,
            "reinvestment_rate": 9.39,
            "research_to_sale_ratio": 5.67,
            "price_fair": 111.16,
            "eps_avg_yearly": 6.68,
            "eps_latest_yearly": 7.24,
            "eps_growth_yearly": 6.65
        },
        "20111": {
            "year_quarter": 20111,
            "year": 2011,
            "quarter": 1,
            "eps": 1.67,
            "eps_growth_year": null,
            "eps_4q": 7.94,
            "eps_4q_growth_year": null,
            "roe": 4.47,
            "roe_4q": 24.01,
            "gross_profit": 255286,
            "gross_margin": 45.44,
            "gross_margin_4q_avg": 43.57,
            "net_income": 55387,
            "net_income_4q": null,
            "revenue": 561758,
            "revenue_4q": null,
            "common_shares": 340024,
            "book_valuer_per_share": 37.26,
            "book_valuer_per_share_4q_avg": 34.52,
            "equity": 1268849,
            "current_ratio": 306.74,
            "debt_ratio": 29.07,
            "inventory_turnover_ratio": null,
            "account_receivable_turnover_ratio": 2.65,
            "reinvestment_rate": 8.55,
            "research_to_sale_ratio": 5.35,
            "price_fair": 182.46,
            "eps_avg_yearly": 6.8,
            "eps_latest_yearly": 6.68,
            "eps_growth_yearly": 16.83
        },
        "20112": {
            "year_quarter": 20112,
            "year": 2011,
            "quarter": 2,
            "eps": 1.58,
            "eps_growth_year": -32.21,
            "eps_4q": 7.19,
            "eps_4q_growth_year": 43.25,
            "roe": 4.53,
            "roe_4q": 21.35,
            "gross_profit": 268626,
            "gross_margin": 45.6,
            "gross_margin_4q_avg": 44.7,
            "net_income": 54041,
            "net_income_4q": null,
            "revenue": 589099,
            "revenue_4q": null,
            "common_shares": 340132,
            "book_valuer_per_share": 32.85,
            "book_valuer_per_share_4q_avg": 34.83,
            "equity": 1119085,
            "current_ratio": 216.87,
            "debt_ratio": 41.15,
            "inventory_turnover_ratio": null,
            "account_receivable_turnover_ratio": 2.62,
            "reinvestment_rate": 10.02,
            "research_to_sale_ratio": 5.3,
            "price_fair": 67.14,
            "eps_avg_yearly": 6.71,
            "eps_latest_yearly": 6.32,
            "eps_growth_yearly": 0.55
        },
        "20113": {
            "year_quarter": 20113,
            "year": 2011,
            "quarter": 3,
            "eps": 2.34,
            "eps_growth_year": 9.22,
            "eps_4q": 7.39,
            "eps_4q_growth_year": 36.32,
            "roe": 6.88,
            "roe_4q": 21.79,
            "gross_profit": 267739,
            "gross_margin": 44.38,
            "gross_margin_4q_avg": 44.28,
            "net_income": 79811,
            "net_income_4q": null,
            "revenue": 603246,
            "revenue_4q": null,
            "common_shares": 340132,
            "book_valuer_per_share": 35.27,
            "book_valuer_per_share_4q_avg": 35.22,
            "equity": 1201804,
            "current_ratio": 281.12,
            "debt_ratio": 31.03,
            "inventory_turnover_ratio": null,
            "account_receivable_turnover_ratio": 2.57,
            "reinvestment_rate": 13.71,
            "research_to_sale_ratio": 5.51,
            "price_fair": 127.96,
            "eps_avg_yearly": 6.75,
            "eps_latest_yearly": 9.36,
            "eps_growth_yearly": 8.97
        },
        "20114": {
            "year_quarter": 20114,
            "year": 2011,
            "quarter": 4,
            "eps": 1.12,
            "eps_growth_year": -38.13,
            "eps_4q": 6.71,
            "eps_4q_growth_year": 6.81,
            "roe": 3.11,
            "roe_4q": 18.99,
            "gross_profit": 217615,
            "gross_margin": 37.58,
            "gross_margin_4q_avg": 43.25,
            "net_income": 37976,
            "net_income_4q": null,
            "revenue": 579004,
            "revenue_4q": null,
            "common_shares": 340132,
            "book_valuer_per_share": 36.44,
            "book_valuer_per_share_4q_avg": 35.46,
            "equity": 1241496,
            "current_ratio": 264.55,
            "debt_ratio": 33.18,
            "inventory_turnover_ratio": null,
            "account_receivable_turnover_ratio": 2.47,
            "reinvestment_rate": 13.48,
            "research_to_sale_ratio": 5.96,
            "price_fair": 19.54,
            "eps_avg_yearly": 6.51,
            "eps_latest_yearly": 4.48,
            "eps_growth_yearly": -2.08
        },
        "20121": {
            "year_quarter": 20121,
            "year": 2012,
            "quarter": 1,
            "eps": 0.37,
            "eps_growth_year": -77.84,
            "eps_4q": 5.41,
            "eps_4q_growth_year": -31.83,
            "roe": 0.99,
            "roe_4q": 15.510000000000002,
            "gross_profit": 200423,
            "gross_margin": 38.74,
            "gross_margin_4q_avg": 41.58,
            "net_income": 12312,
            "net_income_4q": null,
            "revenue": 517309,
            "revenue_4q": null,
            "common_shares": 340132,
            "book_valuer_per_share": 36.8,
            "book_valuer_per_share_4q_avg": 35.34,
            "equity": 1253308,
            "current_ratio": 272.82,
            "debt_ratio": 32.24,
            "inventory_turnover_ratio": null,
            "account_receivable_turnover_ratio": 2.16,
            "reinvestment_rate": 13.19,
            "research_to_sale_ratio": 6.19,
            "price_fair": 18.24,
            "eps_avg_yearly": 6.08,
            "eps_latest_yearly": 1.48,
            "eps_growth_yearly": -20.62
        },
        "20122": {
            "year_quarter": 20122,
            "year": 2012,
            "quarter": 2,
            "eps": 1.64,
            "eps_growth_year": 3.84,
            "eps_4q": 5.47,
            "eps_4q_growth_year": -23.9,
            "roe": 4.76,
            "roe_4q": 15.739999999999998,
            "gross_profit": 252113,
            "gross_margin": 43.39,
            "gross_margin_4q_avg": 41.02,
            "net_income": 56144,
            "net_income_4q": null,
            "revenue": 581036,
            "revenue_4q": null,
            "common_shares": 340132,
            "book_valuer_per_share": 32.45,
            "book_valuer_per_share_4q_avg": 35.24,
            "equity": 1105613,
            "current_ratio": 205.23,
            "debt_ratio": 42.94,
            "inventory_turnover_ratio": null,
            "account_receivable_turnover_ratio": 2.36,
            "reinvestment_rate": 15.59,
            "research_to_sale_ratio": 4.98,
            "price_fair": 207.3,
            "eps_avg_yearly": 5.92,
            "eps_latest_yearly": 6.56,
            "eps_growth_yearly": 72.91
        },
        "20123": {
            "year_quarter": 20123,
            "year": 2012,
            "quarter": 3,
            "eps": 1.64,
            "eps_growth_year": -30.02,
            "eps_4q": 4.77,
            "eps_4q_growth_year": -35.51,
            "roe": 5,
            "roe_4q": 13.86,
            "gross_profit": 254007,
            "gross_margin": 46.3,
            "gross_margin_4q_avg": 41.5,
            "net_income": 56705,
            "net_income_4q": null,
            "revenue": 548599,
            "revenue_4q": null,
            "common_shares": 340132,
            "book_valuer_per_share": 34.08,
            "book_valuer_per_share_4q_avg": 34.94,
            "equity": 1161953,
            "current_ratio": 260.07,
            "debt_ratio": 33.21,
            "inventory_turnover_ratio": null,
            "account_receivable_turnover_ratio": 2.27,
            "reinvestment_rate": 18.07,
            "research_to_sale_ratio": 6.64,
            "price_fair": 204,
            "eps_avg_yearly": 5.83,
            "eps_latest_yearly": 6.56,
            "eps_growth_yearly": 75.78
        },
        "20124": {
            "year_quarter": 20124,
            "year": 2012,
            "quarter": 4,
            "eps": 1.43,
            "eps_growth_year": 27.94,
            "eps_4q": 5.24,
            "eps_4q_growth_year": -21.95,
            "roe": 4.11,
            "roe_4q": 14.86,
            "gross_profit": 234646,
            "gross_margin": 51.19,
            "gross_margin_4q_avg": 44.91,
            "net_income": 46647,
            "net_income_4q": null,
            "revenue": 458364,
            "revenue_4q": null,
            "common_shares": 340132,
            "book_valuer_per_share": 33.81,
            "book_valuer_per_share_4q_avg": 34.29,
            "equity": 1106042,
            "current_ratio": 246.16,
            "debt_ratio": 34.96,
            "inventory_turnover_ratio": null,
            "account_receivable_turnover_ratio": 2.21,
            "reinvestment_rate": 18.7,
            "research_to_sale_ratio": 6.41,
            "price_fair": 208.2,
            "eps_avg_yearly": 5.95,
            "eps_latest_yearly": 5.72,
            "eps_growth_yearly": 86.05
        },
        "20131": {
            "year_quarter": 20131,
            "year": 2013,
            "quarter": 1,
            "eps": 1.28,
            "eps_growth_year": 245.95,
            "eps_4q": 6.16,
            "eps_4q_growth_year": 13.8,
            "roe": 3.84,
            "roe_4q": 17.71,
            "gross_profit": 240877,
            "gross_margin": 49.64,
            "gross_margin_4q_avg": 47.63,
            "net_income": 42735,
            "net_income_4q": null,
            "revenue": 485293,
            "revenue_4q": null,
            "common_shares": 324992,
            "book_valuer_per_share": 34.37,
            "book_valuer_per_share_4q_avg": 33.68,
            "equity": 1120657,
            "current_ratio": 256.75,
            "debt_ratio": 33.92,
            "inventory_turnover_ratio": null,
            "account_receivable_turnover_ratio": 2.68,
            "reinvestment_rate": 2.47,
            "research_to_sale_ratio": 7.1,
            "price_fair": 214.3,
            "eps_avg_yearly": 6.12,
            "eps_latest_yearly": 5.12,
            "eps_growth_yearly": 92.67
        },
        "20132": {
            "year_quarter": 20132,
            "year": 2013,
            "quarter": 2,
            "eps": 1.96,
            "eps_growth_year": 19.16,
            "eps_4q": 6.41,
            "eps_4q_growth_year": 17.23,
            "roe": 6.04,
            "roe_4q": 18.99,
            "gross_profit": 273076,
            "gross_margin": 49.35,
            "gross_margin_4q_avg": 49.12,
            "net_income": 64979,
            "net_income_4q": null,
            "revenue": 553399,
            "revenue_4q": null,
            "common_shares": 324992,
            "book_valuer_per_share": 31.66,
            "book_valuer_per_share_4q_avg": 33.48,
            "equity": 1030962,
            "current_ratio": 203.1,
            "debt_ratio": 43.26,
            "inventory_turnover_ratio": null,
            "account_receivable_turnover_ratio": 2.84,
            "reinvestment_rate": 2.96,
            "research_to_sale_ratio": 5.75,
            "price_fair": 216.7,
            "eps_avg_yearly": 6.19,
            "eps_latest_yearly": 7.84,
            "eps_growth_yearly": 63.07
        },
        "20133": {
            "year_quarter": 20133,
            "year": 2013,
            "quarter": 3,
            "eps": 2.18,
            "eps_growth_year": 33.05,
            "eps_4q": 6.86,
            "eps_4q_growth_year": 43.76,
            "roe": 6.65,
            "roe_4q": 20.64,
            "gross_profit": 291040,
            "gross_margin": 49.34,
            "gross_margin_4q_avg": 49.88,
            "net_income": 71115,
            "net_income_4q": null,
            "revenue": 589875,
            "revenue_4q": null,
            "common_shares": 324810,
            "book_valuer_per_share": 33.93,
            "book_valuer_per_share_4q_avg": 33.44,
            "equity": 1107873,
            "current_ratio": 240.19,
            "debt_ratio": 36.73,
            "inventory_turnover_ratio": null,
            "account_receivable_turnover_ratio": 2.72,
            "reinvestment_rate": 3.05,
            "research_to_sale_ratio": 6.27,
            "price_fair": 221.1,
            "eps_avg_yearly": 6.32,
            "eps_latest_yearly": 8.72,
            "eps_growth_yearly": 65.94
        },
        "20134": {
            "year_quarter": 20134,
            "year": 2013,
            "quarter": 4,
            "eps": 1.98,
            "eps_growth_year": 38.63,
            "eps_4q": 7.32,
            "eps_4q_growth_year": 39.77,
            "roe": 5.63,
            "roe_4q": 22.16,
            "gross_profit": 269426,
            "gross_margin": 47.32,
            "gross_margin_4q_avg": 48.91,
            "net_income": 65489,
            "net_income_4q": null,
            "revenue": 569394,
            "revenue_4q": null,
            "common_shares": 329897,
            "book_valuer_per_share": 36.81,
            "book_valuer_per_share_4q_avg": 34.19,
            "equity": 1218246,
            "current_ratio": 248.15,
            "debt_ratio": 36.03,
            "inventory_turnover_ratio": null,
            "account_receivable_turnover_ratio": 2.6,
            "reinvestment_rate": 2.64,
            "research_to_sale_ratio": 7.27,
            "price_fair": 231.4,
            "eps_avg_yearly": 6.61,
            "eps_latest_yearly": 7.92,
            "eps_growth_yearly": 76.3
        },
        "20141": {
            "year_quarter": 20141,
            "year": 2014,
            "quarter": 1,
            "eps": 1.58,
            "eps_growth_year": 23.44,
            "eps_4q": 7.64,
            "eps_4q_growth_year": 24.02,
            "roe": 4.3,
            "roe_4q": 22.619999999999997,
            "gross_profit": 265289,
            "gross_margin": 47.55,
            "gross_margin_4q_avg": 48.39,
            "net_income": 53535,
            "net_income_4q": null,
            "revenue": 557904,
            "revenue_4q": null,
            "common_shares": 329897,
            "book_valuer_per_share": 38.38,
            "book_valuer_per_share_4q_avg": 35.2,
            "equity": 1271415,
            "current_ratio": 268.68,
            "debt_ratio": 33.37,
            "inventory_turnover_ratio": null,
            "account_receivable_turnover_ratio": 2.66,
            "reinvestment_rate": 2.63,
            "research_to_sale_ratio": 6.5,
            "price_fair": 230.72,
            "eps_avg_yearly": 6.59,
            "eps_latest_yearly": 6.32,
            "eps_growth_yearly": 65.82
        },
        "20142": {
            "year_quarter": 20142,
            "year": 2014,
            "quarter": 2,
            "eps": 2.57,
            "eps_growth_year": 31.12,
            "eps_4q": 8.27,
            "eps_4q_growth_year": 28.97,
            "roe": 7.06,
            "roe_4q": 23.64,
            "gross_profit": 310249,
            "gross_margin": 49.65,
            "gross_margin_4q_avg": 48.47,
            "net_income": 85822,
            "net_income_4q": null,
            "revenue": 624866,
            "revenue_4q": null,
            "common_shares": 329897,
            "book_valuer_per_share": 34.92,
            "book_valuer_per_share_4q_avg": 36.01,
            "equity": 1158265,
            "current_ratio": 204.03,
            "debt_ratio": 44.23,
            "inventory_turnover_ratio": null,
            "account_receivable_turnover_ratio": 2.89,
            "reinvestment_rate": -20.92,
            "research_to_sale_ratio": 6.81,
            "price_fair": 238.79,
            "eps_avg_yearly": 6.82,
            "eps_latest_yearly": 10.28,
            "eps_growth_yearly": 77.37
        },
        "20143": {
            "year_quarter": 20143,
            "year": 2014,
            "quarter": 3,
            "eps": 3.11,
            "eps_growth_year": 42.66,
            "eps_4q": 9.21,
            "eps_4q_growth_year": 34.32,
            "roe": 8.51,
            "roe_4q": 25.5,
            "gross_profit": 328328,
            "gross_margin": 50.46,
            "gross_margin_4q_avg": 48.75,
            "net_income": 103046,
            "net_income_4q": null,
            "revenue": 650674,
            "revenue_4q": null,
            "common_shares": 331197,
            "book_valuer_per_share": 37.96,
            "book_valuer_per_share_4q_avg": 37.02,
            "equity": 1264042,
            "current_ratio": 243.57,
            "debt_ratio": 37,
            "inventory_turnover_ratio": null,
            "account_receivable_turnover_ratio": 2.71,
            "reinvestment_rate": -18.79,
            "research_to_sale_ratio": 6.56,
            "price_fair": 247.28,
            "eps_avg_yearly": 7.07,
            "eps_latest_yearly": 12.44,
            "eps_growth_yearly": 84.76
        },
        "20144": {
            "year_quarter": 20144,
            "year": 2014,
            "quarter": 4,
            "eps": 2.14,
            "eps_growth_year": 8.12,
            "eps_4q": 9.38,
            "eps_4q_growth_year": 28.14,
            "roe": 5.44,
            "roe_4q": 25.31,
            "gross_profit": 311754,
            "gross_margin": 49.54,
            "gross_margin_4q_avg": 49.3,
            "net_income": 70599,
            "net_income_4q": null,
            "revenue": 629334,
            "revenue_4q": null,
            "common_shares": 331197,
            "book_valuer_per_share": 40.03,
            "book_valuer_per_share_4q_avg": 37.82,
            "equity": 1332262,
            "current_ratio": 237.79,
            "debt_ratio": 38.22,
            "inventory_turnover_ratio": null,
            "account_receivable_turnover_ratio": 2.67,
            "reinvestment_rate": -15.34,
            "research_to_sale_ratio": 7.66,
            "price_fair": 250.16,
            "eps_avg_yearly": 7.15,
            "eps_latest_yearly": 8.56,
            "eps_growth_yearly": 80.82
        },
        "20151": {
            "year_quarter": 20151,
            "year": 2015,
            "quarter": 1,
            "eps": 2.07,
            "eps_growth_year": 31.01,
            "eps_4q": 9.87,
            "eps_4q_growth_year": 29.27,
            "roe": 4.97,
            "roe_4q": 25.98,
            "gross_profit": 298595,
            "gross_margin": 49.18,
            "gross_margin_4q_avg": 49.71,
            "net_income": 68004,
            "net_income_4q": null,
            "revenue": 607092,
            "revenue_4q": null,
            "common_shares": 331117,
            "book_valuer_per_share": 42.18,
            "book_valuer_per_share_4q_avg": 38.77,
            "equity": 1402523,
            "current_ratio": 260.19,
            "debt_ratio": 34.68,
            "inventory_turnover_ratio": null,
            "account_receivable_turnover_ratio": 2.81,
            "reinvestment_rate": -12.38,
            "research_to_sale_ratio": 6.76,
            "price_fair": 253.66,
            "eps_avg_yearly": 7.25,
            "eps_latest_yearly": 8.28,
            "eps_growth_yearly": 81.94
        },
        "20152": {
            "year_quarter": 20152,
            "year": 2015,
            "quarter": 2,
            "eps": 3.21,
            "eps_growth_year": 24.9,
            "eps_4q": 10.52,
            "eps_4q_growth_year": 27.11,
            "roe": 7.94,
            "roe_4q": 26.86,
            "gross_profit": 358153,
            "gross_margin": 52.75,
            "gross_margin_4q_avg": 50.48,
            "net_income": 106425,
            "net_income_4q": null,
            "revenue": 678990,
            "revenue_4q": null,
            "common_shares": 331117,
            "book_valuer_per_share": 38.44,
            "book_valuer_per_share_4q_avg": 39.65,
            "equity": 1279203,
            "current_ratio": 196.72,
            "debt_ratio": 45.66,
            "inventory_turnover_ratio": null,
            "account_receivable_turnover_ratio": 2.97,
            "reinvestment_rate": -9.81,
            "research_to_sale_ratio": 6.9,
            "price_fair": 267.93,
            "eps_avg_yearly": 7.66,
            "eps_latest_yearly": 12.84,
            "eps_growth_yearly": 97.05
        },
        "20153": {
            "year_quarter": 20153,
            "year": 2015,
            "quarter": 3,
            "eps": 2.49,
            "eps_growth_year": -19.94,
            "eps_4q": 9.89,
            "eps_4q_growth_year": 7.45,
            "roe": 6.31,
            "roe_4q": 24.66,
            "gross_profit": 351051,
            "gross_margin": 53.46,
            "gross_margin_4q_avg": 51.23,
            "net_income": 83530,
            "net_income_4q": null,
            "revenue": 656723,
            "revenue_4q": null,
            "common_shares": 331237,
            "book_valuer_per_share": 41.05,
            "book_valuer_per_share_4q_avg": 40.43,
            "equity": 1367785,
            "current_ratio": 233.18,
            "debt_ratio": 38.41,
            "inventory_turnover_ratio": null,
            "account_receivable_turnover_ratio": 2.63,
            "reinvestment_rate": -12.86,
            "research_to_sale_ratio": 8.35,
            "price_fair": 269.24,
            "eps_avg_yearly": 7.69,
            "eps_latest_yearly": 9.96,
            "eps_growth_yearly": 79.42
        },
        "20154": {
            "year_quarter": 20154,
            "year": 2015,
            "quarter": 4,
            "eps": 2.2,
            "eps_growth_year": 2.66,
            "eps_4q": 9.95,
            "eps_4q_growth_year": 6.13,
            "roe": 5.2,
            "roe_4q": 24.419999999999998,
            "gross_profit": 261641,
            "gross_margin": -49.05,
            "gross_margin_4q_avg": 26.59,
            "net_income": 72859,
            "net_income_4q": null,
            "revenue": -533407,
            "revenue_4q": null,
            "common_shares": 331237,
            "book_valuer_per_share": 43.13,
            "book_valuer_per_share_4q_avg": 41.2,
            "equity": 1436354,
            "current_ratio": 230.73,
            "debt_ratio": 39.62,
            "inventory_turnover_ratio": null,
            "account_receivable_turnover_ratio": -3.64,
            "reinvestment_rate": -12.43,
            "research_to_sale_ratio": -9.68,
            "price_fair": 278.69,
            "eps_avg_yearly": 7.96,
            "eps_latest_yearly": 8.8,
            "eps_growth_yearly": 89.54
        },
        "20161": {
            "year_quarter": 20161,
            "year": 2016,
            "quarter": 1,
            "eps": 4.95,
            "eps_growth_year": 139.13,
            "eps_4q": 12.82,
            "eps_4q_growth_year": 29.84,
            "roe": 10.76,
            "roe_4q": 30.21,
            "gross_profit": 309681,
            "gross_margin": 89.97,
            "gross_margin_4q_avg": 36.78,
            "net_income": 163427,
            "net_income_4q": null,
            "revenue": 344190,
            "revenue_4q": null,
            "common_shares": 331237,
            "book_valuer_per_share": 48.1,
            "book_valuer_per_share_4q_avg": 42.68,
            "equity": 1600813,
            "current_ratio": 306.75,
            "debt_ratio": 29.89,
            "inventory_turnover_ratio": null,
            "account_receivable_turnover_ratio": 7.87,
            "reinvestment_rate": -11.06,
            "research_to_sale_ratio": 12.82,
            "price_fair": 318.76,
            "eps_avg_yearly": 9.11,
            "eps_latest_yearly": 19.8,
            "eps_growth_yearly": 137.53
        },
        "20162": {
            "year_quarter": 20162,
            "year": 2016,
            "quarter": 2,
            "eps": 3.07,
            "eps_growth_year": -4.36,
            "eps_4q": 12.68,
            "eps_4q_growth_year": 20.58,
            "roe": 6.66,
            "roe_4q": 28.93,
            "gross_profit": 343655,
            "gross_margin": 91.38,
            "gross_margin_4q_avg": 46.44,
            "net_income": 101190,
            "net_income_4q": null,
            "revenue": 376093,
            "revenue_4q": null,
            "common_shares": 331237,
            "book_valuer_per_share": 43.15,
            "book_valuer_per_share_4q_avg": 43.86,
            "equity": 1436288,
            "current_ratio": 230.72,
            "debt_ratio": 40.02,
            "inventory_turnover_ratio": null,
            "account_receivable_turnover_ratio": 7.15,
            "reinvestment_rate": -11.91,
            "research_to_sale_ratio": 12.63,
            "price_fair": 331.28,
            "eps_avg_yearly": 9.47,
            "eps_latest_yearly": 12.28,
            "eps_growth_yearly": 42.23
        },
        "20163": {
            "year_quarter": 20163,
            "year": 2016,
            "quarter": 3,
            "eps": 2.67,
            "eps_growth_year": 7.23,
            "eps_4q": 12.82,
            "eps_4q_growth_year": 29.57,
            "roe": 5.99,
            "roe_4q": 28.61,
            "gross_profit": 349608,
            "gross_margin": 91.2,
            "gross_margin_4q_avg": 55.88,
            "net_income": 88691,
            "net_income_4q": null,
            "revenue": 383356,
            "revenue_4q": null,
            "common_shares": 332487,
            "book_valuer_per_share": 45.64,
            "book_valuer_per_share_4q_avg": 45.01,
            "equity": 1524665,
            "current_ratio": 299.66,
            "debt_ratio": 30.64,
            "inventory_turnover_ratio": null,
            "account_receivable_turnover_ratio": 7.26,
            "reinvestment_rate": -12.48,
            "research_to_sale_ratio": 13.85,
            "price_fair": 340.29,
            "eps_avg_yearly": 9.72,
            "eps_latest_yearly": 10.68,
            "eps_growth_yearly": 38.97
        },
        "20164": {
            "year_quarter": 20164,
            "year": 2016,
            "quarter": 4,
            "eps": 1.35,
            "eps_growth_year": -38.48,
            "eps_4q": 11.98,
            "eps_4q_growth_year": 20.41,
            "roe": 2.91,
            "roe_4q": 26.32,
            "gross_profit": 315994,
            "gross_margin": 90,
            "gross_margin_4q_avg": 90.64,
            "net_income": 44996,
            "net_income_4q": null,
            "revenue": 351114,
            "revenue_4q": null,
            "common_shares": 332417,
            "book_valuer_per_share": 47.08,
            "book_valuer_per_share_4q_avg": 45.99,
            "equity": 1572174,
            "current_ratio": 281.07,
            "debt_ratio": 31.84,
            "inventory_turnover_ratio": null,
            "account_receivable_turnover_ratio": 7.47,
            "reinvestment_rate": -7.45,
            "research_to_sale_ratio": 13.35,
            "price_fair": 339.59,
            "eps_avg_yearly": 9.7,
            "eps_latest_yearly": 5.4,
            "eps_growth_yearly": 29.81
        },
        "20171": {
            "year_quarter": 20171,
            "year": 2017,
            "quarter": 1,
            "eps": 2.16,
            "eps_growth_year": -56.36,
            "eps_4q": 9.22,
            "eps_4q_growth_year": -28.06,
            "roe": 4.43,
            "roe_4q": 19.990000000000002,
            "gross_profit": 327701,
            "gross_margin": 90.86,
            "gross_margin_4q_avg": 90.86,
            "net_income": 71134,
            "net_income_4q": null,
            "revenue": 360681,
            "revenue_4q": null,
            "common_shares": 332257,
            "book_valuer_per_share": 49.25,
            "book_valuer_per_share_4q_avg": 46.28,
            "equity": 1642685,
            "current_ratio": 288.67,
            "debt_ratio": 31.18,
            "inventory_turnover_ratio": null,
            "account_receivable_turnover_ratio": 8.17,
            "reinvestment_rate": 2.5,
            "research_to_sale_ratio": 15.79,
            "price_fair": 347.29,
            "eps_avg_yearly": 9.92,
            "eps_latest_yearly": 8.64,
            "eps_growth_yearly": 47.43
        },
        "20172": {
            "year_quarter": 20172,
            "year": 2017,
            "quarter": 2,
            "eps": 2.61,
            "eps_growth_year": -14.98,
            "eps_4q": 8.77,
            "eps_4q_growth_year": -30.86,
            "roe": 5.74,
            "roe_4q": 19.07,
            "gross_profit": 358470,
            "gross_margin": 90.77,
            "gross_margin_4q_avg": 90.71,
            "net_income": 86561,
            "net_income_4q": null,
            "revenue": 394909,
            "revenue_4q": null,
            "common_shares": 332257,
            "book_valuer_per_share": 41.13,
            "book_valuer_per_share_4q_avg": 45.78,
            "equity": 1373170,
            "current_ratio": 200.05,
            "debt_ratio": 45.21,
            "inventory_turnover_ratio": null,
            "account_receivable_turnover_ratio": 8.96,
            "reinvestment_rate": 2.87,
            "research_to_sale_ratio": 19.68,
            "price_fair": 352.98,
            "eps_avg_yearly": 10.09,
            "eps_latest_yearly": 10.44,
            "eps_growth_yearly": 39.36
        },
        "20173": {
            "year_quarter": 20173,
            "year": 2017,
            "quarter": 3,
            "eps": 2.83,
            "eps_growth_year": 5.99,
            "eps_4q": 8.93,
            "eps_4q_growth_year": -30.32,
            "roe": 6.62,
            "roe_4q": 19.7,
            "gross_profit": 363125,
            "gross_margin": 90.59,
            "gross_margin_4q_avg": 90.56,
            "net_income": 94075,
            "net_income_4q": null,
            "revenue": 400865,
            "revenue_4q": null,
            "common_shares": 332072,
            "book_valuer_per_share": 44.03,
            "book_valuer_per_share_4q_avg": 45.37,
            "equity": 1469163,
            "current_ratio": 266.36,
            "debt_ratio": 33.68,
            "inventory_turnover_ratio": null,
            "account_receivable_turnover_ratio": 9.31,
            "reinvestment_rate": 2.81,
            "research_to_sale_ratio": 19.5,
            "price_fair": 358.66,
            "eps_avg_yearly": 10.25,
            "eps_latest_yearly": 11.32,
            "eps_growth_yearly": 38.66
        },
        "20174": {
            "year_quarter": 20174,
            "year": 2017,
            "quarter": 4,
            "eps": 2,
            "eps_growth_year": 47.88,
            "eps_4q": 9.58,
            "eps_4q_growth_year": -20.06,
            "roe": 4.46,
            "roe_4q": 21.25,
            "gross_profit": 340545,
            "gross_margin": 88.79,
            "gross_margin_4q_avg": 90.25,
            "net_income": 66893,
            "net_income_4q": null,
            "revenue": 383540,
            "revenue_4q": null,
            "common_shares": 332072,
            "book_valuer_per_share": 45.96,
            "book_valuer_per_share_4q_avg": 45.09,
            "equity": 1533695,
            "current_ratio": 262.72,
            "debt_ratio": 34.52,
            "inventory_turnover_ratio": null,
            "account_receivable_turnover_ratio": 9.5,
            "reinvestment_rate": 3.38,
            "research_to_sale_ratio": 22.21,
            "price_fair": 358.84,
            "eps_avg_yearly": 10.25,
            "eps_latest_yearly": 8,
            "eps_growth_yearly": 33.62
        },
        "20181": {
            "year_quarter": 20181,
            "year": 2018,
            "quarter": 1,
            "eps": 1.9,
            "eps_growth_year": -12.04,
            "eps_4q": 9.33,
            "eps_4q_growth_year": 1.18,
            "roe": 4.02,
            "roe_4q": 20.840000000000003,
            "gross_profit": 329318,
            "gross_margin": 89.7,
            "gross_margin_4q_avg": 89.96,
            "net_income": 63067,
            "net_income_4q": null,
            "revenue": 367118,
            "revenue_4q": null,
            "common_shares": 331927,
            "book_valuer_per_share": 47.99,
            "book_valuer_per_share_4q_avg": 44.78,
            "equity": 1600576,
            "current_ratio": 280.57,
            "debt_ratio": 32.5,
            "inventory_turnover_ratio": null,
            "account_receivable_turnover_ratio": 7.91,
            "reinvestment_rate": 2.66,
            "research_to_sale_ratio": 20.8,
            "price_fair": 361.64,
            "eps_avg_yearly": 10.33,
            "eps_latest_yearly": 7.6,
            "eps_growth_yearly": 37.42
        },
        "20182": {
            "year_quarter": 20182,
            "year": 2018,
            "quarter": 2,
            "eps": 2.47,
            "eps_growth_year": -5.36,
            "eps_4q": 9.2,
            "eps_4q_growth_year": 4.93,
            "roe": 5.53,
            "roe_4q": 20.630000000000003,
            "gross_profit": 373689,
            "gross_margin": 90.06,
            "gross_margin_4q_avg": 89.79,
            "net_income": 82009,
            "net_income_4q": null,
            "revenue": 414945,
            "revenue_4q": null,
            "common_shares": 331917,
            "book_valuer_per_share": 40.88,
            "book_valuer_per_share_4q_avg": 44.72,
            "equity": 1364378,
            "current_ratio": 197.25,
            "debt_ratio": 46.11,
            "inventory_turnover_ratio": null,
            "account_receivable_turnover_ratio": 7.38,
            "reinvestment_rate": 3.66,
            "research_to_sale_ratio": 19.02,
            "price_fair": 360.76,
            "eps_avg_yearly": 10.31,
            "eps_latest_yearly": 9.88,
            "eps_growth_yearly": 29.26
        },
        "20183": {
            "year_quarter": 20183,
            "year": 2018,
            "quarter": 3,
            "eps": 2.49,
            "eps_growth_year": -12.01,
            "eps_4q": 8.86,
            "eps_4q_growth_year": -0.85,
            "roe": 5.9,
            "roe_4q": 19.91,
            "gross_profit": 376666,
            "gross_margin": 90.92,
            "gross_margin_4q_avg": 89.87,
            "net_income": 82859,
            "net_income_4q": null,
            "revenue": 414280,
            "revenue_4q": null,
            "common_shares": 331917,
            "book_valuer_per_share": 43.31,
            "book_valuer_per_share_4q_avg": 44.54,
            "equity": 1445316,
            "current_ratio": 252.46,
            "debt_ratio": 35.6,
            "inventory_turnover_ratio": null,
            "account_receivable_turnover_ratio": 7.61,
            "reinvestment_rate": 3.92,
            "research_to_sale_ratio": 20.34,
            "price_fair": 347.3,
            "eps_avg_yearly": 10.15,
            "eps_latest_yearly": 9.96,
            "eps_growth_yearly": 24.21
        },
        "20184": {
            "year_quarter": 20184,
            "year": 2018,
            "quarter": 4,
            "eps": 1.65,
            "eps_growth_year": -17.69,
            "eps_4q": 8.5,
            "eps_4q_growth_year": -11.25,
            "roe": 3.68,
            "roe_4q": 19.13,
            "gross_profit": 338735,
            "gross_margin": 88.84,
            "gross_margin_4q_avg": 89.88,
            "net_income": 54148,
            "net_income_4q": null,
            "revenue": 381269,
            "revenue_4q": null,
            "common_shares": 331917,
            "book_valuer_per_share": 44.99,
            "book_valuer_per_share_4q_avg": 44.29,
            "equity": 1500384,
            "current_ratio": 232.18,
            "debt_ratio": 38.39,
            "inventory_turnover_ratio": null,
            "account_receivable_turnover_ratio": 7.73,
            "reinvestment_rate": 6.81,
            "research_to_sale_ratio": 21.85,
            "price_fair": 336.72,
            "eps_avg_yearly": 10.03,
            "eps_latest_yearly": 6.6,
            "eps_growth_yearly": 23.57
        },
        "20191": {
            "year_quarter": 20191,
            "year": 2019,
            "quarter": 1,
            "eps": 1.76,
            "eps_growth_year": -7.37,
            "eps_4q": 8.36,
            "eps_4q_growth_year": -10.43,
            "roe": 3.76,
            "roe_4q": 18.87,
            "gross_profit": 337196,
            "gross_margin": 89.34,
            "gross_margin_4q_avg": 89.79,
            "net_income": 57553,
            "net_income_4q": null,
            "revenue": 377442,
            "revenue_4q": null,
            "common_shares": 331917,
            "book_valuer_per_share": 46.79,
            "book_valuer_per_share_4q_avg": 43.99,
            "equity": 1559570,
            "current_ratio": 241.45,
            "debt_ratio": 38.36,
            "inventory_turnover_ratio": null,
            "account_receivable_turnover_ratio": 6.9,
            "reinvestment_rate": 5.38,
            "research_to_sale_ratio": 21.91,
            "price_fair": 348.34,
            "eps_avg_yearly": 9.95,
            "eps_latest_yearly": 7.04,
            "eps_growth_yearly": 26.06
        },
        "20192": {
            "year_quarter": 20192,
            "year": 2019,
            "quarter": 2,
            "eps": 2.45,
            "eps_growth_year": -0.81,
            "eps_4q": 8.34,
            "eps_4q_growth_year": -9.33,
            "roe": 5.63,
            "roe_4q": 18.97,
            "gross_profit": 388769,
            "gross_margin": 90.3,
            "gross_margin_4q_avg": 89.85,
            "net_income": 82132,
            "net_income_4q": null,
            "revenue": 430521,
            "revenue_4q": null,
            "common_shares": 331917,
            "book_valuer_per_share": 40.71,
            "book_valuer_per_share_4q_avg": 43.95,
            "equity": 1358733,
            "current_ratio": 186.85,
            "debt_ratio": 48.94,
            "inventory_turnover_ratio": null,
            "account_receivable_turnover_ratio": 7.04,
            "reinvestment_rate": 2.56,
            "research_to_sale_ratio": 19.58,
            "price_fair": 313.27,
            "eps_avg_yearly": 9.76,
            "eps_latest_yearly": 9.8,
            "eps_growth_yearly": 22.09
        },
        "20193": {
            "year_quarter": 20193,
            "year": 2019,
            "quarter": 3,
            "eps": 2.45,
            "eps_growth_year": -1.61,
            "eps_4q": 8.3,
            "eps_4q_growth_year": -6.27,
            "roe": 5.9,
            "roe_4q": 18.970000000000002,
            "gross_profit": 384110,
            "gross_margin": 90.3,
            "gross_margin_4q_avg": 89.7,
            "net_income": 82539,
            "net_income_4q": null,
            "revenue": 425393,
            "revenue_4q": null,
            "common_shares": 331907,
            "book_valuer_per_share": 43.09,
            "book_valuer_per_share_4q_avg": 43.9,
            "equity": 1438502,
            "current_ratio": 225.24,
            "debt_ratio": 40.62,
            "inventory_turnover_ratio": null,
            "account_receivable_turnover_ratio": 7.06,
            "reinvestment_rate": 3.19,
            "research_to_sale_ratio": 19.8,
            "price_fair": 341.34,
            "eps_avg_yearly": 9.75,
            "eps_latest_yearly": 9.8,
            "eps_growth_yearly": 27.7
        },
        "20194": {
            "year_quarter": 20194,
            "year": 2019,
            "quarter": 4,
            "eps": 1.96,
            "eps_growth_year": 19.13,
            "eps_4q": 8.62,
            "eps_4q_growth_year": 1.35,
            "roe": 4.43,
            "roe_4q": 19.72,
            "gross_profit": 362103,
            "gross_margin": 89.85,
            "gross_margin_4q_avg": 89.95,
            "net_income": 65042,
            "net_income_4q": null,
            "revenue": 403027,
            "revenue_4q": null,
            "common_shares": 331907,
            "book_valuer_per_share": 44.91,
            "book_valuer_per_share_4q_avg": 43.88,
            "equity": 1498840,
            "current_ratio": 217.69,
            "debt_ratio": 42.02,
            "inventory_turnover_ratio": null,
            "account_receivable_turnover_ratio": 7.44,
            "reinvestment_rate": 4.41,
            "research_to_sale_ratio": 24.12,
            "price_fair": 339.24,
            "eps_avg_yearly": 9.69,
            "eps_latest_yearly": 7.84,
            "eps_growth_yearly": 25.61
        },
        "20201": {
            "year_quarter": 20201,
            "year": 2020,
            "quarter": 1,
            "eps": 1.86,
            "eps_growth_year": 5.68,
            "eps_4q": 8.73,
            "eps_4q_growth_year": 4.42,
            "roe": 4.03,
            "roe_4q": 19.990000000000002,
            "gross_profit": 352510,
            "gross_margin": 88.81,
            "gross_margin_4q_avg": 89.82,
            "net_income": 61582,
            "net_income_4q": null,
            "revenue": 396918,
            "revenue_4q": null,
            "common_shares": 331907,
            "book_valuer_per_share": 46.76,
            "book_valuer_per_share_4q_avg": 43.87,
            "equity": 1559709,
            "current_ratio": 231.16,
            "debt_ratio": 39.73,
            "inventory_turnover_ratio": null,
            "account_receivable_turnover_ratio": 7.37,
            "reinvestment_rate": 5.33,
            "research_to_sale_ratio": 20.76,
            "price_fair": 26.76,
            "eps_avg_yearly": 8.92,
            "eps_latest_yearly": 7.44,
            "eps_growth_yearly": -6.92
        },
        "20202": {
            "year_quarter": 20202,
            "year": 2020,
            "quarter": 2,
            "eps": 1.41,
            "eps_growth_year": -42.45,
            "eps_4q": 7.69,
            "eps_4q_growth_year": -7.83,
            "roe": 3.18,
            "roe_4q": 17.54,
            "gross_profit": 340042,
            "gross_margin": 87.19,
            "gross_margin_4q_avg": 89.04,
            "net_income": 45823,
            "net_income_4q": null,
            "revenue": 390021,
            "revenue_4q": null,
            "common_shares": 331907,
            "book_valuer_per_share": 39.53,
            "book_valuer_per_share_4q_avg": 43.57,
            "equity": 1318535,
            "current_ratio": 178.06,
            "debt_ratio": 51.36,
            "inventory_turnover_ratio": null,
            "account_receivable_turnover_ratio": 6.35,
            "reinvestment_rate": 5.7,
            "research_to_sale_ratio": 22.04,
            "price_fair": 25.52,
            "eps_avg_yearly": 8.51,
            "eps_latest_yearly": 5.64,
            "eps_growth_yearly": -3.47
        },
        "20203": {
            "year_quarter": 20203,
            "year": 2020,
            "quarter": 3,
            "eps": 2.45,
            "eps_growth_year": 0,
            "eps_4q": 7.69,
            "eps_4q_growth_year": -7.31,
            "roe": 5.94,
            "roe_4q": 17.580000000000002,
            "gross_profit": 390847,
            "gross_margin": 90.08,
            "gross_margin_4q_avg": 88.98,
            "net_income": 80768,
            "net_income_4q": null,
            "revenue": 433895,
            "revenue_4q": null,
            "common_shares": 331907,
            "book_valuer_per_share": 42.01,
            "book_valuer_per_share_4q_avg": 43.3,
            "equity": 1400365,
            "current_ratio": 208.44,
            "debt_ratio": 43.64,
            "inventory_turnover_ratio": null,
            "account_receivable_turnover_ratio": 6.4,
            "reinvestment_rate": 6.1,
            "research_to_sale_ratio": 20.2,
            "price_fair": 238.51,
            "eps_avg_yearly": 8.45,
            "eps_latest_yearly": 9.8,
            "eps_growth_yearly": 18.23
        },
        "20204": {
            "year_quarter": 20204,
            "year": 2020,
            "quarter": 4,
            "eps": 2.06,
            "eps_growth_year": 5.14,
            "eps_4q": 7.8,
            "eps_4q_growth_year": -9.53,
            "roe": 4.74,
            "roe_4q": 17.89,
            "gross_profit": 368912,
            "gross_margin": 89.19,
            "gross_margin_4q_avg": 88.82,
            "net_income": 67997,
            "net_income_4q": null,
            "revenue": 413647,
            "revenue_4q": null,
            "common_shares": 331907,
            "book_valuer_per_share": 43.99,
            "book_valuer_per_share_4q_avg": 43.07,
            "equity": 1465739,
            "current_ratio": 205.74,
            "debt_ratio": 44.85,
            "inventory_turnover_ratio": null,
            "account_receivable_turnover_ratio": 6.71,
            "reinvestment_rate": -0.48,
            "research_to_sale_ratio": 21.38,
            "price_fair": 301.96,
            "eps_avg_yearly": 8.63,
            "eps_latest_yearly": 8.24,
            "eps_growth_yearly": 26.61
        },
        "20211": {
            "year_quarter": 20211,
            "year": 2021,
            "quarter": 1,
            "eps": 3.13,
            "eps_growth_year": 68.28,
            "eps_4q": 9.06,
            "eps_4q_growth_year": 3.87,
            "roe": 6.82,
            "roe_4q": 20.68,
            "gross_profit": 393233,
            "gross_margin": 89.8,
            "gross_margin_4q_avg": 89.07,
            "net_income": 103511,
            "net_income_4q": null,
            "revenue": 437900,
            "revenue_4q": null,
            "common_shares": 331907,
            "book_valuer_per_share": 47.11,
            "book_valuer_per_share_4q_avg": 43.16,
            "equity": 1568843,
            "current_ratio": 222.28,
            "debt_ratio": 41.61,
            "inventory_turnover_ratio": null,
            "account_receivable_turnover_ratio": 6.7,
            "reinvestment_rate": -0.81,
            "research_to_sale_ratio": 20.42,
            "price_fair": 306.83,
            "eps_avg_yearly": 8.87,
            "eps_latest_yearly": 12.52,
            "eps_growth_yearly": 24.59
        },
        "20212": {
            "year_quarter": 20212,
            "year": 2021,
            "quarter": 2,
            "eps": 2.66,
            "eps_growth_year": 88.65,
            "eps_4q": 10.32,
            "eps_4q_growth_year": 34.2,
            "roe": 5.93,
            "roe_4q": 23.430000000000003,
            "gross_profit": 413463,
            "gross_margin": 90.49,
            "gross_margin_4q_avg": 89.89,
            "net_income": 87938,
            "net_income_4q": null,
            "revenue": 456934,
            "revenue_4q": null,
            "common_shares": 331907,
            "book_valuer_per_share": 41.97,
            "book_valuer_per_share_4q_avg": 43.77,
            "equity": 1397466,
            "current_ratio": 181.01,
            "debt_ratio": 50.99,
            "inventory_turnover_ratio": null,
            "account_receivable_turnover_ratio": 5.58,
            "reinvestment_rate": -0.81,
            "research_to_sale_ratio": 21.07,
            "price_fair": 227.65,
            "eps_avg_yearly": 8.88,
            "eps_latest_yearly": 10.64,
            "eps_growth_yearly": 15.63
        },
        "20213": {
            "year_quarter": 20213,
            "year": 2021,
            "quarter": 3,
            "eps": 2.57,
            "eps_growth_year": 4.9,
            "eps_4q": 10.44,
            "eps_4q_growth_year": 35.62,
            "roe": 5.88,
            "roe_4q": 23.369999999999997,
            "gross_profit": 415844,
            "gross_margin": 90.51,
            "gross_margin_4q_avg": 90,
            "net_income": 84715,
            "net_income_4q": null,
            "revenue": 459428,
            "revenue_4q": null,
            "common_shares": 331907,
            "book_valuer_per_share": 44.54,
            "book_valuer_per_share_4q_avg": 44.4,
            "equity": 1482131,
            "current_ratio": 203.31,
            "debt_ratio": 45.14,
            "inventory_turnover_ratio": null,
            "account_receivable_turnover_ratio": 5.42,
            "reinvestment_rate": 0.53,
            "research_to_sale_ratio": 20.97,
            "price_fair": 199.95,
            "eps_avg_yearly": 8.82,
            "eps_latest_yearly": 10.28,
            "eps_growth_yearly": 12.68
        },
        "20214": {
            "year_quarter": 20214,
            "year": 2021,
            "quarter": 4,
            "eps": 2.79,
            "eps_growth_year": 35.15,
            "eps_4q": 11.16,
            "eps_4q_growth_year": 43.17,
            "roe": 5.96,
            "roe_4q": 24.59,
            "gross_profit": 446877,
            "gross_margin": 89.97,
            "gross_margin_4q_avg": 90.19,
            "net_income": 91084,
            "net_income_4q": null,
            "revenue": 496717,
            "revenue_4q": null,
            "common_shares": 331907,
            "book_valuer_per_share": 47.39,
            "book_valuer_per_share_4q_avg": 45.25,
            "equity": 1575450,
            "current_ratio": 198.65,
            "debt_ratio": 46.52,
            "inventory_turnover_ratio": null,
            "account_receivable_turnover_ratio": 6.2,
            "reinvestment_rate": 0.69,
            "research_to_sale_ratio": 21.21,
            "price_fair": 289.82,
            "eps_avg_yearly": 9.02,
            "eps_latest_yearly": 11.16,
            "eps_growth_yearly": 22.15
        },
        "20221": {
            "year_quarter": 20221,
            "year": 2022,
            "quarter": 1,
            "eps": 3.7,
            "eps_growth_year": 18.21,
            "eps_4q": 11.73,
            "eps_4q_growth_year": 29.37,
            "roe": 7.48,
            "roe_4q": 25.25,
            "gross_profit": 468010,
            "gross_margin": 89.96,
            "gross_margin_4q_avg": 90.23,
            "net_income": 122403,
            "net_income_4q": null,
            "revenue": 520269,
            "revenue_4q": null,
            "common_shares": 331907,
            "book_valuer_per_share": 51.14,
            "book_valuer_per_share_4q_avg": 46.26,
            "equity": 1699541,
            "current_ratio": 210.92,
            "debt_ratio": 44.01,
            "inventory_turnover_ratio": null,
            "account_receivable_turnover_ratio": 5.61,
            "reinvestment_rate": 0.96,
            "research_to_sale_ratio": 11.02,
            "price_fair": 331.28,
            "eps_avg_yearly": 9.47,
            "eps_latest_yearly": 14.8,
            "eps_growth_yearly": 31.55
        },
        "20222": {
            "year_quarter": 20222,
            "year": 2022,
            "quarter": 2,
            "eps": 4.02,
            "eps_growth_year": 51.13,
            "eps_4q": 13.09,
            "eps_4q_growth_year": 26.85,
            "roe": 8.43,
            "roe_4q": 27.75,
            "gross_profit": 496661,
            "gross_margin": 89.94,
            "gross_margin_4q_avg": 90.1,
            "net_income": 133295,
            "net_income_4q": null,
            "revenue": 552231,
            "revenue_4q": null,
            "common_shares": 331907,
            "book_valuer_per_share": 43.98,
            "book_valuer_per_share_4q_avg": 46.76,
            "equity": 1461694,
            "current_ratio": 168.28,
            "debt_ratio": 55.06,
            "inventory_turnover_ratio": null,
            "account_receivable_turnover_ratio": 5.36,
            "reinvestment_rate": -0.26,
            "research_to_sale_ratio": 10.83,
            "price_fair": 344.84,
            "eps_avg_yearly": 9.85,
            "eps_latest_yearly": 16.08,
            "eps_growth_yearly": 26.21
        },
        "20223": {
            "year_quarter": 20223,
            "year": 2022,
            "quarter": 3,
            "eps": 3.64,
            "eps_growth_year": 41.63,
            "eps_4q": 14.15,
            "eps_4q_growth_year": 35.61,
            "roe": 7.91,
            "roe_4q": 29.78,
            "gross_profit": 518311,
            "gross_margin": 89.13,
            "gross_margin_4q_avg": 89.75,
            "net_income": 120361,
            "net_income_4q": null,
            "revenue": 581533,
            "revenue_4q": null,
            "common_shares": 331907,
            "book_valuer_per_share": 47.63,
            "book_valuer_per_share_4q_avg": 47.54,
            "equity": 1582422,
            "current_ratio": 192.9,
            "debt_ratio": 47.79,
            "inventory_turnover_ratio": null,
            "account_receivable_turnover_ratio": 6.23,
            "reinvestment_rate": 0.12,
            "research_to_sale_ratio": 11.8,
            "price_fair": 341.2,
            "eps_avg_yearly": 10.14,
            "eps_latest_yearly": 14.56,
            "eps_growth_yearly": 23.65
        },
        "20224": {
            "year_quarter": 20224,
            "year": 2022,
            "quarter": 4,
            "eps": 2.05,
            "eps_growth_year": -26.36,
            "eps_4q": 13.42,
            "eps_4q_growth_year": 20.2,
            "roe": 4.13,
            "roe_4q": 27.95,
            "gross_profit": 466998,
            "gross_margin": 88.92,
            "gross_margin_4q_avg": 89.49,
            "net_income": 66747,
            "net_income_4q": null,
            "revenue": 525215,
            "revenue_4q": null,
            "common_shares": 331907,
            "book_valuer_per_share": 49.8,
            "book_valuer_per_share_4q_avg": 48.14,
            "equity": 1652935,
            "current_ratio": 186.78,
            "debt_ratio": 50.14,
            "inventory_turnover_ratio": null,
            "account_receivable_turnover_ratio": 6.12,
            "reinvestment_rate": -2.6,
            "research_to_sale_ratio": 11.77,
            "price_fair": 319.1,
            "eps_avg_yearly": 10.24,
            "eps_latest_yearly": 8.2,
            "eps_growth_yearly": 21.16
        },
        "20231": {
            "year_quarter": 20231,
            "year": 2023,
            "quarter": 1,
            "eps": 2.85,
            "eps_growth_year": -22.97,
            "eps_4q": 12.57,
            "eps_4q_growth_year": 7.17,
            "roe": 5.57,
            "roe_4q": 26.04,
            "gross_profit": 462305,
            "gross_margin": 87.14,
            "gross_margin_4q_avg": 88.78,
            "net_income": 94639,
            "net_income_4q": null,
            "revenue": 530561,
            "revenue_4q": null,
            "common_shares": 331907,
            "book_valuer_per_share": 52.66,
            "book_valuer_per_share_4q_avg": 48.52,
            "equity": 1747816,
            "current_ratio": 202.26,
            "debt_ratio": 46.35,
            "inventory_turnover_ratio": null,
            "account_receivable_turnover_ratio": 6.62,
            "reinvestment_rate": -2.49,
            "research_to_sale_ratio": 13.08,
            "price_fair": 367.94,
            "eps_avg_yearly": 10.51,
            "eps_latest_yearly": 11.4,
            "eps_growth_yearly": 29.25
        },
        "20232": {
            "year_quarter": 20232,
            "year": 2023,
            "quarter": 2,
            "eps": 3.86,
            "eps_growth_year": -3.98,
            "eps_4q": 12.4,
            "eps_4q_growth_year": -5.22,
            "roe": 8.06,
            "roe_4q": 25.67,
            "gross_profit": 520703,
            "gross_margin": 86.73,
            "gross_margin_4q_avg": 87.98,
            "net_income": 128062,
            "net_income_4q": null,
            "revenue": 600362,
            "revenue_4q": null,
            "common_shares": 331907,
            "book_valuer_per_share": 43.06,
            "book_valuer_per_share_4q_avg": 48.29,
            "equity": 1429116,
            "current_ratio": 154.42,
            "debt_ratio": 60.24,
            "inventory_turnover_ratio": null,
            "account_receivable_turnover_ratio": 6.91,
            "reinvestment_rate": -1.19,
            "research_to_sale_ratio": 11.98,
            "price_fair": 380.28,
            "eps_avg_yearly": 10.87,
            "eps_latest_yearly": 15.44,
            "eps_growth_yearly": 28.31
        },
        "20233": {
            "year_quarter": 20233,
            "year": 2023,
            "quarter": 3,
            "eps": 4.54,
            "eps_growth_year": 24.73,
            "eps_4q": 13.3,
            "eps_4q_growth_year": -6.01,
            "roe": 10,
            "roe_4q": 27.76,
            "gross_profit": 551203,
            "gross_margin": 87.66,
            "gross_margin_4q_avg": 87.61,
            "net_income": 150540,
            "net_income_4q": null,
            "revenue": 628779,
            "revenue_4q": null,
            "common_shares": 331907,
            "book_valuer_per_share": 47.63,
            "book_valuer_per_share_4q_avg": 48.29,
            "equity": 1581017,
            "current_ratio": 178.15,
            "debt_ratio": 50.96,
            "inventory_turnover_ratio": null,
            "account_receivable_turnover_ratio": 7.07,
            "reinvestment_rate": 1.84,
            "research_to_sale_ratio": 11.72,
            "price_fair": 398.56,
            "eps_avg_yearly": 11.39,
            "eps_latest_yearly": 18.16,
            "eps_growth_yearly": 32.71
        }
    },
    "months": {
        "2004-10": {
            "month": "2004-10",
            "price": "88.40",
            "revenue": 67994
        },
        "2004-11": {
            "month": "2004-11",
            "price": "71.78",
            "revenue": 66235
        },
        "2004-12": {
            "month": "2004-12",
            "price": "75.67",
            "revenue": 68688
        },
        "2005-01": {
            "month": "2005-01",
            "price": "75.78",
            "revenue": 60283
        },
        "2005-02": {
            "month": "2005-02",
            "price": "86.10",
            "revenue": 70820
        },
        "2005-03": {
            "month": "2005-03",
            "price": "93.16",
            "revenue": 88861
        },
        "2005-04": {
            "month": "2005-04",
            "price": "93.40",
            "revenue": 89602
        },
        "2005-05": {
            "month": "2005-05",
            "price": "95.41",
            "revenue": 83593
        },
        "2005-06": {
            "month": "2005-06",
            "price": "95.26",
            "revenue": 84759
        },
        "2005-07": {
            "month": "2005-07",
            "price": "98.22",
            "revenue": 83634
        },
        "2005-08": {
            "month": "2005-08",
            "price": "136.48",
            "revenue": 88024
        },
        "2005-09": {
            "month": "2005-09",
            "price": "131.03",
            "revenue": 83513
        },
        "2005-10": {
            "month": "2005-10",
            "price": "125.59",
            "revenue": 79630
        },
        "2005-11": {
            "month": "2005-11",
            "price": "121.13",
            "revenue": 75659
        },
        "2005-12": {
            "month": "2005-12",
            "price": "133.08",
            "revenue": 71083
        },
        "2006-01": {
            "month": "2006-01",
            "price": "173.82",
            "revenue": 67954
        },
        "2006-02": {
            "month": "2006-02",
            "price": "182.07",
            "revenue": 89266
        },
        "2006-03": {
            "month": "2006-03",
            "price": "238.74",
            "revenue": 93092
        },
        "2006-04": {
            "month": "2006-04",
            "price": "235.71",
            "revenue": 87056
        },
        "2006-05": {
            "month": "2006-05",
            "price": "271.74",
            "revenue": 91111
        },
        "2006-06": {
            "month": "2006-06",
            "price": "217.52",
            "revenue": 89856
        },
        "2006-07": {
            "month": "2006-07",
            "price": "187.93",
            "revenue": 86167
        },
        "2006-08": {
            "month": "2006-08",
            "price": "174.26",
            "revenue": 83955
        },
        "2006-09": {
            "month": "2006-09",
            "price": "204.71",
            "revenue": 81135
        },
        "2006-10": {
            "month": "2006-10",
            "price": "191.90",
            "revenue": 78704
        },
        "2006-11": {
            "month": "2006-11",
            "price": "176.89",
            "revenue": 73157
        },
        "2006-12": {
            "month": "2006-12",
            "price": "180.90",
            "revenue": 73499
        },
        "2007-01": {
            "month": "2007-01",
            "price": "202.95",
            "revenue": 74839
        },
        "2007-02": {
            "month": "2007-02",
            "price": "205.67",
            "revenue": 70010
        },
        "2007-03": {
            "month": "2007-03",
            "price": "189.48",
            "revenue": 102004
        },
        "2007-04": {
            "month": "2007-04",
            "price": "188.92",
            "revenue": 93345
        },
        "2007-05": {
            "month": "2007-05",
            "price": "171.18",
            "revenue": 100078
        },
        "2007-06": {
            "month": "2007-06",
            "price": "169.22",
            "revenue": 93260
        },
        "2007-07": {
            "month": "2007-07",
            "price": "171.18",
            "revenue": 93867
        },
        "2007-08": {
            "month": "2007-08",
            "price": "133.65",
            "revenue": 97503
        },
        "2007-09": {
            "month": "2007-09",
            "price": "131.44",
            "revenue": 88436
        },
        "2007-10": {
            "month": "2007-10",
            "price": "130.09",
            "revenue": 86526
        },
        "2007-11": {
            "month": "2007-11",
            "price": "114.16",
            "revenue": 82458
        },
        "2007-12": {
            "month": "2007-12",
            "price": "111.55",
            "revenue": 79116
        },
        "2008-01": {
            "month": "2008-01",
            "price": "110.02",
            "revenue": 82103
        },
        "2008-02": {
            "month": "2008-02",
            "price": "115.04",
            "revenue": 90814
        },
        "2008-03": {
            "month": "2008-03",
            "price": "115.45",
            "revenue": 96944
        },
        "2008-04": {
            "month": "2008-04",
            "price": "112.40",
            "revenue": 93708
        },
        "2008-05": {
            "month": "2008-05",
            "price": "132.10",
            "revenue": 94278
        },
        "2008-06": {
            "month": "2008-06",
            "price": "125.33",
            "revenue": 98252
        },
        "2008-07": {
            "month": "2008-07",
            "price": "110.11",
            "revenue": 87794
        },
        "2008-08": {
            "month": "2008-08",
            "price": "97.68",
            "revenue": 85241
        },
        "2008-09": {
            "month": "2008-09",
            "price": "90.24",
            "revenue": 89074
        },
        "2008-10": {
            "month": "2008-10",
            "price": "67.46",
            "revenue": 76429
        },
        "2008-11": {
            "month": "2008-11",
            "price": "63.78",
            "revenue": 67422
        },
        "2008-12": {
            "month": "2008-12",
            "price": "62.06",
            "revenue": 60893
        },
        "2009-01": {
            "month": "2009-01",
            "price": "64.71",
            "revenue": 45847
        },
        "2009-02": {
            "month": "2009-02",
            "price": "62.01",
            "revenue": 60778
        },
        "2009-03": {
            "month": "2009-03",
            "price": "65.77",
            "revenue": 61693
        },
        "2009-04": {
            "month": "2009-04",
            "price": "71.36",
            "revenue": 65337
        },
        "2009-05": {
            "month": "2009-05",
            "price": "77.20",
            "revenue": 65599
        },
        "2009-06": {
            "month": "2009-06",
            "price": "74.02",
            "revenue": 70045
        },
        "2009-07": {
            "month": "2009-07",
            "price": "70.22",
            "revenue": 73250
        },
        "2009-08": {
            "month": "2009-08",
            "price": "69.96",
            "revenue": 75812
        },
        "2009-09": {
            "month": "2009-09",
            "price": "73.67",
            "revenue": 78625
        },
        "2009-10": {
            "month": "2009-10",
            "price": "75.17",
            "revenue": 69485
        },
        "2009-11": {
            "month": "2009-11",
            "price": "84.15",
            "revenue": 64672
        },
        "2009-12": {
            "month": "2009-12",
            "price": "88.09",
            "revenue": 67007
        },
        "2010-01": {
            "month": "2010-01",
            "price": "86.92",
            "revenue": 65236
        },
        "2010-02": {
            "month": "2010-02",
            "price": "86.87",
            "revenue": 60976
        },
        "2010-03": {
            "month": "2010-03",
            "price": "106.90",
            "revenue": 93047
        },
        "2010-04": {
            "month": "2010-04",
            "price": "123.86",
            "revenue": 87202
        },
        "2010-05": {
            "month": "2010-05",
            "price": "110.35",
            "revenue": 91976
        },
        "2010-06": {
            "month": "2010-06",
            "price": "107.08",
            "revenue": 93803
        },
        "2010-07": {
            "month": "2010-07",
            "price": "115.77",
            "revenue": 94165
        },
        "2010-08": {
            "month": "2010-08",
            "price": "115.09",
            "revenue": 92601
        },
        "2010-09": {
            "month": "2010-09",
            "price": "123.07",
            "revenue": 88550
        },
        "2010-10": {
            "month": "2010-10",
            "price": "120.62",
            "revenue": 90341
        },
        "2010-11": {
            "month": "2010-11",
            "price": "123.66",
            "revenue": 86673
        },
        "2010-12": {
            "month": "2010-12",
            "price": "120.02",
            "revenue": 82609
        },
        "2011-01": {
            "month": "2011-01",
            "price": "119.18",
            "revenue": 82901
        },
        "2011-02": {
            "month": "2011-02",
            "price": "116.21",
            "revenue": 83217
        },
        "2011-03": {
            "month": "2011-03",
            "price": "105.48",
            "revenue": 98400
        },
        "2011-04": {
            "month": "2011-04",
            "price": "106.53",
            "revenue": 88101
        },
        "2011-05": {
            "month": "2011-05",
            "price": "107.29",
            "revenue": 91193
        },
        "2011-06": {
            "month": "2011-06",
            "price": "107.24",
            "revenue": 93010
        },
        "2011-07": {
            "month": "2011-07",
            "price": "102.53",
            "revenue": 92224
        },
        "2011-08": {
            "month": "2011-08",
            "price": "89.83",
            "revenue": 91676
        },
        "2011-09": {
            "month": "2011-09",
            "price": "82.30",
            "revenue": 86119
        },
        "2011-10": {
            "month": "2011-10",
            "price": "82.13",
            "revenue": 83645
        },
        "2011-11": {
            "month": "2011-11",
            "price": "86.50",
            "revenue": 79263
        },
        "2011-12": {
            "month": "2011-12",
            "price": "86.29",
            "revenue": 77358
        },
        "2012-01": {
            "month": "2012-01",
            "price": "82.75",
            "revenue": 51210
        },
        "2012-02": {
            "month": "2012-02",
            "price": "86.28",
            "revenue": 81891
        },
        "2012-03": {
            "month": "2012-03",
            "price": "86.93",
            "revenue": 80383
        },
        "2012-04": {
            "month": "2012-04",
            "price": "83.32",
            "revenue": 84322
        },
        "2012-05": {
            "month": "2012-05",
            "price": "75.86",
            "revenue": 86752
        },
        "2012-06": {
            "month": "2012-06",
            "price": "74.19",
            "revenue": 81831
        },
        "2012-07": {
            "month": "2012-07",
            "price": "71.17",
            "revenue": 89850
        },
        "2012-08": {
            "month": "2012-08",
            "price": "67.69",
            "revenue": 88528
        },
        "2012-09": {
            "month": "2012-09",
            "price": "69.92",
            "revenue": 83044
        },
        "2012-10": {
            "month": "2012-10",
            "price": "69.18",
            "revenue": 82159
        },
        "2012-11": {
            "month": "2012-11",
            "price": "72.33",
            "revenue": 76409
        },
        "2012-12": {
            "month": "2012-12",
            "price": "75.52",
            "revenue": 78580
        },
        "2013-01": {
            "month": "2013-01",
            "price": "79.39",
            "revenue": 174271
        },
        "2013-02": {
            "month": "2013-02",
            "price": "80.53",
            "revenue": 150906
        },
        "2013-03": {
            "month": "2013-03",
            "price": "79.38",
            "revenue": 160115
        },
        "2013-04": {
            "month": "2013-04",
            "price": "81.67",
            "revenue": 184324
        },
        "2013-05": {
            "month": "2013-05",
            "price": "82.52",
            "revenue": 177593
        },
        "2013-06": {
            "month": "2013-06",
            "price": "81.32",
            "revenue": 191351
        },
        "2013-07": {
            "month": "2013-07",
            "price": "84.15",
            "revenue": 195103
        },
        "2013-08": {
            "month": "2013-08",
            "price": "93.20",
            "revenue": 200889
        },
        "2013-09": {
            "month": "2013-09",
            "price": "100.44",
            "revenue": 193835
        },
        "2013-10": {
            "month": "2013-10",
            "price": "98.29",
            "revenue": 185255
        },
        "2013-11": {
            "month": "2013-11",
            "price": "102.80",
            "revenue": 184166
        },
        "2013-12": {
            "month": "2013-12",
            "price": "106.70",
            "revenue": 185978
        },
        "2014-01": {
            "month": "2014-01",
            "price": "109.14",
            "revenue": 213658
        },
        "2014-02": {
            "month": "2014-02",
            "price": "110.53",
            "revenue": 158452
        },
        "2014-03": {
            "month": "2014-03",
            "price": "112.69",
            "revenue": 185773
        },
        "2014-04": {
            "month": "2014-04",
            "price": "114.43",
            "revenue": 201172
        },
        "2014-05": {
            "month": "2014-05",
            "price": "113.80",
            "revenue": 205652
        },
        "2014-06": {
            "month": "2014-06",
            "price": "112.80",
            "revenue": 218046
        },
        "2014-07": {
            "month": "2014-07",
            "price": "115.91",
            "revenue": 223314
        },
        "2014-08": {
            "month": "2014-08",
            "price": "125.81",
            "revenue": 214964
        },
        "2014-09": {
            "month": "2014-09",
            "price": "129.45",
            "revenue": 212336
        },
        "2014-10": {
            "month": "2014-10",
            "price": "122.52",
            "revenue": 209249
        },
        "2014-11": {
            "month": "2014-11",
            "price": "128.28",
            "revenue": 200143
        },
        "2014-12": {
            "month": "2014-12",
            "price": "161.52",
            "revenue": 220774
        },
        "2015-01": {
            "month": "2015-01",
            "price": "159.05",
            "revenue": 199075
        },
        "2015-02": {
            "month": "2015-02",
            "price": "163.42",
            "revenue": 180730
        },
        "2015-03": {
            "month": "2015-03",
            "price": "174.48",
            "revenue": 227242
        },
        "2015-04": {
            "month": "2015-04",
            "price": "164.62",
            "revenue": 213859
        },
        "2015-05": {
            "month": "2015-05",
            "price": "159.92",
            "revenue": 236761
        },
        "2015-06": {
            "month": "2015-06",
            "price": "146.38",
            "revenue": 227788
        },
        "2015-07": {
            "month": "2015-07",
            "price": "145.98",
            "revenue": 225871
        },
        "2015-08": {
            "month": "2015-08",
            "price": "138.69",
            "revenue": 215768
        },
        "2015-09": {
            "month": "2015-09",
            "price": "143.42",
            "revenue": 215369
        },
        "2015-10": {
            "month": "2015-10",
            "price": "149.10",
            "revenue": 204579
        },
        "2015-11": {
            "month": "2015-11",
            "price": "143.83",
            "revenue": 203550
        },
        "2015-12": {
            "month": "2015-12",
            "price": "139.67",
            "revenue": 202767
        },
        "2016-01": {
            "month": "2016-01",
            "price": "138.31",
            "revenue": 104669
        },
        "2016-02": {
            "month": "2016-02",
            "price": "138.82",
            "revenue": 97408
        },
        "2016-03": {
            "month": "2016-03",
            "price": "139.89",
            "revenue": 142112
        },
        "2016-04": {
            "month": "2016-04",
            "price": "139.92",
            "revenue": 119973
        },
        "2016-05": {
            "month": "2016-05",
            "price": "139.88",
            "revenue": 128978
        },
        "2016-06": {
            "month": "2016-06",
            "price": "139.50",
            "revenue": 127143
        },
        "2016-07": {
            "month": "2016-07",
            "price": "138.30",
            "revenue": 131251
        },
        "2016-08": {
            "month": "2016-08",
            "price": "142.04",
            "revenue": 135429
        },
        "2016-09": {
            "month": "2016-09",
            "price": "140.95",
            "revenue": 116676
        },
        "2016-10": {
            "month": "2016-10",
            "price": "138.20",
            "revenue": 124010
        },
        "2016-11": {
            "month": "2016-11",
            "price": "136.33",
            "revenue": 116949
        },
        "2016-12": {
            "month": "2016-12",
            "price": "137.45",
            "revenue": 110155
        },
        "2017-01": {
            "month": "2017-01",
            "price": "139.87",
            "revenue": 107073
        },
        "2017-02": {
            "month": "2017-02",
            "price": "141.17",
            "revenue": 115423
        },
        "2017-03": {
            "month": "2017-03",
            "price": "145.40",
            "revenue": 138185
        },
        "2017-04": {
            "month": "2017-04",
            "price": "146.11",
            "revenue": 125644
        },
        "2017-05": {
            "month": "2017-05",
            "price": "150.80",
            "revenue": 133489
        },
        "2017-06": {
            "month": "2017-06",
            "price": "162.27",
            "revenue": 135776
        },
        "2017-07": {
            "month": "2017-07",
            "price": "156.71",
            "revenue": 135907
        },
        "2017-08": {
            "month": "2017-08",
            "price": "150.98",
            "revenue": 135151
        },
        "2017-09": {
            "month": "2017-09",
            "price": "151.21",
            "revenue": 129807
        },
        "2017-10": {
            "month": "2017-10",
            "price": "152.13",
            "revenue": 131628
        },
        "2017-11": {
            "month": "2017-11",
            "price": "154.27",
            "revenue": 119659
        },
        "2017-12": {
            "month": "2017-12",
            "price": "160.62",
            "revenue": 130161
        },
        "2018-01": {
            "month": "2018-01",
            "price": "169.86",
            "revenue": 118486
        },
        "2018-02": {
            "month": "2018-02",
            "price": "175.00",
            "revenue": 100066
        },
        "2018-03": {
            "month": "2018-03",
            "price": "175.95",
            "revenue": 148566
        },
        "2018-04": {
            "month": "2018-04",
            "price": "177.12",
            "revenue": 127574
        },
        "2018-05": {
            "month": "2018-05",
            "price": "180.06",
            "revenue": 147247
        },
        "2018-06": {
            "month": "2018-06",
            "price": "176.08",
            "revenue": 140124
        },
        "2018-07": {
            "month": "2018-07",
            "price": "170.88",
            "revenue": 142635
        },
        "2018-08": {
            "month": "2018-08",
            "price": "166.63",
            "revenue": 145563
        },
        "2018-09": {
            "month": "2018-09",
            "price": "166.76",
            "revenue": 126082
        },
        "2018-10": {
            "month": "2018-10",
            "price": "160.97",
            "revenue": 131089
        },
        "2018-11": {
            "month": "2018-11",
            "price": "155.30",
            "revenue": 124416
        },
        "2018-12": {
            "month": "2018-12",
            "price": "152.94",
            "revenue": 125764
        },
        "2019-01": {
            "month": "2019-01",
            "price": "153.40",
            "revenue": 116724
        },
        "2019-02": {
            "month": "2019-02",
            "price": "163.08",
            "revenue": 111133
        },
        "2019-03": {
            "month": "2019-03",
            "price": "169.15",
            "revenue": 149585
        },
        "2019-04": {
            "month": "2019-04",
            "price": "170.47",
            "revenue": 143953
        },
        "2019-05": {
            "month": "2019-05",
            "price": "168.48",
            "revenue": 147329
        },
        "2019-06": {
            "month": "2019-06",
            "price": "169.71",
            "revenue": 139239
        },
        "2019-07": {
            "month": "2019-07",
            "price": "169.05",
            "revenue": 146968
        },
        "2019-08": {
            "month": "2019-08",
            "price": "169.00",
            "revenue": 145790
        },
        "2019-09": {
            "month": "2019-09",
            "price": "166.84",
            "revenue": 132635
        },
        "2019-10": {
            "month": "2019-10",
            "price": "169.06",
            "revenue": 144256
        },
        "2019-11": {
            "month": "2019-11",
            "price": "168.03",
            "revenue": 127598
        },
        "2019-12": {
            "month": "2019-12",
            "price": "162.43",
            "revenue": 131173
        },
        "2020-01": {
            "month": "2020-01",
            "price": "157.07",
            "revenue": 116417
        },
        "2020-02": {
            "month": "2020-02",
            "price": "152.64",
            "revenue": 142872
        },
        "2020-03": {
            "month": "2020-03",
            "price": "141.50",
            "revenue": 137629
        },
        "2020-04": {
            "month": "2020-04",
            "price": "147.20",
            "revenue": 128016
        },
        "2020-05": {
            "month": "2020-05",
            "price": "154.24",
            "revenue": 132988
        },
        "2020-06": {
            "month": "2020-06",
            "price": "161.68",
            "revenue": 129017
        },
        "2020-07": {
            "month": "2020-07",
            "price": "156.24",
            "revenue": 143013
        },
        "2020-08": {
            "month": "2020-08",
            "price": "151.31",
            "revenue": 147567
        },
        "2020-09": {
            "month": "2020-09",
            "price": "146.18",
            "revenue": 143315
        },
        "2020-10": {
            "month": "2020-10",
            "price": "143.66",
            "revenue": 146138
        },
        "2020-11": {
            "month": "2020-11",
            "price": "151.76",
            "revenue": 134021
        },
        "2020-12": {
            "month": "2020-12",
            "price": "153.20",
            "revenue": 133488
        },
        "2021-01": {
            "month": "2021-01",
            "price": "154.44",
            "revenue": 142619
        },
        "2021-02": {
            "month": "2021-02",
            "price": "163.23",
            "revenue": 118884
        },
        "2021-03": {
            "month": "2021-03",
            "price": "163.42",
            "revenue": 176397
        },
        "2021-04": {
            "month": "2021-04",
            "price": "164.72",
            "revenue": 163406
        },
        "2021-05": {
            "month": "2021-05",
            "price": "165.85",
            "revenue": 164684
        },
        "2021-06": {
            "month": "2021-06",
            "price": "166.78",
            "revenue": 128844
        },
        "2021-07": {
            "month": "2021-07",
            "price": "169.18",
            "revenue": 136842
        },
        "2021-08": {
            "month": "2021-08",
            "price": "173.52",
            "revenue": 160998
        },
        "2021-09": {
            "month": "2021-09",
            "price": "177.97",
            "revenue": 161588
        },
        "2021-10": {
            "month": "2021-10",
            "price": "177.05",
            "revenue": 168172
        },
        "2021-11": {
            "month": "2021-11",
            "price": "176.74",
            "revenue": 160215
        },
        "2021-12": {
            "month": "2021-12",
            "price": "175.95",
            "revenue": 168330
        },
        "2022-01": {
            "month": "2022-01",
            "price": "177.82",
            "revenue": 153412
        },
        "2022-02": {
            "month": "2022-02",
            "price": "183.37",
            "revenue": 155331
        },
        "2022-03": {
            "month": "2022-03",
            "price": "195.80",
            "revenue": 211526
        },
        "2022-04": {
            "month": "2022-04",
            "price": "196.95",
            "revenue": 186908
        },
        "2022-05": {
            "month": "2022-05",
            "price": "196.52",
            "revenue": 182731
        },
        "2022-06": {
            "month": "2022-06",
            "price": "195.36",
            "revenue": 182592
        },
        "2022-07": {
            "month": "2022-07",
            "price": "189.50",
            "revenue": 194456
        },
        "2022-08": {
            "month": "2022-08",
            "price": "194.02",
            "revenue": 190253
        },
        "2022-09": {
            "month": "2022-09",
            "price": "194.24",
            "revenue": 196824
        },
        "2022-10": {
            "month": "2022-10",
            "price": "190.72",
            "revenue": 183493
        },
        "2022-11": {
            "month": "2022-11",
            "price": "191.43",
            "revenue": 175906
        },
        "2022-12": {
            "month": "2022-12",
            "price": "204.48",
            "revenue": 165816
        },
        "2023-01": {
            "month": "2023-01",
            "price": "204.58",
            "revenue": 145337
        },
        "2023-02": {
            "month": "2023-02",
            "price": "203.44",
            "revenue": 179151
        },
        "2023-03": {
            "month": "2023-03",
            "price": "205.80",
            "revenue": 206073
        },
        "2023-04": {
            "month": "2023-04",
            "price": "210.06",
            "revenue": 184144
        },
        "2023-05": {
            "month": "2023-05",
            "price": "214.60",
            "revenue": 210451
        },
        "2023-06": {
            "month": "2023-06",
            "price": "213.68",
            "revenue": 205767
        },
        "2023-07": {
            "month": "2023-07",
            "price": "206.64",
            "revenue": 225568
        },
        "2023-08": {
            "month": "2023-08",
            "price": "204.69",
            "revenue": 205445
        },
        "2023-09": {
            "month": "2023-09",
            "price": "202.36",
            "revenue": 197766
        },
        "2023-10": {
            "month": "2023-10",
            "price": "201.00",
            "revenue": 198921
        },
        "2023-11": {
            "month": "2023-11",
            "price": "205.27",
            "revenue": 185471
        },
        "2023-12": {
            "month": "2023-12",
            "price": "211.38",
            "revenue": 185312
        }
    }
}
