{
    "summary": {
        "stock_name": "弘塑",
        "stock_id": "3131",
        "category": "其他電子",
        "main_business": "半導體及積體電路製造設備之工程承包、製造、買賣及維修工程。<br>化學品：工業級、試藥級、電子級混酸（蝕刻液）、電鑄藥液。<br>半導體相關之機械安裝、電子零組件製造。",
        "website_url": "http://www.gptc.com.tw/",
        "ceo": "黃富源",
        "pe_ratio": 50,
        "report_year_from": 2001,
        "report_year_to": 2023,
        "age": 23,
        "eps_negative_percentage": 6,
        "eps_growth_avg": {
            "last_all": 15.56,
            "last_2y": 11.91,
            "last_4y": 11.81,
            "last_8y": 7.07,
            "last_12y": 9.07,
            "last_16y": null,
            "last_20y": null,
            "at_2006_last_3y": null,
            "at_2007_last_3y": null,
            "at_2008_last_3y": null,
            "at_2009_last_3y": null,
            "at_2010_last_3y": null,
            "at_2011_last_3y": null,
            "at_2012_last_3y": 44.15,
            "at_2013_last_3y": 48.9,
            "at_2014_last_3y": 13.56,
            "at_2015_last_3y": 25.2,
            "at_2016_last_3y": 14.12,
            "at_2017_last_3y": -2.73,
            "at_2018_last_3y": 1.15,
            "at_2019_last_3y": -8.43,
            "at_2020_last_3y": -1.7,
            "at_2021_last_3y": 16.57,
            "at_2022_last_3y": 24.98,
            "at_2023_last_3y": 14.87,
            "at_2024_last_3y": 14.87,
            "at_2006_last_all": null,
            "at_2007_last_all": null,
            "at_2008_last_all": null,
            "at_2009_last_all": null,
            "at_2010_last_all": 100,
            "at_2011_last_all": 45.65,
            "at_2012_last_all": 44.15,
            "at_2013_last_all": 48.9,
            "at_2014_last_all": 30.85,
            "at_2015_last_all": 32.02,
            "at_2016_last_all": 26.99,
            "at_2017_last_all": 23.08,
            "at_2018_last_all": 17.65,
            "at_2019_last_all": 15.84,
            "at_2020_last_all": 16.56,
            "at_2021_last_all": 20.91,
            "at_2022_last_all": 19.9,
            "at_2023_last_all": 15.56,
            "at_2024_last_all": 15.56
        },
        "latest_eps": 20.15,
        "latest_price": 999,
        "latest_roe": 17.15,
        "latest_gross_margin": 38.85,
        "latest_equity": 3537569,
        "latest_revenue": 830362,
        "latest_gross_profit": 322595,
        "latest_net_income": 158654,
        "latest_debt_ratio": 51.34,
        "latest_current_ratio": 177,
        "latest_account_receivable_turnover_ratio": 1.79,
        "latest_inventory_turnover_ratio": 0.29,
        "latest_reinvestment_rate": 28.89,
        "latest_research_to_sale_ratio": 5.76
    },
    "eps_dividends": {
        "2001": {
            "cash": 0,
            "stock": 0,
            "eps": 0
        },
        "2002": {
            "cash": 0,
            "stock": 0,
            "eps": 0
        },
        "2003": {
            "cash": 0,
            "stock": 0,
            "eps": 0
        },
        "2004": {
            "cash": 0,
            "stock": 0,
            "eps": 0
        },
        "2005": {
            "cash": 0,
            "stock": 0,
            "eps": 0
        },
        "2006": {
            "cash": 0,
            "stock": 0,
            "eps": 0
        },
        "2007": {
            "cash": 0,
            "stock": 0,
            "eps": 0
        },
        "2008": {
            "cash": 0,
            "stock": 0,
            "eps": -0.06
        },
        "2009": {
            "cash": 2.5,
            "stock": 0,
            "eps": 0.2
        },
        "2010": {
            "cash": 2.5,
            "stock": 0,
            "eps": 9.66
        },
        "2011": {
            "cash": 8.5,
            "stock": 0,
            "eps": 8.82
        },
        "2012": {
            "cash": 7,
            "stock": 0,
            "eps": 12.45
        },
        "2013": {
            "cash": 10,
            "stock": 0,
            "eps": 20.31
        },
        "2014": {
            "cash": 12,
            "stock": 0,
            "eps": 11.91
        },
        "2015": {
            "cash": 7.5,
            "stock": 0,
            "eps": 16.42
        },
        "2016": {
            "cash": 12,
            "stock": 0,
            "eps": 15.9
        },
        "2017": {
            "cash": 10,
            "stock": 0,
            "eps": 15.22
        },
        "2018": {
            "cash": 10,
            "stock": 0,
            "eps": 11.29
        },
        "2019": {
            "cash": 8,
            "stock": 0,
            "eps": 11.24
        },
        "2020": {
            "cash": 8,
            "stock": 0,
            "eps": 13.91
        },
        "2021": {
            "cash": 11,
            "stock": 0,
            "eps": 23.48
        },
        "2022": {
            "cash": 17,
            "stock": 0,
            "eps": 25.31
        },
        "2023": {
            "cash": 18,
            "stock": 0,
            "eps": 14.97
        }
    },
    "dividends": {
        "2009-04-24": {
            "cash": 2.5,
            "stock": 0
        },
        "2010-03-22": {
            "cash": 2.5,
            "stock": 0
        },
        "2011-04-27": {
            "cash": 8.5,
            "stock": 0
        },
        "2012-03-26": {
            "cash": 7,
            "stock": 0
        },
        "2013-06-13": {
            "cash": 10,
            "stock": 0
        },
        "2014-06-19": {
            "cash": 12,
            "stock": 0
        },
        "2015-08-20": {
            "cash": 7.5,
            "stock": 0
        },
        "2016-08-19": {
            "cash": 12,
            "stock": 0
        },
        "2017-08-25": {
            "cash": 10,
            "stock": 0
        },
        "2018-08-24": {
            "cash": 10,
            "stock": 0
        },
        "2019-08-20": {
            "cash": 8,
            "stock": 0
        },
        "2020-08-20": {
            "cash": 8,
            "stock": 0
        },
        "2021-08-25": {
            "cash": 11,
            "stock": 0
        },
        "2022-08-25": {
            "cash": 17,
            "stock": 0
        },
        "2023-08-25": {
            "cash": 18,
            "stock": 0
        }
    },
    "prices": {
        "200101": "無",
        "200102": "無",
        "200103": "無",
        "200104": "無",
        "200105": "無",
        "200106": "無",
        "200107": "無",
        "200108": "無",
        "200109": "無",
        "200110": "無",
        "200111": "無",
        "200112": "無",
        "200201": "無",
        "200202": "無",
        "200203": "無",
        "200204": "無",
        "200205": "無",
        "200206": "無",
        "200207": "無",
        "200208": "無",
        "200209": "無",
        "200210": "無",
        "200211": "無",
        "200212": "無",
        "200301": "無",
        "200302": "無",
        "200303": "無",
        "200304": "無",
        "200305": "無",
        "200306": "無",
        "200307": "無",
        "200308": "無",
        "200309": "無",
        "200310": "無",
        "200311": "無",
        "200312": "無",
        "200401": "無",
        "200402": "無",
        "200403": "無",
        "200404": "無",
        "200405": "無",
        "200406": "無",
        "200407": "無",
        "200408": "無",
        "200409": "無",
        "200410": "無",
        "200411": "無",
        "200412": "無",
        "200501": "無",
        "200502": "無",
        "200503": "無",
        "200504": "無",
        "200505": "無",
        "200506": "無",
        "200507": "無",
        "200508": "無",
        "200509": "無",
        "200510": "無",
        "200511": "無",
        "200512": "無",
        "200601": "無",
        "200602": "無",
        "200603": "無",
        "200604": "無",
        "200605": "無",
        "200606": "無",
        "200607": "無",
        "200608": "無",
        "200609": "無",
        "200610": "無",
        "200611": "無",
        "200612": "無",
        "200701": "無",
        "200702": "無",
        "200703": "無",
        "200704": "無",
        "200705": "無",
        "200706": "無",
        "200707": "無",
        "200708": "無",
        "200709": "無",
        "200710": "無",
        "200711": "無",
        "200712": "無",
        "200801": "無",
        "200802": "無",
        "200803": "無",
        "200804": "無",
        "200805": "無",
        "200806": "無",
        "200807": "無",
        "200808": "無",
        "200809": "無",
        "200810": "無",
        "200811": "無",
        "200812": "無",
        "200901": "無",
        "200902": "無",
        "200903": "無",
        "200904": "無",
        "200905": "22.45",
        "200906": "21.48",
        "200907": "20.03",
        "200908": "20.08",
        "200909": "30.82",
        "200910": "29.26",
        "200911": "29.29",
        "200912": "36.41",
        "201001": "44.09",
        "201002": "41.10",
        "201003": "43.47",
        "201004": "42.51",
        "201005": "37.22",
        "201006": "37.55",
        "201007": "40.36",
        "201008": "49.24",
        "201009": "55.15",
        "201010": "59.09",
        "201011": "69.92",
        "201012": "83.74",
        "201101": "100.74",
        "201102": "93.05",
        "201103": "100.47",
        "201104": "102.54",
        "201105": "99.74",
        "201106": "97.92",
        "201107": "81.87",
        "201108": "59.23",
        "201109": "55.33",
        "201110": "55.74",
        "201111": "64.70",
        "201112": "61.71",
        "201201": "63.12",
        "201202": "75.00",
        "201203": "81.83",
        "201204": "78.61",
        "201205": "74.78",
        "201206": "74.53",
        "201207": "73.85",
        "201208": "75.27",
        "201209": "75.24",
        "201210": "78.57",
        "201211": "103.21",
        "201212": "161.02",
        "201301": "176.41",
        "201302": "206.77",
        "201303": "288.79",
        "201304": "270.40",
        "201305": "248.84",
        "201306": "237.39",
        "201307": "244.13",
        "201308": "226.52",
        "201309": "197.25",
        "201310": "217.59",
        "201311": "224.24",
        "201312": "225.00",
        "201401": "214.00",
        "201402": "216.44",
        "201403": "246.71",
        "201404": "215.57",
        "201405": "189.02",
        "201406": "177.20",
        "201407": "153.25",
        "201408": "144.36",
        "201409": "160.26",
        "201410": "136.77",
        "201411": "130.15",
        "201412": "154.10",
        "201501": "160.98",
        "201502": "149.04",
        "201503": "151.77",
        "201504": "150.08",
        "201505": "151.78",
        "201506": "164.24",
        "201507": "185.34",
        "201508": "158.95",
        "201509": "178.68",
        "201510": "182.05",
        "201511": "173.95",
        "201512": "230.78",
        "201601": "213.55",
        "201602": "235.08",
        "201603": "251.85",
        "201604": "238.11",
        "201605": "215.64",
        "201606": "217.33",
        "201607": "214.90",
        "201608": "190.04",
        "201609": "185.39",
        "201610": "201.22",
        "201611": "185.39",
        "201612": "185.73",
        "201701": "173.28",
        "201702": "170.28",
        "201703": "178.85",
        "201704": "174.72",
        "201705": "176.92",
        "201706": "201.48",
        "201707": "198.14",
        "201708": "212.67",
        "201709": "200.25",
        "201710": "192.89",
        "201711": "192.45",
        "201712": "179.86",
        "201801": "178.48",
        "201802": "170.77",
        "201803": "172.93",
        "201804": "164.08",
        "201805": "150.36",
        "201806": "148.05",
        "201807": "140.80",
        "201808": "128.04",
        "201809": "118.29",
        "201810": "105.70",
        "201811": "104.67",
        "201812": "108.43",
        "201901": "107.12",
        "201902": "115.88",
        "201903": "118.68",
        "201904": "132.28",
        "201905": "131.77",
        "201906": "128.26",
        "201907": "134.43",
        "201908": "132.55",
        "201909": "150.71",
        "201910": "162.14",
        "201911": "210.21",
        "201912": "257.75",
        "202001": "277.63",
        "202002": "280.61",
        "202003": "198.68",
        "202004": "209.58",
        "202005": "229.22",
        "202006": "231.65",
        "202007": "354.52",
        "202008": "350.12",
        "202009": "365.57",
        "202010": "374.18",
        "202011": "361.98",
        "202012": "399.87",
        "202101": "406.90",
        "202102": "375.62",
        "202103": "348.32",
        "202104": "356.03",
        "202105": "310.55",
        "202106": "387.07",
        "202107": "415.39",
        "202108": "404.86",
        "202109": "375.22",
        "202110": "334.28",
        "202111": "380.00",
        "202112": "361.55",
        "202201": "351.47",
        "202202": "334.10",
        "202203": "315.39",
        "202204": "307.00",
        "202205": "290.93",
        "202206": "273.19",
        "202207": "226.88",
        "202208": "241.74",
        "202209": "255.81",
        "202210": "191.75",
        "202211": "215.25",
        "202212": "231.68",
        "202301": "232.54",
        "202302": "249.69",
        "202303": "290.30",
        "202304": "321.26",
        "202305": "386.02",
        "202306": "533.32",
        "202307": "595.76",
        "202308": "543.55",
        "202309": "503.05",
        "202310": "475.42",
        "202311": "492.45",
        "202312": "554.00"
    },
    "quarters": {
        "20011": {
            "year_quarter": 20011,
            "year": 2001,
            "quarter": 1,
            "eps": null,
            "eps_growth_year": null,
            "eps_4q": null,
            "eps_4q_growth_year": null,
            "roe": null,
            "roe_4q": 0,
            "gross_profit": null,
            "gross_margin": null,
            "gross_margin_4q_avg": 0,
            "net_income": null,
            "net_income_4q": null,
            "revenue": null,
            "revenue_4q": null,
            "common_shares": null,
            "book_valuer_per_share": null,
            "book_valuer_per_share_4q_avg": 0,
            "equity": null,
            "current_ratio": null,
            "debt_ratio": null,
            "inventory_turnover_ratio": null,
            "account_receivable_turnover_ratio": null,
            "reinvestment_rate": null,
            "research_to_sale_ratio": null,
            "price_fair": 0,
            "eps_avg_yearly": 0,
            "eps_latest_yearly": 0,
            "eps_growth_yearly": 0
        },
        "20012": {
            "year_quarter": 20012,
            "year": 2001,
            "quarter": 2,
            "eps": null,
            "eps_growth_year": null,
            "eps_4q": null,
            "eps_4q_growth_year": null,
            "roe": null,
            "roe_4q": 0,
            "gross_profit": null,
            "gross_margin": null,
            "gross_margin_4q_avg": 0,
            "net_income": null,
            "net_income_4q": null,
            "revenue": null,
            "revenue_4q": null,
            "common_shares": null,
            "book_valuer_per_share": null,
            "book_valuer_per_share_4q_avg": 0,
            "equity": null,
            "current_ratio": null,
            "debt_ratio": null,
            "inventory_turnover_ratio": null,
            "account_receivable_turnover_ratio": null,
            "reinvestment_rate": null,
            "research_to_sale_ratio": null,
            "price_fair": 0,
            "eps_avg_yearly": 0,
            "eps_latest_yearly": 0,
            "eps_growth_yearly": 0
        },
        "20013": {
            "year_quarter": 20013,
            "year": 2001,
            "quarter": 3,
            "eps": null,
            "eps_growth_year": null,
            "eps_4q": null,
            "eps_4q_growth_year": null,
            "roe": null,
            "roe_4q": 0,
            "gross_profit": null,
            "gross_margin": null,
            "gross_margin_4q_avg": 0,
            "net_income": null,
            "net_income_4q": null,
            "revenue": null,
            "revenue_4q": null,
            "common_shares": null,
            "book_valuer_per_share": null,
            "book_valuer_per_share_4q_avg": 0,
            "equity": null,
            "current_ratio": null,
            "debt_ratio": null,
            "inventory_turnover_ratio": null,
            "account_receivable_turnover_ratio": null,
            "reinvestment_rate": null,
            "research_to_sale_ratio": null,
            "price_fair": 0,
            "eps_avg_yearly": 0,
            "eps_latest_yearly": 0,
            "eps_growth_yearly": 0
        },
        "20014": {
            "year_quarter": 20014,
            "year": 2001,
            "quarter": 4,
            "eps": null,
            "eps_growth_year": null,
            "eps_4q": null,
            "eps_4q_growth_year": null,
            "roe": null,
            "roe_4q": 0,
            "gross_profit": null,
            "gross_margin": null,
            "gross_margin_4q_avg": 0,
            "net_income": null,
            "net_income_4q": null,
            "revenue": null,
            "revenue_4q": null,
            "common_shares": 200000,
            "book_valuer_per_share": 12.36,
            "book_valuer_per_share_4q_avg": 3.09,
            "equity": 247218,
            "current_ratio": 178.29,
            "debt_ratio": 30.5,
            "inventory_turnover_ratio": null,
            "account_receivable_turnover_ratio": null,
            "reinvestment_rate": null,
            "research_to_sale_ratio": null,
            "price_fair": 0,
            "eps_avg_yearly": 0,
            "eps_latest_yearly": 0,
            "eps_growth_yearly": 0
        },
        "20021": {
            "year_quarter": 20021,
            "year": 2002,
            "quarter": 1,
            "eps": null,
            "eps_growth_year": null,
            "eps_4q": null,
            "eps_4q_growth_year": null,
            "roe": null,
            "roe_4q": 0,
            "gross_profit": null,
            "gross_margin": null,
            "gross_margin_4q_avg": 0,
            "net_income": null,
            "net_income_4q": null,
            "revenue": null,
            "revenue_4q": null,
            "common_shares": null,
            "book_valuer_per_share": null,
            "book_valuer_per_share_4q_avg": 3.09,
            "equity": null,
            "current_ratio": null,
            "debt_ratio": null,
            "inventory_turnover_ratio": null,
            "account_receivable_turnover_ratio": null,
            "reinvestment_rate": null,
            "research_to_sale_ratio": null,
            "price_fair": 0,
            "eps_avg_yearly": 0,
            "eps_latest_yearly": 0,
            "eps_growth_yearly": 0
        },
        "20022": {
            "year_quarter": 20022,
            "year": 2002,
            "quarter": 2,
            "eps": null,
            "eps_growth_year": null,
            "eps_4q": null,
            "eps_4q_growth_year": null,
            "roe": null,
            "roe_4q": 0,
            "gross_profit": null,
            "gross_margin": null,
            "gross_margin_4q_avg": 0,
            "net_income": null,
            "net_income_4q": null,
            "revenue": null,
            "revenue_4q": null,
            "common_shares": null,
            "book_valuer_per_share": null,
            "book_valuer_per_share_4q_avg": 3.09,
            "equity": null,
            "current_ratio": null,
            "debt_ratio": null,
            "inventory_turnover_ratio": null,
            "account_receivable_turnover_ratio": null,
            "reinvestment_rate": null,
            "research_to_sale_ratio": null,
            "price_fair": 0,
            "eps_avg_yearly": 0,
            "eps_latest_yearly": 0,
            "eps_growth_yearly": 0
        },
        "20023": {
            "year_quarter": 20023,
            "year": 2002,
            "quarter": 3,
            "eps": null,
            "eps_growth_year": null,
            "eps_4q": null,
            "eps_4q_growth_year": null,
            "roe": null,
            "roe_4q": 0,
            "gross_profit": null,
            "gross_margin": null,
            "gross_margin_4q_avg": 0,
            "net_income": null,
            "net_income_4q": null,
            "revenue": null,
            "revenue_4q": null,
            "common_shares": null,
            "book_valuer_per_share": null,
            "book_valuer_per_share_4q_avg": 3.09,
            "equity": null,
            "current_ratio": null,
            "debt_ratio": null,
            "inventory_turnover_ratio": null,
            "account_receivable_turnover_ratio": null,
            "reinvestment_rate": null,
            "research_to_sale_ratio": null,
            "price_fair": 0,
            "eps_avg_yearly": 0,
            "eps_latest_yearly": 0,
            "eps_growth_yearly": 0
        },
        "20024": {
            "year_quarter": 20024,
            "year": 2002,
            "quarter": 4,
            "eps": null,
            "eps_growth_year": null,
            "eps_4q": null,
            "eps_4q_growth_year": null,
            "roe": null,
            "roe_4q": 0,
            "gross_profit": null,
            "gross_margin": null,
            "gross_margin_4q_avg": 0,
            "net_income": null,
            "net_income_4q": null,
            "revenue": null,
            "revenue_4q": null,
            "common_shares": 200000,
            "book_valuer_per_share": 8.96,
            "book_valuer_per_share_4q_avg": 2.24,
            "equity": 179291,
            "current_ratio": 105.52,
            "debt_ratio": 53.84,
            "inventory_turnover_ratio": null,
            "account_receivable_turnover_ratio": null,
            "reinvestment_rate": null,
            "research_to_sale_ratio": null,
            "price_fair": 0,
            "eps_avg_yearly": 0,
            "eps_latest_yearly": 0,
            "eps_growth_yearly": 0
        },
        "20031": {
            "year_quarter": 20031,
            "year": 2003,
            "quarter": 1,
            "eps": null,
            "eps_growth_year": null,
            "eps_4q": null,
            "eps_4q_growth_year": null,
            "roe": null,
            "roe_4q": 0,
            "gross_profit": null,
            "gross_margin": null,
            "gross_margin_4q_avg": 0,
            "net_income": null,
            "net_income_4q": null,
            "revenue": null,
            "revenue_4q": null,
            "common_shares": null,
            "book_valuer_per_share": null,
            "book_valuer_per_share_4q_avg": 2.24,
            "equity": null,
            "current_ratio": null,
            "debt_ratio": null,
            "inventory_turnover_ratio": null,
            "account_receivable_turnover_ratio": null,
            "reinvestment_rate": null,
            "research_to_sale_ratio": null,
            "price_fair": 0,
            "eps_avg_yearly": 0,
            "eps_latest_yearly": 0,
            "eps_growth_yearly": 0
        },
        "20032": {
            "year_quarter": 20032,
            "year": 2003,
            "quarter": 2,
            "eps": null,
            "eps_growth_year": null,
            "eps_4q": null,
            "eps_4q_growth_year": null,
            "roe": null,
            "roe_4q": 0,
            "gross_profit": null,
            "gross_margin": null,
            "gross_margin_4q_avg": 0,
            "net_income": null,
            "net_income_4q": null,
            "revenue": null,
            "revenue_4q": null,
            "common_shares": null,
            "book_valuer_per_share": null,
            "book_valuer_per_share_4q_avg": 2.24,
            "equity": null,
            "current_ratio": null,
            "debt_ratio": null,
            "inventory_turnover_ratio": null,
            "account_receivable_turnover_ratio": null,
            "reinvestment_rate": null,
            "research_to_sale_ratio": null,
            "price_fair": 0,
            "eps_avg_yearly": 0,
            "eps_latest_yearly": 0,
            "eps_growth_yearly": 0
        },
        "20033": {
            "year_quarter": 20033,
            "year": 2003,
            "quarter": 3,
            "eps": null,
            "eps_growth_year": null,
            "eps_4q": null,
            "eps_4q_growth_year": null,
            "roe": null,
            "roe_4q": 0,
            "gross_profit": null,
            "gross_margin": null,
            "gross_margin_4q_avg": 0,
            "net_income": null,
            "net_income_4q": null,
            "revenue": null,
            "revenue_4q": null,
            "common_shares": null,
            "book_valuer_per_share": null,
            "book_valuer_per_share_4q_avg": 2.24,
            "equity": null,
            "current_ratio": null,
            "debt_ratio": null,
            "inventory_turnover_ratio": null,
            "account_receivable_turnover_ratio": null,
            "reinvestment_rate": null,
            "research_to_sale_ratio": null,
            "price_fair": 0,
            "eps_avg_yearly": 0,
            "eps_latest_yearly": 0,
            "eps_growth_yearly": 0
        },
        "20034": {
            "year_quarter": 20034,
            "year": 2003,
            "quarter": 4,
            "eps": null,
            "eps_growth_year": null,
            "eps_4q": null,
            "eps_4q_growth_year": null,
            "roe": null,
            "roe_4q": 0,
            "gross_profit": null,
            "gross_margin": null,
            "gross_margin_4q_avg": 0,
            "net_income": null,
            "net_income_4q": null,
            "revenue": null,
            "revenue_4q": null,
            "common_shares": 290000,
            "book_valuer_per_share": 8.36,
            "book_valuer_per_share_4q_avg": 2.09,
            "equity": 242485,
            "current_ratio": 187.18,
            "debt_ratio": 36.14,
            "inventory_turnover_ratio": null,
            "account_receivable_turnover_ratio": null,
            "reinvestment_rate": null,
            "research_to_sale_ratio": null,
            "price_fair": 0,
            "eps_avg_yearly": 0,
            "eps_latest_yearly": 0,
            "eps_growth_yearly": 0
        },
        "20041": {
            "year_quarter": 20041,
            "year": 2004,
            "quarter": 1,
            "eps": null,
            "eps_growth_year": null,
            "eps_4q": null,
            "eps_4q_growth_year": null,
            "roe": null,
            "roe_4q": 0,
            "gross_profit": null,
            "gross_margin": null,
            "gross_margin_4q_avg": 0,
            "net_income": null,
            "net_income_4q": null,
            "revenue": null,
            "revenue_4q": null,
            "common_shares": null,
            "book_valuer_per_share": null,
            "book_valuer_per_share_4q_avg": 2.09,
            "equity": null,
            "current_ratio": null,
            "debt_ratio": null,
            "inventory_turnover_ratio": null,
            "account_receivable_turnover_ratio": null,
            "reinvestment_rate": null,
            "research_to_sale_ratio": null,
            "price_fair": 0,
            "eps_avg_yearly": 0,
            "eps_latest_yearly": 0,
            "eps_growth_yearly": 0
        },
        "20042": {
            "year_quarter": 20042,
            "year": 2004,
            "quarter": 2,
            "eps": null,
            "eps_growth_year": null,
            "eps_4q": null,
            "eps_4q_growth_year": null,
            "roe": null,
            "roe_4q": 0,
            "gross_profit": null,
            "gross_margin": null,
            "gross_margin_4q_avg": 0,
            "net_income": null,
            "net_income_4q": null,
            "revenue": null,
            "revenue_4q": null,
            "common_shares": null,
            "book_valuer_per_share": null,
            "book_valuer_per_share_4q_avg": 2.09,
            "equity": null,
            "current_ratio": null,
            "debt_ratio": null,
            "inventory_turnover_ratio": null,
            "account_receivable_turnover_ratio": null,
            "reinvestment_rate": null,
            "research_to_sale_ratio": null,
            "price_fair": 0,
            "eps_avg_yearly": 0,
            "eps_latest_yearly": 0,
            "eps_growth_yearly": 0
        },
        "20043": {
            "year_quarter": 20043,
            "year": 2004,
            "quarter": 3,
            "eps": null,
            "eps_growth_year": null,
            "eps_4q": null,
            "eps_4q_growth_year": null,
            "roe": null,
            "roe_4q": 0,
            "gross_profit": null,
            "gross_margin": null,
            "gross_margin_4q_avg": 0,
            "net_income": null,
            "net_income_4q": null,
            "revenue": null,
            "revenue_4q": null,
            "common_shares": null,
            "book_valuer_per_share": null,
            "book_valuer_per_share_4q_avg": 2.09,
            "equity": null,
            "current_ratio": null,
            "debt_ratio": null,
            "inventory_turnover_ratio": null,
            "account_receivable_turnover_ratio": null,
            "reinvestment_rate": null,
            "research_to_sale_ratio": null,
            "price_fair": 0,
            "eps_avg_yearly": 0,
            "eps_latest_yearly": 0,
            "eps_growth_yearly": 0
        },
        "20044": {
            "year_quarter": 20044,
            "year": 2004,
            "quarter": 4,
            "eps": null,
            "eps_growth_year": null,
            "eps_4q": null,
            "eps_4q_growth_year": null,
            "roe": null,
            "roe_4q": 0,
            "gross_profit": null,
            "gross_margin": null,
            "gross_margin_4q_avg": 0,
            "net_income": null,
            "net_income_4q": null,
            "revenue": null,
            "revenue_4q": null,
            "common_shares": 290000,
            "book_valuer_per_share": 6.68,
            "book_valuer_per_share_4q_avg": 1.67,
            "equity": 193652,
            "current_ratio": 159.1,
            "debt_ratio": 42.9,
            "inventory_turnover_ratio": null,
            "account_receivable_turnover_ratio": null,
            "reinvestment_rate": null,
            "research_to_sale_ratio": null,
            "price_fair": 0,
            "eps_avg_yearly": 0,
            "eps_latest_yearly": 0,
            "eps_growth_yearly": 0
        },
        "20051": {
            "year_quarter": 20051,
            "year": 2005,
            "quarter": 1,
            "eps": null,
            "eps_growth_year": null,
            "eps_4q": null,
            "eps_4q_growth_year": null,
            "roe": null,
            "roe_4q": 0,
            "gross_profit": null,
            "gross_margin": null,
            "gross_margin_4q_avg": 0,
            "net_income": null,
            "net_income_4q": null,
            "revenue": null,
            "revenue_4q": null,
            "common_shares": null,
            "book_valuer_per_share": null,
            "book_valuer_per_share_4q_avg": 1.67,
            "equity": null,
            "current_ratio": null,
            "debt_ratio": null,
            "inventory_turnover_ratio": null,
            "account_receivable_turnover_ratio": null,
            "reinvestment_rate": null,
            "research_to_sale_ratio": null,
            "price_fair": 0,
            "eps_avg_yearly": 0,
            "eps_latest_yearly": 0,
            "eps_growth_yearly": 0
        },
        "20052": {
            "year_quarter": 20052,
            "year": 2005,
            "quarter": 2,
            "eps": null,
            "eps_growth_year": null,
            "eps_4q": null,
            "eps_4q_growth_year": null,
            "roe": null,
            "roe_4q": 0,
            "gross_profit": null,
            "gross_margin": null,
            "gross_margin_4q_avg": 0,
            "net_income": null,
            "net_income_4q": null,
            "revenue": null,
            "revenue_4q": null,
            "common_shares": null,
            "book_valuer_per_share": null,
            "book_valuer_per_share_4q_avg": 1.67,
            "equity": null,
            "current_ratio": null,
            "debt_ratio": null,
            "inventory_turnover_ratio": null,
            "account_receivable_turnover_ratio": null,
            "reinvestment_rate": null,
            "research_to_sale_ratio": null,
            "price_fair": 0,
            "eps_avg_yearly": 0,
            "eps_latest_yearly": 0,
            "eps_growth_yearly": 0
        },
        "20053": {
            "year_quarter": 20053,
            "year": 2005,
            "quarter": 3,
            "eps": null,
            "eps_growth_year": null,
            "eps_4q": null,
            "eps_4q_growth_year": null,
            "roe": null,
            "roe_4q": 0,
            "gross_profit": null,
            "gross_margin": null,
            "gross_margin_4q_avg": 0,
            "net_income": null,
            "net_income_4q": null,
            "revenue": null,
            "revenue_4q": null,
            "common_shares": null,
            "book_valuer_per_share": null,
            "book_valuer_per_share_4q_avg": 1.67,
            "equity": null,
            "current_ratio": null,
            "debt_ratio": null,
            "inventory_turnover_ratio": null,
            "account_receivable_turnover_ratio": null,
            "reinvestment_rate": null,
            "research_to_sale_ratio": null,
            "price_fair": 0,
            "eps_avg_yearly": 0,
            "eps_latest_yearly": 0,
            "eps_growth_yearly": 0
        },
        "20054": {
            "year_quarter": 20054,
            "year": 2005,
            "quarter": 4,
            "eps": null,
            "eps_growth_year": null,
            "eps_4q": null,
            "eps_4q_growth_year": null,
            "roe": null,
            "roe_4q": 0,
            "gross_profit": null,
            "gross_margin": null,
            "gross_margin_4q_avg": 0,
            "net_income": null,
            "net_income_4q": null,
            "revenue": null,
            "revenue_4q": null,
            "common_shares": 290000,
            "book_valuer_per_share": 4.53,
            "book_valuer_per_share_4q_avg": 1.13,
            "equity": 131473,
            "current_ratio": 188.64,
            "debt_ratio": 46.61,
            "inventory_turnover_ratio": null,
            "account_receivable_turnover_ratio": null,
            "reinvestment_rate": null,
            "research_to_sale_ratio": null,
            "price_fair": 0,
            "eps_avg_yearly": 0,
            "eps_latest_yearly": 0,
            "eps_growth_yearly": 0
        },
        "20061": {
            "year_quarter": 20061,
            "year": 2006,
            "quarter": 1,
            "eps": null,
            "eps_growth_year": null,
            "eps_4q": null,
            "eps_4q_growth_year": null,
            "roe": null,
            "roe_4q": 0,
            "gross_profit": null,
            "gross_margin": null,
            "gross_margin_4q_avg": 0,
            "net_income": null,
            "net_income_4q": null,
            "revenue": null,
            "revenue_4q": null,
            "common_shares": null,
            "book_valuer_per_share": null,
            "book_valuer_per_share_4q_avg": 1.13,
            "equity": null,
            "current_ratio": null,
            "debt_ratio": null,
            "inventory_turnover_ratio": null,
            "account_receivable_turnover_ratio": null,
            "reinvestment_rate": null,
            "research_to_sale_ratio": null,
            "price_fair": 0,
            "eps_avg_yearly": 0,
            "eps_latest_yearly": 0,
            "eps_growth_yearly": 0
        },
        "20062": {
            "year_quarter": 20062,
            "year": 2006,
            "quarter": 2,
            "eps": null,
            "eps_growth_year": null,
            "eps_4q": null,
            "eps_4q_growth_year": null,
            "roe": null,
            "roe_4q": 0,
            "gross_profit": null,
            "gross_margin": null,
            "gross_margin_4q_avg": 0,
            "net_income": null,
            "net_income_4q": null,
            "revenue": null,
            "revenue_4q": null,
            "common_shares": null,
            "book_valuer_per_share": null,
            "book_valuer_per_share_4q_avg": 1.13,
            "equity": null,
            "current_ratio": null,
            "debt_ratio": null,
            "inventory_turnover_ratio": null,
            "account_receivable_turnover_ratio": null,
            "reinvestment_rate": null,
            "research_to_sale_ratio": null,
            "price_fair": 0,
            "eps_avg_yearly": 0,
            "eps_latest_yearly": 0,
            "eps_growth_yearly": 0
        },
        "20063": {
            "year_quarter": 20063,
            "year": 2006,
            "quarter": 3,
            "eps": null,
            "eps_growth_year": null,
            "eps_4q": null,
            "eps_4q_growth_year": null,
            "roe": null,
            "roe_4q": 0,
            "gross_profit": null,
            "gross_margin": null,
            "gross_margin_4q_avg": 0,
            "net_income": null,
            "net_income_4q": null,
            "revenue": null,
            "revenue_4q": null,
            "common_shares": null,
            "book_valuer_per_share": null,
            "book_valuer_per_share_4q_avg": 1.13,
            "equity": null,
            "current_ratio": null,
            "debt_ratio": null,
            "inventory_turnover_ratio": null,
            "account_receivable_turnover_ratio": null,
            "reinvestment_rate": null,
            "research_to_sale_ratio": null,
            "price_fair": 0,
            "eps_avg_yearly": 0,
            "eps_latest_yearly": 0,
            "eps_growth_yearly": 0
        },
        "20064": {
            "year_quarter": 20064,
            "year": 2006,
            "quarter": 4,
            "eps": null,
            "eps_growth_year": null,
            "eps_4q": null,
            "eps_4q_growth_year": null,
            "roe": null,
            "roe_4q": 0,
            "gross_profit": null,
            "gross_margin": null,
            "gross_margin_4q_avg": 0,
            "net_income": null,
            "net_income_4q": null,
            "revenue": null,
            "revenue_4q": null,
            "common_shares": 131473,
            "book_valuer_per_share": 13.74,
            "book_valuer_per_share_4q_avg": 3.44,
            "equity": 180616,
            "current_ratio": 228.36,
            "debt_ratio": 41.2,
            "inventory_turnover_ratio": null,
            "account_receivable_turnover_ratio": null,
            "reinvestment_rate": null,
            "research_to_sale_ratio": null,
            "price_fair": 0,
            "eps_avg_yearly": 0,
            "eps_latest_yearly": 0,
            "eps_growth_yearly": 0
        },
        "20071": {
            "year_quarter": 20071,
            "year": 2007,
            "quarter": 1,
            "eps": null,
            "eps_growth_year": null,
            "eps_4q": null,
            "eps_4q_growth_year": null,
            "roe": null,
            "roe_4q": 0,
            "gross_profit": null,
            "gross_margin": null,
            "gross_margin_4q_avg": 0,
            "net_income": null,
            "net_income_4q": null,
            "revenue": null,
            "revenue_4q": null,
            "common_shares": null,
            "book_valuer_per_share": null,
            "book_valuer_per_share_4q_avg": 3.44,
            "equity": null,
            "current_ratio": null,
            "debt_ratio": null,
            "inventory_turnover_ratio": null,
            "account_receivable_turnover_ratio": null,
            "reinvestment_rate": null,
            "research_to_sale_ratio": null,
            "price_fair": 0,
            "eps_avg_yearly": 0,
            "eps_latest_yearly": 0,
            "eps_growth_yearly": 0
        },
        "20072": {
            "year_quarter": 20072,
            "year": 2007,
            "quarter": 2,
            "eps": null,
            "eps_growth_year": null,
            "eps_4q": null,
            "eps_4q_growth_year": null,
            "roe": null,
            "roe_4q": 0,
            "gross_profit": null,
            "gross_margin": null,
            "gross_margin_4q_avg": 0,
            "net_income": null,
            "net_income_4q": null,
            "revenue": null,
            "revenue_4q": null,
            "common_shares": null,
            "book_valuer_per_share": null,
            "book_valuer_per_share_4q_avg": 3.44,
            "equity": null,
            "current_ratio": null,
            "debt_ratio": null,
            "inventory_turnover_ratio": null,
            "account_receivable_turnover_ratio": null,
            "reinvestment_rate": null,
            "research_to_sale_ratio": null,
            "price_fair": 0,
            "eps_avg_yearly": 0,
            "eps_latest_yearly": 0,
            "eps_growth_yearly": 0
        },
        "20073": {
            "year_quarter": 20073,
            "year": 2007,
            "quarter": 3,
            "eps": null,
            "eps_growth_year": null,
            "eps_4q": null,
            "eps_4q_growth_year": null,
            "roe": null,
            "roe_4q": 0,
            "gross_profit": null,
            "gross_margin": null,
            "gross_margin_4q_avg": 0,
            "net_income": null,
            "net_income_4q": null,
            "revenue": null,
            "revenue_4q": null,
            "common_shares": null,
            "book_valuer_per_share": null,
            "book_valuer_per_share_4q_avg": 3.44,
            "equity": null,
            "current_ratio": null,
            "debt_ratio": null,
            "inventory_turnover_ratio": null,
            "account_receivable_turnover_ratio": null,
            "reinvestment_rate": null,
            "research_to_sale_ratio": null,
            "price_fair": 0,
            "eps_avg_yearly": 0,
            "eps_latest_yearly": 0,
            "eps_growth_yearly": 0
        },
        "20074": {
            "year_quarter": 20074,
            "year": 2007,
            "quarter": 4,
            "eps": null,
            "eps_growth_year": null,
            "eps_4q": null,
            "eps_4q_growth_year": null,
            "roe": null,
            "roe_4q": 0,
            "gross_profit": null,
            "gross_margin": null,
            "gross_margin_4q_avg": 0,
            "net_income": null,
            "net_income_4q": null,
            "revenue": null,
            "revenue_4q": null,
            "common_shares": 160000,
            "book_valuer_per_share": 12.63,
            "book_valuer_per_share_4q_avg": 3.16,
            "equity": 202022,
            "current_ratio": 232.31,
            "debt_ratio": 42.08,
            "inventory_turnover_ratio": null,
            "account_receivable_turnover_ratio": null,
            "reinvestment_rate": null,
            "research_to_sale_ratio": null,
            "price_fair": 0,
            "eps_avg_yearly": 0,
            "eps_latest_yearly": 0,
            "eps_growth_yearly": 0
        },
        "20081": {
            "year_quarter": 20081,
            "year": 2008,
            "quarter": 1,
            "eps": null,
            "eps_growth_year": null,
            "eps_4q": null,
            "eps_4q_growth_year": null,
            "roe": null,
            "roe_4q": 0,
            "gross_profit": null,
            "gross_margin": null,
            "gross_margin_4q_avg": 0,
            "net_income": null,
            "net_income_4q": null,
            "revenue": null,
            "revenue_4q": null,
            "common_shares": null,
            "book_valuer_per_share": null,
            "book_valuer_per_share_4q_avg": 3.16,
            "equity": null,
            "current_ratio": null,
            "debt_ratio": null,
            "inventory_turnover_ratio": null,
            "account_receivable_turnover_ratio": null,
            "reinvestment_rate": null,
            "research_to_sale_ratio": null,
            "price_fair": 0,
            "eps_avg_yearly": 0,
            "eps_latest_yearly": 0,
            "eps_growth_yearly": 0
        },
        "20082": {
            "year_quarter": 20082,
            "year": 2008,
            "quarter": 2,
            "eps": null,
            "eps_growth_year": null,
            "eps_4q": null,
            "eps_4q_growth_year": null,
            "roe": null,
            "roe_4q": 0,
            "gross_profit": null,
            "gross_margin": null,
            "gross_margin_4q_avg": 0,
            "net_income": null,
            "net_income_4q": null,
            "revenue": null,
            "revenue_4q": null,
            "common_shares": null,
            "book_valuer_per_share": null,
            "book_valuer_per_share_4q_avg": 3.16,
            "equity": null,
            "current_ratio": null,
            "debt_ratio": null,
            "inventory_turnover_ratio": null,
            "account_receivable_turnover_ratio": null,
            "reinvestment_rate": null,
            "research_to_sale_ratio": null,
            "price_fair": 0,
            "eps_avg_yearly": 0,
            "eps_latest_yearly": 0,
            "eps_growth_yearly": 0
        },
        "20083": {
            "year_quarter": 20083,
            "year": 2008,
            "quarter": 3,
            "eps": 0.24,
            "eps_growth_year": null,
            "eps_4q": null,
            "eps_4q_growth_year": null,
            "roe": 1.73,
            "roe_4q": 1.73,
            "gross_profit": 26195,
            "gross_margin": 41.24,
            "gross_margin_4q_avg": 10.31,
            "net_income": 4857,
            "net_income_4q": null,
            "revenue": 63522,
            "revenue_4q": null,
            "common_shares": 200000,
            "book_valuer_per_share": 14.03,
            "book_valuer_per_share_4q_avg": 6.67,
            "equity": 280556,
            "current_ratio": 285.19,
            "debt_ratio": 32.98,
            "inventory_turnover_ratio": 0.4,
            "account_receivable_turnover_ratio": null,
            "reinvestment_rate": null,
            "research_to_sale_ratio": null,
            "price_fair": 0,
            "eps_avg_yearly": 0,
            "eps_latest_yearly": 0,
            "eps_growth_yearly": 0
        },
        "20084": {
            "year_quarter": 20084,
            "year": 2008,
            "quarter": 4,
            "eps": -0.3,
            "eps_growth_year": null,
            "eps_4q": null,
            "eps_4q_growth_year": null,
            "roe": -2.1,
            "roe_4q": -0.3700000000000001,
            "gross_profit": 29930,
            "gross_margin": 46.99,
            "gross_margin_4q_avg": 22.06,
            "net_income": -5820,
            "net_income_4q": null,
            "revenue": 63688,
            "revenue_4q": null,
            "common_shares": 200000,
            "book_valuer_per_share": 13.68,
            "book_valuer_per_share_4q_avg": 6.93,
            "equity": 273548,
            "current_ratio": 267.91,
            "debt_ratio": 35.2,
            "inventory_turnover_ratio": 0.63,
            "account_receivable_turnover_ratio": 2.02,
            "reinvestment_rate": null,
            "research_to_sale_ratio": null,
            "price_fair": 0,
            "eps_avg_yearly": 0,
            "eps_latest_yearly": 0,
            "eps_growth_yearly": 0
        },
        "20091": {
            "year_quarter": 20091,
            "year": 2009,
            "quarter": 1,
            "eps": null,
            "eps_growth_year": null,
            "eps_4q": null,
            "eps_4q_growth_year": null,
            "roe": null,
            "roe_4q": -0.3700000000000001,
            "gross_profit": null,
            "gross_margin": null,
            "gross_margin_4q_avg": 22.06,
            "net_income": null,
            "net_income_4q": null,
            "revenue": null,
            "revenue_4q": null,
            "common_shares": null,
            "book_valuer_per_share": null,
            "book_valuer_per_share_4q_avg": 6.93,
            "equity": null,
            "current_ratio": null,
            "debt_ratio": null,
            "inventory_turnover_ratio": null,
            "account_receivable_turnover_ratio": null,
            "reinvestment_rate": null,
            "research_to_sale_ratio": null,
            "price_fair": 0,
            "eps_avg_yearly": 0,
            "eps_latest_yearly": 0,
            "eps_growth_yearly": 0
        },
        "20092": {
            "year_quarter": 20092,
            "year": 2009,
            "quarter": 2,
            "eps": null,
            "eps_growth_year": null,
            "eps_4q": null,
            "eps_4q_growth_year": null,
            "roe": null,
            "roe_4q": -0.3700000000000001,
            "gross_profit": null,
            "gross_margin": null,
            "gross_margin_4q_avg": 22.06,
            "net_income": null,
            "net_income_4q": null,
            "revenue": null,
            "revenue_4q": null,
            "common_shares": 200000,
            "book_valuer_per_share": null,
            "book_valuer_per_share_4q_avg": 6.93,
            "equity": 274803,
            "current_ratio": null,
            "debt_ratio": null,
            "inventory_turnover_ratio": null,
            "account_receivable_turnover_ratio": null,
            "reinvestment_rate": null,
            "research_to_sale_ratio": null,
            "price_fair": 0,
            "eps_avg_yearly": 0,
            "eps_latest_yearly": 0,
            "eps_growth_yearly": 0
        },
        "20093": {
            "year_quarter": 20093,
            "year": 2009,
            "quarter": 3,
            "eps": -0.46,
            "eps_growth_year": -291.67,
            "eps_4q": null,
            "eps_4q_growth_year": null,
            "roe": -3.41,
            "roe_4q": -5.51,
            "gross_profit": 5595,
            "gross_margin": 11.4,
            "gross_margin_4q_avg": 14.6,
            "net_income": -9262,
            "net_income_4q": null,
            "revenue": 49095,
            "revenue_4q": null,
            "common_shares": 200000,
            "book_valuer_per_share": 13.43,
            "book_valuer_per_share_4q_avg": 6.78,
            "equity": 268529,
            "current_ratio": 254.83,
            "debt_ratio": 37.89,
            "inventory_turnover_ratio": 0.28,
            "account_receivable_turnover_ratio": 3.02,
            "reinvestment_rate": null,
            "research_to_sale_ratio": null,
            "price_fair": 0,
            "eps_avg_yearly": 0,
            "eps_latest_yearly": 0,
            "eps_growth_yearly": 0
        },
        "20094": {
            "year_quarter": 20094,
            "year": 2009,
            "quarter": 4,
            "eps": 0.66,
            "eps_growth_year": null,
            "eps_4q": null,
            "eps_4q_growth_year": null,
            "roe": 4.81,
            "roe_4q": 1.3999999999999995,
            "gross_profit": 37087,
            "gross_margin": 31.01,
            "gross_margin_4q_avg": 10.6,
            "net_income": 13218,
            "net_income_4q": null,
            "revenue": 119583,
            "revenue_4q": null,
            "common_shares": 200000,
            "book_valuer_per_share": 14.06,
            "book_valuer_per_share_4q_avg": 6.87,
            "equity": 281193,
            "current_ratio": 195.15,
            "debt_ratio": 48.79,
            "inventory_turnover_ratio": 0.49,
            "account_receivable_turnover_ratio": 7.09,
            "reinvestment_rate": null,
            "research_to_sale_ratio": null,
            "price_fair": 0,
            "eps_avg_yearly": 0,
            "eps_latest_yearly": 0,
            "eps_growth_yearly": 0
        },
        "20101": {
            "year_quarter": 20101,
            "year": 2010,
            "quarter": 1,
            "eps": null,
            "eps_growth_year": null,
            "eps_4q": null,
            "eps_4q_growth_year": null,
            "roe": null,
            "roe_4q": 1.3999999999999995,
            "gross_profit": 41635,
            "gross_margin": null,
            "gross_margin_4q_avg": 10.6,
            "net_income": 19896,
            "net_income_4q": null,
            "revenue": 106295,
            "revenue_4q": null,
            "common_shares": 200000,
            "book_valuer_per_share": 15.07,
            "book_valuer_per_share_4q_avg": 10.64,
            "equity": 301462,
            "current_ratio": 143.37,
            "debt_ratio": 67.62,
            "inventory_turnover_ratio": null,
            "account_receivable_turnover_ratio": null,
            "reinvestment_rate": null,
            "research_to_sale_ratio": null,
            "price_fair": 0,
            "eps_avg_yearly": 0,
            "eps_latest_yearly": 0,
            "eps_growth_yearly": 0
        },
        "20102": {
            "year_quarter": 20102,
            "year": 2010,
            "quarter": 2,
            "eps": 2.94,
            "eps_growth_year": null,
            "eps_4q": 3.14,
            "eps_4q_growth_year": null,
            "roe": 19.2,
            "roe_4q": 20.599999999999998,
            "gross_profit": 100964,
            "gross_margin": 35.17,
            "gross_margin_4q_avg": 19.4,
            "net_income": 58759,
            "net_income_4q": null,
            "revenue": 287049,
            "revenue_4q": null,
            "common_shares": 200000,
            "book_valuer_per_share": 15.53,
            "book_valuer_per_share_4q_avg": 14.52,
            "equity": 310635,
            "current_ratio": 131.03,
            "debt_ratio": 74.96,
            "inventory_turnover_ratio": 0.39,
            "account_receivable_turnover_ratio": 8.08,
            "reinvestment_rate": null,
            "research_to_sale_ratio": null,
            "price_fair": 0,
            "eps_avg_yearly": 0,
            "eps_latest_yearly": 0,
            "eps_growth_yearly": 0
        },
        "20103": {
            "year_quarter": 20103,
            "year": 2010,
            "quarter": 3,
            "eps": 3.53,
            "eps_growth_year": null,
            "eps_4q": 7.13,
            "eps_4q_growth_year": null,
            "roe": 20.43,
            "roe_4q": 44.44,
            "gross_profit": 134639,
            "gross_margin": 39.53,
            "gross_margin_4q_avg": 26.43,
            "net_income": 70663,
            "net_income_4q": null,
            "revenue": 340626,
            "revenue_4q": null,
            "common_shares": 200000,
            "book_valuer_per_share": 19.05,
            "book_valuer_per_share_4q_avg": 15.93,
            "equity": 381006,
            "current_ratio": 142.7,
            "debt_ratio": 69.3,
            "inventory_turnover_ratio": 0.42,
            "account_receivable_turnover_ratio": 4.29,
            "reinvestment_rate": null,
            "research_to_sale_ratio": 6.08,
            "price_fair": 494.2,
            "eps_avg_yearly": 14.12,
            "eps_latest_yearly": 14.12,
            "eps_growth_yearly": 80.27
        },
        "20104": {
            "year_quarter": 20104,
            "year": 2010,
            "quarter": 4,
            "eps": 3.19,
            "eps_growth_year": 383.87,
            "eps_4q": 9.66,
            "eps_4q_growth_year": null,
            "roe": 15.49,
            "roe_4q": 55.120000000000005,
            "gross_profit": 135716,
            "gross_margin": 44.79,
            "gross_margin_4q_avg": 29.87,
            "net_income": 63871,
            "net_income_4q": null,
            "revenue": 303025,
            "revenue_4q": null,
            "common_shares": 200000,
            "book_valuer_per_share": 22.17,
            "book_valuer_per_share_4q_avg": 17.96,
            "equity": 443472,
            "current_ratio": 143.6,
            "debt_ratio": 62.82,
            "inventory_turnover_ratio": 0.37,
            "account_receivable_turnover_ratio": 4.49,
            "reinvestment_rate": null,
            "research_to_sale_ratio": 10.2,
            "price_fair": 414.93,
            "eps_avg_yearly": 13.44,
            "eps_latest_yearly": 12.76,
            "eps_growth_yearly": 20.87
        },
        "20111": {
            "year_quarter": 20111,
            "year": 2011,
            "quarter": 1,
            "eps": 2,
            "eps_growth_year": null,
            "eps_4q": 10.76,
            "eps_4q_growth_year": null,
            "roe": 8.24,
            "roe_4q": 63.36,
            "gross_profit": 95882,
            "gross_margin": 34.44,
            "gross_margin_4q_avg": 38.48,
            "net_income": 43478,
            "net_income_4q": null,
            "revenue": 278365,
            "revenue_4q": null,
            "common_shares": 220000,
            "book_valuer_per_share": 27.8,
            "book_valuer_per_share_4q_avg": 21.14,
            "equity": 611504,
            "current_ratio": 162.22,
            "debt_ratio": 56.91,
            "inventory_turnover_ratio": 0.41,
            "account_receivable_turnover_ratio": 4.99,
            "reinvestment_rate": null,
            "research_to_sale_ratio": 4.99,
            "price_fair": 34.88,
            "eps_avg_yearly": 11.63,
            "eps_latest_yearly": 8,
            "eps_growth_yearly": -35.82
        },
        "20112": {
            "year_quarter": 20112,
            "year": 2011,
            "quarter": 2,
            "eps": 1.94,
            "eps_growth_year": -33.93,
            "eps_4q": 10.03,
            "eps_4q_growth_year": 219.94,
            "roe": 7.91,
            "roe_4q": 52.07,
            "gross_profit": 81963,
            "gross_margin": 29.91,
            "gross_margin_4q_avg": 37.17,
            "net_income": 42702,
            "net_income_4q": null,
            "revenue": 274036,
            "revenue_4q": null,
            "common_shares": 220000,
            "book_valuer_per_share": 21.25,
            "book_valuer_per_share_4q_avg": 22.57,
            "equity": 467568,
            "current_ratio": 133.81,
            "debt_ratio": 69.46,
            "inventory_turnover_ratio": 0.42,
            "account_receivable_turnover_ratio": 5.09,
            "reinvestment_rate": null,
            "research_to_sale_ratio": 4.7,
            "price_fair": 31.98,
            "eps_avg_yearly": 10.66,
            "eps_latest_yearly": 7.76,
            "eps_growth_yearly": -29.87
        },
        "20113": {
            "year_quarter": 20113,
            "year": 2011,
            "quarter": 3,
            "eps": 2.4,
            "eps_growth_year": -32.15,
            "eps_4q": 9.22,
            "eps_4q_growth_year": 29.25,
            "roe": 10.66,
            "roe_4q": 42.300000000000004,
            "gross_profit": 107904,
            "gross_margin": 37.95,
            "gross_margin_4q_avg": 36.77,
            "net_income": 52742,
            "net_income_4q": null,
            "revenue": 284333,
            "revenue_4q": null,
            "common_shares": 220000,
            "book_valuer_per_share": 23.71,
            "book_valuer_per_share_4q_avg": 23.73,
            "equity": 521618,
            "current_ratio": 158.66,
            "debt_ratio": 57.93,
            "inventory_turnover_ratio": 0.41,
            "account_receivable_turnover_ratio": 6.6,
            "reinvestment_rate": null,
            "research_to_sale_ratio": 6.38,
            "price_fair": 31.34,
            "eps_avg_yearly": 10.45,
            "eps_latest_yearly": 9.6,
            "eps_growth_yearly": -4.93
        },
        "20114": {
            "year_quarter": 20114,
            "year": 2011,
            "quarter": 4,
            "eps": 2.48,
            "eps_growth_year": -22.5,
            "eps_4q": 8.79,
            "eps_4q_growth_year": -9.05,
            "roe": 9.92,
            "roe_4q": 36.73,
            "gross_profit": 106487,
            "gross_margin": 39.43,
            "gross_margin_4q_avg": 35.43,
            "net_income": 54451,
            "net_income_4q": null,
            "revenue": 270061,
            "revenue_4q": null,
            "common_shares": 220000,
            "book_valuer_per_share": 26.18,
            "book_valuer_per_share_4q_avg": 24.74,
            "equity": 576044,
            "current_ratio": 159.81,
            "debt_ratio": 56.25,
            "inventory_turnover_ratio": 0.42,
            "account_receivable_turnover_ratio": 7.04,
            "reinvestment_rate": null,
            "research_to_sale_ratio": 6.36,
            "price_fair": 31.08,
            "eps_avg_yearly": 10.36,
            "eps_latest_yearly": 9.92,
            "eps_growth_yearly": -1.88
        },
        "20121": {
            "year_quarter": 20121,
            "year": 2012,
            "quarter": 1,
            "eps": 1.29,
            "eps_growth_year": -35.5,
            "eps_4q": 8.11,
            "eps_4q_growth_year": -24.66,
            "roe": 4.83,
            "roe_4q": 33.32,
            "gross_profit": 72498,
            "gross_margin": 30.38,
            "gross_margin_4q_avg": 34.42,
            "net_income": 28484,
            "net_income_4q": null,
            "revenue": 238621,
            "revenue_4q": null,
            "common_shares": 220000,
            "book_valuer_per_share": 27.46,
            "book_valuer_per_share_4q_avg": 24.65,
            "equity": 604054,
            "current_ratio": 148.55,
            "debt_ratio": 59.81,
            "inventory_turnover_ratio": 0.39,
            "account_receivable_turnover_ratio": 5.03,
            "reinvestment_rate": null,
            "research_to_sale_ratio": 4.77,
            "price_fair": 28.85,
            "eps_avg_yearly": 9.62,
            "eps_latest_yearly": 5.16,
            "eps_growth_yearly": -29.03
        },
        "20122": {
            "year_quarter": 20122,
            "year": 2012,
            "quarter": 2,
            "eps": 1.77,
            "eps_growth_year": -8.65,
            "eps_4q": 7.94,
            "eps_4q_growth_year": -20.85,
            "roe": 7.14,
            "roe_4q": 32.55,
            "gross_profit": 87504,
            "gross_margin": 24.64,
            "gross_margin_4q_avg": 33.1,
            "net_income": 39009,
            "net_income_4q": null,
            "revenue": 355100,
            "revenue_4q": null,
            "common_shares": 220000,
            "book_valuer_per_share": 22.24,
            "book_valuer_per_share_4q_avg": 24.9,
            "equity": 489229,
            "current_ratio": 118.81,
            "debt_ratio": 75.41,
            "inventory_turnover_ratio": 0.48,
            "account_receivable_turnover_ratio": 4.54,
            "reinvestment_rate": null,
            "research_to_sale_ratio": 3.48,
            "price_fair": 27.9,
            "eps_avg_yearly": 9.3,
            "eps_latest_yearly": 7.08,
            "eps_growth_yearly": -6.8
        },
        "20123": {
            "year_quarter": 20123,
            "year": 2012,
            "quarter": 3,
            "eps": 5.15,
            "eps_growth_year": 114.61,
            "eps_4q": 10.69,
            "eps_4q_growth_year": 15.95,
            "roe": 20.74,
            "roe_4q": 42.63,
            "gross_profit": 195636,
            "gross_margin": 43.96,
            "gross_margin_4q_avg": 34.6,
            "net_income": 113191,
            "net_income_4q": null,
            "revenue": 445038,
            "revenue_4q": null,
            "common_shares": 220000,
            "book_valuer_per_share": 27.37,
            "book_valuer_per_share_4q_avg": 25.81,
            "equity": 602037,
            "current_ratio": 129.15,
            "debt_ratio": 67.39,
            "inventory_turnover_ratio": 0.39,
            "account_receivable_turnover_ratio": 4.96,
            "reinvestment_rate": null,
            "research_to_sale_ratio": 3.49,
            "price_fair": 369.44,
            "eps_avg_yearly": 10.56,
            "eps_latest_yearly": 20.6,
            "eps_growth_yearly": 78.83
        },
        "20124": {
            "year_quarter": 20124,
            "year": 2012,
            "quarter": 4,
            "eps": 4.24,
            "eps_growth_year": 71.48,
            "eps_4q": 12.46,
            "eps_4q_growth_year": 41.72,
            "roe": 14.39,
            "roe_4q": 47.099999999999994,
            "gross_profit": 233230,
            "gross_margin": 44,
            "gross_margin_4q_avg": 35.75,
            "net_income": 93371,
            "net_income_4q": null,
            "revenue": 530032,
            "revenue_4q": null,
            "common_shares": 220000,
            "book_valuer_per_share": 31.61,
            "book_valuer_per_share_4q_avg": 27.17,
            "equity": 695385,
            "current_ratio": 134.1,
            "debt_ratio": 65.07,
            "inventory_turnover_ratio": 0.47,
            "account_receivable_turnover_ratio": 4.95,
            "reinvestment_rate": null,
            "research_to_sale_ratio": 7.46,
            "price_fair": 391.86,
            "eps_avg_yearly": 11.2,
            "eps_latest_yearly": 16.96,
            "eps_growth_yearly": 63.88
        },
        "20131": {
            "year_quarter": 20131,
            "year": 2013,
            "quarter": 1,
            "eps": 5.1,
            "eps_growth_year": 295.35,
            "eps_4q": 14.98,
            "eps_4q_growth_year": 84.78,
            "roe": 12.29,
            "roe_4q": 54.56,
            "gross_profit": 242298,
            "gross_margin": 45.7,
            "gross_margin_4q_avg": 39.58,
            "net_income": 124250,
            "net_income_4q": null,
            "revenue": 530239,
            "revenue_4q": null,
            "common_shares": 246838,
            "book_valuer_per_share": 53.77,
            "book_valuer_per_share_4q_avg": 33.75,
            "equity": 1327209,
            "current_ratio": 138.33,
            "debt_ratio": 52.03,
            "inventory_turnover_ratio": 0.44,
            "account_receivable_turnover_ratio": 3.31,
            "reinvestment_rate": null,
            "research_to_sale_ratio": 4.44,
            "price_fair": 421.15,
            "eps_avg_yearly": 12.03,
            "eps_latest_yearly": 20.4,
            "eps_growth_yearly": 65.45
        },
        "20132": {
            "year_quarter": 20132,
            "year": 2013,
            "quarter": 2,
            "eps": 5.84,
            "eps_growth_year": 229.36,
            "eps_4q": 19.24,
            "eps_4q_growth_year": 142.28,
            "roe": 11.29,
            "roe_4q": 58.709999999999994,
            "gross_profit": 287443,
            "gross_margin": 43.61,
            "gross_margin_4q_avg": 44.32,
            "net_income": 144049,
            "net_income_4q": null,
            "revenue": 659165,
            "revenue_4q": null,
            "common_shares": 246838,
            "book_valuer_per_share": 49.61,
            "book_valuer_per_share_4q_avg": 40.59,
            "equity": 1224497,
            "current_ratio": 129.37,
            "debt_ratio": 55.77,
            "inventory_turnover_ratio": 0.56,
            "account_receivable_turnover_ratio": 2.74,
            "reinvestment_rate": 44.34,
            "research_to_sale_ratio": 3.86,
            "price_fair": 454.18,
            "eps_avg_yearly": 12.98,
            "eps_latest_yearly": 23.36,
            "eps_growth_yearly": 64.83
        },
        "20133": {
            "year_quarter": 20133,
            "year": 2013,
            "quarter": 3,
            "eps": 5.93,
            "eps_growth_year": 15.26,
            "eps_4q": 20.58,
            "eps_4q_growth_year": 92.53,
            "roe": 11.27,
            "roe_4q": 49.239999999999995,
            "gross_profit": 260841,
            "gross_margin": 47.16,
            "gross_margin_4q_avg": 45.12,
            "net_income": 146260,
            "net_income_4q": null,
            "revenue": 553042,
            "revenue_4q": null,
            "common_shares": 246838,
            "book_valuer_per_share": 55.53,
            "book_valuer_per_share_4q_avg": 47.63,
            "equity": 1370577,
            "current_ratio": 148.07,
            "debt_ratio": 47.28,
            "inventory_turnover_ratio": 0.48,
            "account_receivable_turnover_ratio": 1.83,
            "reinvestment_rate": 39.02,
            "research_to_sale_ratio": 3.85,
            "price_fair": 483.11,
            "eps_avg_yearly": 13.8,
            "eps_latest_yearly": 23.72,
            "eps_growth_yearly": 60.32
        },
        "20134": {
            "year_quarter": 20134,
            "year": 2013,
            "quarter": 4,
            "eps": 3.44,
            "eps_growth_year": -18.97,
            "eps_4q": 20.23,
            "eps_4q_growth_year": 62.43,
            "roe": 6.01,
            "roe_4q": 40.86,
            "gross_profit": 214020,
            "gross_margin": 39.91,
            "gross_margin_4q_avg": 44.1,
            "net_income": 84889,
            "net_income_4q": null,
            "revenue": 536305,
            "revenue_4q": null,
            "common_shares": 246838,
            "book_valuer_per_share": 58.93,
            "book_valuer_per_share_4q_avg": 54.46,
            "equity": 1454638,
            "current_ratio": 158.73,
            "debt_ratio": 42.61,
            "inventory_turnover_ratio": 0.66,
            "account_receivable_turnover_ratio": 1.81,
            "reinvestment_rate": 37.92,
            "research_to_sale_ratio": 4.82,
            "price_fair": 483,
            "eps_avg_yearly": 13.8,
            "eps_latest_yearly": 13.76,
            "eps_growth_yearly": 44.01
        },
        "20141": {
            "year_quarter": 20141,
            "year": 2014,
            "quarter": 1,
            "eps": 3.01,
            "eps_growth_year": -40.98,
            "eps_4q": 18.21,
            "eps_4q_growth_year": 21.54,
            "roe": 4.98,
            "roe_4q": 33.55,
            "gross_profit": 168297,
            "gross_margin": 40.98,
            "gross_margin_4q_avg": 42.92,
            "net_income": 74269,
            "net_income_4q": null,
            "revenue": 410727,
            "revenue_4q": null,
            "common_shares": 246838,
            "book_valuer_per_share": 61.96,
            "book_valuer_per_share_4q_avg": 56.51,
            "equity": 1529500,
            "current_ratio": 172.89,
            "debt_ratio": 38.81,
            "inventory_turnover_ratio": 0.68,
            "account_receivable_turnover_ratio": 1.82,
            "reinvestment_rate": 37.07,
            "research_to_sale_ratio": 5.45,
            "price_fair": 478.89,
            "eps_avg_yearly": 13.68,
            "eps_latest_yearly": 12.04,
            "eps_growth_yearly": 37.74
        },
        "20142": {
            "year_quarter": 20142,
            "year": 2014,
            "quarter": 2,
            "eps": 0.96,
            "eps_growth_year": -83.56,
            "eps_4q": 13.33,
            "eps_4q_growth_year": -30.71,
            "roe": 1.7,
            "roe_4q": 23.96,
            "gross_profit": 102363,
            "gross_margin": 44.5,
            "gross_margin_4q_avg": 43.14,
            "net_income": 23634,
            "net_income_4q": null,
            "revenue": 230039,
            "revenue_4q": null,
            "common_shares": 246838,
            "book_valuer_per_share": 50.9,
            "book_valuer_per_share_4q_avg": 56.83,
            "equity": 1256467,
            "current_ratio": 128.04,
            "debt_ratio": 53.82,
            "inventory_turnover_ratio": 0.34,
            "account_receivable_turnover_ratio": 1.31,
            "reinvestment_rate": 36.44,
            "research_to_sale_ratio": 9.33,
            "price_fair": 370.56,
            "eps_avg_yearly": 13.07,
            "eps_latest_yearly": 3.84,
            "eps_growth_yearly": 18.36
        },
        "20143": {
            "year_quarter": 20143,
            "year": 2014,
            "quarter": 3,
            "eps": 2.83,
            "eps_growth_year": -52.28,
            "eps_4q": 10.23,
            "eps_4q_growth_year": -50.28,
            "roe": 5.4,
            "roe_4q": 18.090000000000003,
            "gross_profit": 187880,
            "gross_margin": 47.23,
            "gross_margin_4q_avg": 43.16,
            "net_income": 69748,
            "net_income_4q": null,
            "revenue": 397789,
            "revenue_4q": null,
            "common_shares": 246838,
            "book_valuer_per_share": 53.72,
            "book_valuer_per_share_4q_avg": 56.38,
            "equity": 1326022,
            "current_ratio": 135.71,
            "debt_ratio": 51,
            "inventory_turnover_ratio": 0.44,
            "account_receivable_turnover_ratio": 2.12,
            "reinvestment_rate": 36.28,
            "research_to_sale_ratio": 13.43,
            "price_fair": 451.24,
            "eps_avg_yearly": 12.89,
            "eps_latest_yearly": 11.32,
            "eps_growth_yearly": 62.04
        },
        "20144": {
            "year_quarter": 20144,
            "year": 2014,
            "quarter": 4,
            "eps": 5.11,
            "eps_growth_year": 48.47,
            "eps_4q": 11.9,
            "eps_4q_growth_year": -41.2,
            "roe": 9.07,
            "roe_4q": 21.150000000000002,
            "gross_profit": 274170,
            "gross_margin": 47.99,
            "gross_margin_4q_avg": 45.18,
            "net_income": 126037,
            "net_income_4q": null,
            "revenue": 571301,
            "revenue_4q": null,
            "common_shares": 246838,
            "book_valuer_per_share": 58.82,
            "book_valuer_per_share_4q_avg": 56.35,
            "equity": 1451993,
            "current_ratio": 154.07,
            "debt_ratio": 45.02,
            "inventory_turnover_ratio": 0.62,
            "account_receivable_turnover_ratio": 2.93,
            "reinvestment_rate": 27.2,
            "research_to_sale_ratio": 9.18,
            "price_fair": 468.04,
            "eps_avg_yearly": 13.37,
            "eps_latest_yearly": 20.44,
            "eps_growth_yearly": 84.59
        },
        "20151": {
            "year_quarter": 20151,
            "year": 2015,
            "quarter": 1,
            "eps": 2.93,
            "eps_growth_year": -2.66,
            "eps_4q": 11.82,
            "eps_4q_growth_year": -35.1,
            "roe": 4.86,
            "roe_4q": 21.029999999999998,
            "gross_profit": 177414,
            "gross_margin": 47.87,
            "gross_margin_4q_avg": 46.9,
            "net_income": 72267,
            "net_income_4q": null,
            "revenue": 370600,
            "revenue_4q": null,
            "common_shares": 246838,
            "book_valuer_per_share": 61.76,
            "book_valuer_per_share_4q_avg": 56.3,
            "equity": 1524470,
            "current_ratio": 176.98,
            "debt_ratio": 47.57,
            "inventory_turnover_ratio": 0.4,
            "account_receivable_turnover_ratio": 1.87,
            "reinvestment_rate": 25.9,
            "research_to_sale_ratio": 7.52,
            "price_fair": 476.18,
            "eps_avg_yearly": 13.61,
            "eps_latest_yearly": 11.72,
            "eps_growth_yearly": 83.25
        },
        "20152": {
            "year_quarter": 20152,
            "year": 2015,
            "quarter": 2,
            "eps": 2.67,
            "eps_growth_year": 178.12,
            "eps_4q": 13.53,
            "eps_4q_growth_year": 1.46,
            "roe": 4.49,
            "roe_4q": 23.82,
            "gross_profit": 182895,
            "gross_margin": 42.14,
            "gross_margin_4q_avg": 46.31,
            "net_income": 65813,
            "net_income_4q": null,
            "revenue": 433971,
            "revenue_4q": null,
            "common_shares": 246838,
            "book_valuer_per_share": 56.91,
            "book_valuer_per_share_4q_avg": 57.8,
            "equity": 1404764,
            "current_ratio": 152.85,
            "debt_ratio": 55.02,
            "inventory_turnover_ratio": 0.44,
            "account_receivable_turnover_ratio": 1.94,
            "reinvestment_rate": 24.74,
            "research_to_sale_ratio": 8.04,
            "price_fair": 482.56,
            "eps_avg_yearly": 13.79,
            "eps_latest_yearly": 10.68,
            "eps_growth_yearly": 81.78
        },
        "20153": {
            "year_quarter": 20153,
            "year": 2015,
            "quarter": 3,
            "eps": 4.92,
            "eps_growth_year": 73.85,
            "eps_4q": 15.62,
            "eps_4q_growth_year": 52.63,
            "roe": 8.28,
            "roe_4q": 26.7,
            "gross_profit": 246507,
            "gross_margin": 47.83,
            "gross_margin_4q_avg": 46.46,
            "net_income": 121342,
            "net_income_4q": null,
            "revenue": 515425,
            "revenue_4q": null,
            "common_shares": 246838,
            "book_valuer_per_share": 61.86,
            "book_valuer_per_share_4q_avg": 59.84,
            "equity": 1526826,
            "current_ratio": 166.44,
            "debt_ratio": 51.48,
            "inventory_turnover_ratio": 0.4,
            "account_receivable_turnover_ratio": 1.68,
            "reinvestment_rate": 23.13,
            "research_to_sale_ratio": 10.07,
            "price_fair": 504.61,
            "eps_avg_yearly": 14.42,
            "eps_latest_yearly": 19.68,
            "eps_growth_yearly": 96.92
        },
        "20154": {
            "year_quarter": 20154,
            "year": 2015,
            "quarter": 4,
            "eps": 5.9,
            "eps_growth_year": 15.53,
            "eps_4q": 16.41,
            "eps_4q_growth_year": 37.91,
            "roe": 8.96,
            "roe_4q": 26.590000000000003,
            "gross_profit": 341619,
            "gross_margin": 50.38,
            "gross_margin_4q_avg": 47.06,
            "net_income": 145611,
            "net_income_4q": null,
            "revenue": 678039,
            "revenue_4q": null,
            "common_shares": 246838,
            "book_valuer_per_share": 69.87,
            "book_valuer_per_share_4q_avg": 62.6,
            "equity": 1724635,
            "current_ratio": 170.94,
            "debt_ratio": 48.03,
            "inventory_turnover_ratio": 0.5,
            "account_receivable_turnover_ratio": 1.99,
            "reinvestment_rate": 31.35,
            "research_to_sale_ratio": 12.12,
            "price_fair": 534.54,
            "eps_avg_yearly": 15.27,
            "eps_latest_yearly": 23.6,
            "eps_growth_yearly": 101.07
        },
        "20161": {
            "year_quarter": 20161,
            "year": 2016,
            "quarter": 1,
            "eps": 3.76,
            "eps_growth_year": 28.33,
            "eps_4q": 17.24,
            "eps_4q_growth_year": 45.93,
            "roe": 5.31,
            "roe_4q": 27.04,
            "gross_profit": 238957,
            "gross_margin": 48.23,
            "gross_margin_4q_avg": 47.15,
            "net_income": 92880,
            "net_income_4q": null,
            "revenue": 495444,
            "revenue_4q": null,
            "common_shares": 246838,
            "book_valuer_per_share": 71.96,
            "book_valuer_per_share_4q_avg": 65.15,
            "equity": 1776191,
            "current_ratio": 168.6,
            "debt_ratio": 48.16,
            "inventory_turnover_ratio": 0.38,
            "account_receivable_turnover_ratio": 1.7,
            "reinvestment_rate": 29.18,
            "research_to_sale_ratio": 10.65,
            "price_fair": 556.15,
            "eps_avg_yearly": 15.89,
            "eps_latest_yearly": 15.04,
            "eps_growth_yearly": 103.99
        },
        "20162": {
            "year_quarter": 20162,
            "year": 2016,
            "quarter": 2,
            "eps": 2.98,
            "eps_growth_year": 11.61,
            "eps_4q": 17.56,
            "eps_4q_growth_year": 29.82,
            "roe": 4.37,
            "roe_4q": 26.92,
            "gross_profit": 210667,
            "gross_margin": 42,
            "gross_margin_4q_avg": 47.11,
            "net_income": 73585,
            "net_income_4q": null,
            "revenue": 501545,
            "revenue_4q": null,
            "common_shares": 246838,
            "book_valuer_per_share": 64.46,
            "book_valuer_per_share_4q_avg": 67.04,
            "equity": 1591194,
            "current_ratio": 135.41,
            "debt_ratio": 60.54,
            "inventory_turnover_ratio": 0.38,
            "account_receivable_turnover_ratio": 1.67,
            "reinvestment_rate": 47.42,
            "research_to_sale_ratio": 8.69,
            "price_fair": 566.74,
            "eps_avg_yearly": 16.19,
            "eps_latest_yearly": 11.92,
            "eps_growth_yearly": 89.51
        },
        "20163": {
            "year_quarter": 20163,
            "year": 2016,
            "quarter": 3,
            "eps": 2.8,
            "eps_growth_year": -43.09,
            "eps_4q": 15.44,
            "eps_4q_growth_year": -1.12,
            "roe": 3.98,
            "roe_4q": 22.62,
            "gross_profit": 199598,
            "gross_margin": 34.64,
            "gross_margin_4q_avg": 43.81,
            "net_income": 69068,
            "net_income_4q": null,
            "revenue": 576255,
            "revenue_4q": null,
            "common_shares": 246838,
            "book_valuer_per_share": 76.1,
            "book_valuer_per_share_4q_avg": 70.6,
            "equity": 1878513,
            "current_ratio": 149.6,
            "debt_ratio": 52.33,
            "inventory_turnover_ratio": 0.51,
            "account_receivable_turnover_ratio": 1.67,
            "reinvestment_rate": 35.97,
            "research_to_sale_ratio": 6.92,
            "price_fair": 546.18,
            "eps_avg_yearly": 15.61,
            "eps_latest_yearly": 11.2,
            "eps_growth_yearly": 40.26
        },
        "20164": {
            "year_quarter": 20164,
            "year": 2016,
            "quarter": 4,
            "eps": 6.36,
            "eps_growth_year": 7.81,
            "eps_4q": 15.9,
            "eps_4q_growth_year": -3.09,
            "roe": 8.17,
            "roe_4q": 21.83,
            "gross_profit": 292567,
            "gross_margin": 49.56,
            "gross_margin_4q_avg": 43.61,
            "net_income": 156990,
            "net_income_4q": null,
            "revenue": 590290,
            "revenue_4q": null,
            "common_shares": 246838,
            "book_valuer_per_share": 79.68,
            "book_valuer_per_share_4q_avg": 73.05,
            "equity": 1966752,
            "current_ratio": 156.8,
            "debt_ratio": 52.02,
            "inventory_turnover_ratio": 0.39,
            "account_receivable_turnover_ratio": 1.62,
            "reinvestment_rate": 27.89,
            "research_to_sale_ratio": 6.29,
            "price_fair": 564.73,
            "eps_avg_yearly": 16.14,
            "eps_latest_yearly": 25.44,
            "eps_growth_yearly": 76.46
        },
        "20171": {
            "year_quarter": 20171,
            "year": 2017,
            "quarter": 1,
            "eps": 2.9,
            "eps_growth_year": -22.87,
            "eps_4q": 15.04,
            "eps_4q_growth_year": -12.79,
            "roe": 3.42,
            "roe_4q": 19.94,
            "gross_profit": 225431,
            "gross_margin": 45.87,
            "gross_margin_4q_avg": 43.02,
            "net_income": 71544,
            "net_income_4q": null,
            "revenue": 491419,
            "revenue_4q": null,
            "common_shares": 246838,
            "book_valuer_per_share": 90.04,
            "book_valuer_per_share_4q_avg": 77.57,
            "equity": 2222423,
            "current_ratio": 168.31,
            "debt_ratio": 47.36,
            "inventory_turnover_ratio": 0.34,
            "account_receivable_turnover_ratio": 1.44,
            "reinvestment_rate": 62.23,
            "research_to_sale_ratio": 8.26,
            "price_fair": 545.48,
            "eps_avg_yearly": 15.59,
            "eps_latest_yearly": 11.6,
            "eps_growth_yearly": 57.79
        },
        "20172": {
            "year_quarter": 20172,
            "year": 2017,
            "quarter": 2,
            "eps": 6.18,
            "eps_growth_year": 107.38,
            "eps_4q": 18.23,
            "eps_4q_growth_year": 3.84,
            "roe": 6.78,
            "roe_4q": 22.349999999999998,
            "gross_profit": 307488,
            "gross_margin": 50.05,
            "gross_margin_4q_avg": 45.03,
            "net_income": 152456,
            "net_income_4q": null,
            "revenue": 614355,
            "revenue_4q": null,
            "common_shares": 246838,
            "book_valuer_per_share": 92.08,
            "book_valuer_per_share_4q_avg": 84.48,
            "equity": 2272810,
            "current_ratio": 146.05,
            "debt_ratio": 52.31,
            "inventory_turnover_ratio": 0.4,
            "account_receivable_turnover_ratio": 2.12,
            "reinvestment_rate": 72.52,
            "research_to_sale_ratio": 7.02,
            "price_fair": 548.45,
            "eps_avg_yearly": 15.67,
            "eps_latest_yearly": 24.72,
            "eps_growth_yearly": 82.44
        },
        "20173": {
            "year_quarter": 20173,
            "year": 2017,
            "quarter": 3,
            "eps": 4.85,
            "eps_growth_year": 73.21,
            "eps_4q": 20.29,
            "eps_4q_growth_year": 31.39,
            "roe": 5.25,
            "roe_4q": 23.62,
            "gross_profit": 276325,
            "gross_margin": 49.62,
            "gross_margin_4q_avg": 48.78,
            "net_income": 119809,
            "net_income_4q": null,
            "revenue": 556911,
            "revenue_4q": null,
            "common_shares": 246838,
            "book_valuer_per_share": 92.89,
            "book_valuer_per_share_4q_avg": 88.67,
            "equity": 2292954,
            "current_ratio": 171.62,
            "debt_ratio": 45.3,
            "inventory_turnover_ratio": 0.39,
            "account_receivable_turnover_ratio": 2.09,
            "reinvestment_rate": 67.68,
            "research_to_sale_ratio": 11.39,
            "price_fair": 539,
            "eps_avg_yearly": 15.4,
            "eps_latest_yearly": 19.4,
            "eps_growth_yearly": 76.67
        },
        "20174": {
            "year_quarter": 20174,
            "year": 2017,
            "quarter": 4,
            "eps": 1.29,
            "eps_growth_year": -79.7,
            "eps_4q": 15.22,
            "eps_4q_growth_year": -4.29,
            "roe": 1.38,
            "roe_4q": 16.83,
            "gross_profit": 190792,
            "gross_margin": 41.79,
            "gross_margin_4q_avg": 46.83,
            "net_income": 31866,
            "net_income_4q": null,
            "revenue": 456568,
            "revenue_4q": null,
            "common_shares": 246838,
            "book_valuer_per_share": 94.08,
            "book_valuer_per_share_4q_avg": 92.27,
            "equity": 2322238,
            "current_ratio": 172.67,
            "debt_ratio": 44.68,
            "inventory_turnover_ratio": 0.42,
            "account_receivable_turnover_ratio": 1.76,
            "reinvestment_rate": 68.88,
            "research_to_sale_ratio": 10.61,
            "price_fair": 520.19,
            "eps_avg_yearly": 14.86,
            "eps_latest_yearly": 5.16,
            "eps_growth_yearly": 68.82
        },
        "20181": {
            "year_quarter": 20181,
            "year": 2018,
            "quarter": 1,
            "eps": 2.42,
            "eps_growth_year": -16.55,
            "eps_4q": 14.74,
            "eps_4q_growth_year": -1.99,
            "roe": 2.58,
            "roe_4q": 15.990000000000002,
            "gross_profit": 177631,
            "gross_margin": 46.46,
            "gross_margin_4q_avg": 46.98,
            "net_income": 59662,
            "net_income_4q": null,
            "revenue": 382328,
            "revenue_4q": null,
            "common_shares": 246838,
            "book_valuer_per_share": 93.65,
            "book_valuer_per_share_4q_avg": 93.18,
            "equity": 2311622,
            "current_ratio": 173.57,
            "debt_ratio": 45.14,
            "inventory_turnover_ratio": 0.32,
            "account_receivable_turnover_ratio": 1.47,
            "reinvestment_rate": 27.05,
            "research_to_sale_ratio": 12.94,
            "price_fair": 515.03,
            "eps_avg_yearly": 14.72,
            "eps_latest_yearly": 9.68,
            "eps_growth_yearly": 93.84
        },
        "20182": {
            "year_quarter": 20182,
            "year": 2018,
            "quarter": 2,
            "eps": 3.39,
            "eps_growth_year": -45.15,
            "eps_4q": 11.95,
            "eps_4q_growth_year": -34.45,
            "roe": 3.76,
            "roe_4q": 12.969999999999999,
            "gross_profit": 170766,
            "gross_margin": 41.16,
            "gross_margin_4q_avg": 44.76,
            "net_income": 83667,
            "net_income_4q": null,
            "revenue": 414836,
            "revenue_4q": null,
            "common_shares": 246838,
            "book_valuer_per_share": 86.43,
            "book_valuer_per_share_4q_avg": 91.76,
            "equity": 2133330,
            "current_ratio": 147.43,
            "debt_ratio": 51.6,
            "inventory_turnover_ratio": 0.35,
            "account_receivable_turnover_ratio": 1.55,
            "reinvestment_rate": 28.04,
            "research_to_sale_ratio": 10.19,
            "price_fair": 536.29,
            "eps_avg_yearly": 15.32,
            "eps_latest_yearly": 13.56,
            "eps_growth_yearly": 120.89
        },
        "20183": {
            "year_quarter": 20183,
            "year": 2018,
            "quarter": 3,
            "eps": 2.83,
            "eps_growth_year": -41.65,
            "eps_4q": 9.93,
            "eps_4q_growth_year": -51.06,
            "roe": 3.3,
            "roe_4q": 11.02,
            "gross_profit": 156352,
            "gross_margin": 46.55,
            "gross_margin_4q_avg": 43.99,
            "net_income": 69902,
            "net_income_4q": null,
            "revenue": 335879,
            "revenue_4q": null,
            "common_shares": 246838,
            "book_valuer_per_share": 85.05,
            "book_valuer_per_share_4q_avg": 89.8,
            "equity": 2099354,
            "current_ratio": 163.65,
            "debt_ratio": 47.91,
            "inventory_turnover_ratio": 0.25,
            "account_receivable_turnover_ratio": 1.21,
            "reinvestment_rate": 25.93,
            "research_to_sale_ratio": 11.84,
            "price_fair": 536.29,
            "eps_avg_yearly": 15.32,
            "eps_latest_yearly": 11.32,
            "eps_growth_yearly": 68.06
        },
        "20184": {
            "year_quarter": 20184,
            "year": 2018,
            "quarter": 4,
            "eps": 2.65,
            "eps_growth_year": 105.4,
            "eps_4q": 11.29,
            "eps_4q_growth_year": -25.82,
            "roe": 3.1,
            "roe_4q": 12.74,
            "gross_profit": 170815,
            "gross_margin": 48.62,
            "gross_margin_4q_avg": 45.7,
            "net_income": 64597,
            "net_income_4q": null,
            "revenue": 351326,
            "revenue_4q": null,
            "common_shares": 246838,
            "book_valuer_per_share": 82.48,
            "book_valuer_per_share_4q_avg": 86.9,
            "equity": 2071022,
            "current_ratio": 148.98,
            "debt_ratio": 48.98,
            "inventory_turnover_ratio": 0.23,
            "account_receivable_turnover_ratio": 1.13,
            "reinvestment_rate": 29.49,
            "research_to_sale_ratio": 12.35,
            "price_fair": 514.76,
            "eps_avg_yearly": 14.71,
            "eps_latest_yearly": 10.6,
            "eps_growth_yearly": 46.33
        },
        "20191": {
            "year_quarter": 20191,
            "year": 2019,
            "quarter": 1,
            "eps": 2.35,
            "eps_growth_year": -2.89,
            "eps_4q": 9.59,
            "eps_4q_growth_year": -34.92,
            "roe": 2.69,
            "roe_4q": 12.85,
            "gross_profit": 181805,
            "gross_margin": 45.05,
            "gross_margin_4q_avg": 45.35,
            "net_income": 62625,
            "net_income_4q": null,
            "revenue": 403557,
            "revenue_4q": null,
            "common_shares": 292160,
            "book_valuer_per_share": 87.62,
            "book_valuer_per_share_4q_avg": 85.4,
            "equity": 2592481,
            "current_ratio": 155.63,
            "debt_ratio": 46.36,
            "inventory_turnover_ratio": 0.23,
            "account_receivable_turnover_ratio": 1.26,
            "reinvestment_rate": 41.56,
            "research_to_sale_ratio": 10.09,
            "price_fair": 509.69,
            "eps_avg_yearly": 14.56,
            "eps_latest_yearly": 9.4,
            "eps_growth_yearly": 54.16
        },
        "20192": {
            "year_quarter": 20192,
            "year": 2019,
            "quarter": 2,
            "eps": 2.6,
            "eps_growth_year": -23.3,
            "eps_4q": 9.32,
            "eps_4q_growth_year": -22.05,
            "roe": 2.77,
            "roe_4q": 11.86,
            "gross_profit": 216336,
            "gross_margin": 46.13,
            "gross_margin_4q_avg": 46.59,
            "net_income": 70114,
            "net_income_4q": null,
            "revenue": 468989,
            "revenue_4q": null,
            "common_shares": 292160,
            "book_valuer_per_share": 85.46,
            "book_valuer_per_share_4q_avg": 85.15,
            "equity": 2471117,
            "current_ratio": 139.32,
            "debt_ratio": 50.42,
            "inventory_turnover_ratio": 0.23,
            "account_receivable_turnover_ratio": 1.49,
            "reinvestment_rate": 43.63,
            "research_to_sale_ratio": 9.2,
            "price_fair": 509.08,
            "eps_avg_yearly": 14.55,
            "eps_latest_yearly": 10.4,
            "eps_growth_yearly": 59.04
        },
        "20193": {
            "year_quarter": 20193,
            "year": 2019,
            "quarter": 3,
            "eps": 3.19,
            "eps_growth_year": 12.72,
            "eps_4q": 10.06,
            "eps_4q_growth_year": 1.31,
            "roe": 3.58,
            "roe_4q": 12.139999999999999,
            "gross_profit": 269019,
            "gross_margin": 47.44,
            "gross_margin_4q_avg": 46.81,
            "net_income": 91460,
            "net_income_4q": null,
            "revenue": 567124,
            "revenue_4q": null,
            "common_shares": 292160,
            "book_valuer_per_share": 91.26,
            "book_valuer_per_share_4q_avg": 86.71,
            "equity": 2636837,
            "current_ratio": 153.79,
            "debt_ratio": 44.71,
            "inventory_turnover_ratio": 0.28,
            "account_receivable_turnover_ratio": 1.63,
            "reinvestment_rate": 44.78,
            "research_to_sale_ratio": 8.07,
            "price_fair": 493.94,
            "eps_avg_yearly": 14.11,
            "eps_latest_yearly": 12.76,
            "eps_growth_yearly": 43.65
        },
        "20194": {
            "year_quarter": 20194,
            "year": 2019,
            "quarter": 4,
            "eps": 3.1,
            "eps_growth_year": 17.03,
            "eps_4q": 10.87,
            "eps_4q_growth_year": -3.74,
            "roe": 3.27,
            "roe_4q": 12.309999999999999,
            "gross_profit": 281537,
            "gross_margin": 45.28,
            "gross_margin_4q_avg": 45.98,
            "net_income": 88557,
            "net_income_4q": null,
            "revenue": 621717,
            "revenue_4q": null,
            "common_shares": 292160,
            "book_valuer_per_share": 96.28,
            "book_valuer_per_share_4q_avg": 90.16,
            "equity": 2779704,
            "current_ratio": 159.42,
            "debt_ratio": 43.27,
            "inventory_turnover_ratio": 0.33,
            "account_receivable_turnover_ratio": 1.83,
            "reinvestment_rate": 34.7,
            "research_to_sale_ratio": 7.32,
            "price_fair": 469.44,
            "eps_avg_yearly": 13.41,
            "eps_latest_yearly": 12.4,
            "eps_growth_yearly": 37.96
        },
        "20201": {
            "year_quarter": 20201,
            "year": 2020,
            "quarter": 1,
            "eps": 2.38,
            "eps_growth_year": 1.28,
            "eps_4q": 11.1,
            "eps_4q_growth_year": 15.75,
            "roe": 2.46,
            "roe_4q": 12.08,
            "gross_profit": 214411,
            "gross_margin": 43.4,
            "gross_margin_4q_avg": 45.56,
            "net_income": 67399,
            "net_income_4q": null,
            "revenue": 494034,
            "revenue_4q": null,
            "common_shares": 292160,
            "book_valuer_per_share": 93.55,
            "book_valuer_per_share_4q_avg": 91.64,
            "equity": 2701532,
            "current_ratio": 158.93,
            "debt_ratio": 44.26,
            "inventory_turnover_ratio": 0.27,
            "account_receivable_turnover_ratio": 1.48,
            "reinvestment_rate": 32.58,
            "research_to_sale_ratio": 8.87,
            "price_fair": 457.36,
            "eps_avg_yearly": 13.07,
            "eps_latest_yearly": 9.52,
            "eps_growth_yearly": 41.22
        },
        "20202": {
            "year_quarter": 20202,
            "year": 2020,
            "quarter": 2,
            "eps": 3.55,
            "eps_growth_year": 36.54,
            "eps_4q": 12.23,
            "eps_4q_growth_year": 31.27,
            "roe": 3.75,
            "roe_4q": 13.06,
            "gross_profit": 293429,
            "gross_margin": 47.53,
            "gross_margin_4q_avg": 45.91,
            "net_income": 101403,
            "net_income_4q": null,
            "revenue": 617314,
            "revenue_4q": null,
            "common_shares": 292160,
            "book_valuer_per_share": 93.93,
            "book_valuer_per_share_4q_avg": 93.76,
            "equity": 2709862,
            "current_ratio": 140.84,
            "debt_ratio": 49.36,
            "inventory_turnover_ratio": 0.28,
            "account_receivable_turnover_ratio": 1.6,
            "reinvestment_rate": 5.31,
            "research_to_sale_ratio": 8.13,
            "price_fair": 462.35,
            "eps_avg_yearly": 13.21,
            "eps_latest_yearly": 14.2,
            "eps_growth_yearly": 58.7
        },
        "20203": {
            "year_quarter": 20203,
            "year": 2020,
            "quarter": 3,
            "eps": 4.06,
            "eps_growth_year": 27.27,
            "eps_4q": 13.09,
            "eps_4q_growth_year": 30.16,
            "roe": 4.26,
            "roe_4q": 13.739999999999998,
            "gross_profit": 303490,
            "gross_margin": 47.11,
            "gross_margin_4q_avg": 45.83,
            "net_income": 116321,
            "net_income_4q": null,
            "revenue": 644219,
            "revenue_4q": null,
            "common_shares": 292160,
            "book_valuer_per_share": 95.39,
            "book_valuer_per_share_4q_avg": 94.79,
            "equity": 2751975,
            "current_ratio": 159.97,
            "debt_ratio": 45.29,
            "inventory_turnover_ratio": 0.28,
            "account_receivable_turnover_ratio": 1.5,
            "reinvestment_rate": 14.5,
            "research_to_sale_ratio": 7.63,
            "price_fair": 473.38,
            "eps_avg_yearly": 13.53,
            "eps_latest_yearly": 16.24,
            "eps_growth_yearly": 63.8
        },
        "20204": {
            "year_quarter": 20204,
            "year": 2020,
            "quarter": 4,
            "eps": 3.92,
            "eps_growth_year": 26.46,
            "eps_4q": 13.91,
            "eps_4q_growth_year": 28.04,
            "roe": 3.95,
            "roe_4q": 14.420000000000002,
            "gross_profit": 314990,
            "gross_margin": 43.03,
            "gross_margin_4q_avg": 45.27,
            "net_income": 112235,
            "net_income_4q": null,
            "revenue": 732104,
            "revenue_4q": null,
            "common_shares": 292160,
            "book_valuer_per_share": 101.87,
            "book_valuer_per_share_4q_avg": 96.19,
            "equity": 2937755,
            "current_ratio": 159.82,
            "debt_ratio": 46.03,
            "inventory_turnover_ratio": 0.34,
            "account_receivable_turnover_ratio": 1.85,
            "reinvestment_rate": 20.64,
            "research_to_sale_ratio": 7.01,
            "price_fair": 452.03,
            "eps_avg_yearly": 12.92,
            "eps_latest_yearly": 15.68,
            "eps_growth_yearly": 31.15
        },
        "20211": {
            "year_quarter": 20211,
            "year": 2021,
            "quarter": 1,
            "eps": 4.85,
            "eps_growth_year": 103.78,
            "eps_4q": 16.38,
            "eps_4q_growth_year": 47.53,
            "roe": 4.53,
            "roe_4q": 16.490000000000002,
            "gross_profit": 331564,
            "gross_margin": 44.21,
            "gross_margin_4q_avg": 45.47,
            "net_income": 138185,
            "net_income_4q": null,
            "revenue": 750019,
            "revenue_4q": null,
            "common_shares": 292160,
            "book_valuer_per_share": 109.82,
            "book_valuer_per_share_4q_avg": 100.25,
            "equity": 3164351,
            "current_ratio": 166.95,
            "debt_ratio": 44.51,
            "inventory_turnover_ratio": 0.31,
            "account_receivable_turnover_ratio": 2.04,
            "reinvestment_rate": -25.37,
            "research_to_sale_ratio": 6.72,
            "price_fair": 469.09,
            "eps_avg_yearly": 13.4,
            "eps_latest_yearly": 19.4,
            "eps_growth_yearly": 50.69
        },
        "20212": {
            "year_quarter": 20212,
            "year": 2021,
            "quarter": 2,
            "eps": 5.06,
            "eps_growth_year": 42.54,
            "eps_4q": 17.89,
            "eps_4q_growth_year": 46.24,
            "roe": 4.59,
            "roe_4q": 17.33,
            "gross_profit": 356259,
            "gross_margin": 44.31,
            "gross_margin_4q_avg": 44.67,
            "net_income": 144665,
            "net_income_4q": null,
            "revenue": 803933,
            "revenue_4q": null,
            "common_shares": 292160,
            "book_valuer_per_share": 108.7,
            "book_valuer_per_share_4q_avg": 103.95,
            "equity": 3132783,
            "current_ratio": 160.76,
            "debt_ratio": 48.58,
            "inventory_turnover_ratio": 0.3,
            "account_receivable_turnover_ratio": 1.83,
            "reinvestment_rate": -38.44,
            "research_to_sale_ratio": 6.32,
            "price_fair": 439.51,
            "eps_avg_yearly": 13.12,
            "eps_latest_yearly": 20.24,
            "eps_growth_yearly": 23.49
        },
        "20213": {
            "year_quarter": 20213,
            "year": 2021,
            "quarter": 3,
            "eps": 5.12,
            "eps_growth_year": 26.11,
            "eps_4q": 18.94,
            "eps_4q_growth_year": 44.68,
            "roe": 4.85,
            "roe_4q": 17.919999999999998,
            "gross_profit": 399057,
            "gross_margin": 40.55,
            "gross_margin_4q_avg": 43.03,
            "net_income": 146897,
            "net_income_4q": null,
            "revenue": 984054,
            "revenue_4q": null,
            "common_shares": 292160,
            "book_valuer_per_share": 101.28,
            "book_valuer_per_share_4q_avg": 105.42,
            "equity": 2922248,
            "current_ratio": 154.2,
            "debt_ratio": 49.81,
            "inventory_turnover_ratio": 0.37,
            "account_receivable_turnover_ratio": 1.87,
            "reinvestment_rate": -30.94,
            "research_to_sale_ratio": 8.52,
            "price_fair": 461.65,
            "eps_avg_yearly": 13.19,
            "eps_latest_yearly": 20.48,
            "eps_growth_yearly": 29.17
        },
        "20214": {
            "year_quarter": 20214,
            "year": 2021,
            "quarter": 4,
            "eps": 8.45,
            "eps_growth_year": 115.43,
            "eps_4q": 23.47,
            "eps_4q_growth_year": 68.7,
            "roe": 7.92,
            "roe_4q": 21.89,
            "gross_profit": 476513,
            "gross_margin": 42.56,
            "gross_margin_4q_avg": 42.91,
            "net_income": 240927,
            "net_income_4q": null,
            "revenue": 1119693,
            "revenue_4q": null,
            "common_shares": 292160,
            "book_valuer_per_share": 109.63,
            "book_valuer_per_share_4q_avg": 107.36,
            "equity": 3160203,
            "current_ratio": 163.64,
            "debt_ratio": 48.61,
            "inventory_turnover_ratio": 0.4,
            "account_receivable_turnover_ratio": 1.96,
            "reinvestment_rate": -26.97,
            "research_to_sale_ratio": 7.45,
            "price_fair": 524.3,
            "eps_avg_yearly": 14.98,
            "eps_latest_yearly": 33.8,
            "eps_growth_yearly": 63.78
        },
        "20221": {
            "year_quarter": 20221,
            "year": 2022,
            "quarter": 1,
            "eps": 5.9,
            "eps_growth_year": 21.65,
            "eps_4q": 24.53,
            "eps_4q_growth_year": 49.74,
            "roe": 5.66,
            "roe_4q": 23.02,
            "gross_profit": 394906,
            "gross_margin": 42.85,
            "gross_margin_4q_avg": 42.57,
            "net_income": 170434,
            "net_income_4q": null,
            "revenue": 921574,
            "revenue_4q": null,
            "common_shares": 292160,
            "book_valuer_per_share": 99.13,
            "book_valuer_per_share_4q_avg": 104.69,
            "equity": 2862634,
            "current_ratio": 139.78,
            "debt_ratio": 56.6,
            "inventory_turnover_ratio": 0.32,
            "account_receivable_turnover_ratio": 1.64,
            "reinvestment_rate": 10.03,
            "research_to_sale_ratio": 9.8,
            "price_fair": 554.75,
            "eps_avg_yearly": 15.85,
            "eps_latest_yearly": 23.6,
            "eps_growth_yearly": 34.34
        },
        "20222": {
            "year_quarter": 20222,
            "year": 2022,
            "quarter": 2,
            "eps": 6.2,
            "eps_growth_year": 22.53,
            "eps_4q": 25.67,
            "eps_4q_growth_year": 43.55,
            "roe": 6.09,
            "roe_4q": 24.520000000000003,
            "gross_profit": 372624,
            "gross_margin": 41.96,
            "gross_margin_4q_avg": 41.98,
            "net_income": 177521,
            "net_income_4q": null,
            "revenue": 888106,
            "revenue_4q": null,
            "common_shares": 292160,
            "book_valuer_per_share": 102.66,
            "book_valuer_per_share_4q_avg": 103.18,
            "equity": 2964003,
            "current_ratio": 145.63,
            "debt_ratio": 56.48,
            "inventory_turnover_ratio": 0.29,
            "account_receivable_turnover_ratio": 1.72,
            "reinvestment_rate": 6.94,
            "research_to_sale_ratio": 7.88,
            "price_fair": 579.34,
            "eps_avg_yearly": 16.55,
            "eps_latest_yearly": 24.8,
            "eps_growth_yearly": 25.59
        },
        "20223": {
            "year_quarter": 20223,
            "year": 2022,
            "quarter": 3,
            "eps": 7.99,
            "eps_growth_year": 56.05,
            "eps_4q": 28.55,
            "eps_4q_growth_year": 50.72,
            "roe": 7.39,
            "roe_4q": 27.060000000000002,
            "gross_profit": 398401,
            "gross_margin": 44.2,
            "gross_margin_4q_avg": 42.89,
            "net_income": 227852,
            "net_income_4q": null,
            "revenue": 901403,
            "revenue_4q": null,
            "common_shares": 292160,
            "book_valuer_per_share": 110.92,
            "book_valuer_per_share_4q_avg": 105.59,
            "equity": 3199430,
            "current_ratio": 155.56,
            "debt_ratio": 52.19,
            "inventory_turnover_ratio": 0.27,
            "account_receivable_turnover_ratio": 1.79,
            "reinvestment_rate": 13.16,
            "research_to_sale_ratio": 7.24,
            "price_fair": 624.49,
            "eps_avg_yearly": 17.84,
            "eps_latest_yearly": 31.96,
            "eps_growth_yearly": 36.93
        },
        "20224": {
            "year_quarter": 20224,
            "year": 2022,
            "quarter": 4,
            "eps": 5.22,
            "eps_growth_year": -38.26,
            "eps_4q": 25.32,
            "eps_4q_growth_year": 7.86,
            "roe": 4.53,
            "roe_4q": 23.669999999999998,
            "gross_profit": 451878,
            "gross_margin": 44.64,
            "gross_margin_4q_avg": 43.41,
            "net_income": 149688,
            "net_income_4q": null,
            "revenue": 1012293,
            "revenue_4q": null,
            "common_shares": 292160,
            "book_valuer_per_share": 118.11,
            "book_valuer_per_share_4q_avg": 107.71,
            "equity": 3405379,
            "current_ratio": 165.73,
            "debt_ratio": 50.75,
            "inventory_turnover_ratio": 0.29,
            "account_receivable_turnover_ratio": 2.02,
            "reinvestment_rate": 15.94,
            "research_to_sale_ratio": 6.66,
            "price_fair": 646.98,
            "eps_avg_yearly": 18.49,
            "eps_latest_yearly": 20.88,
            "eps_growth_yearly": 29.86
        },
        "20231": {
            "year_quarter": 20231,
            "year": 2023,
            "quarter": 1,
            "eps": 4.1,
            "eps_growth_year": -30.51,
            "eps_4q": 23.51,
            "eps_4q_growth_year": -4.14,
            "roe": 3.6,
            "roe_4q": 21.61,
            "gross_profit": 339018,
            "gross_margin": 41.68,
            "gross_margin_4q_avg": 43.12,
            "net_income": 116933,
            "net_income_4q": null,
            "revenue": 813332,
            "revenue_4q": null,
            "common_shares": 292160,
            "book_valuer_per_share": 107.03,
            "book_valuer_per_share_4q_avg": 109.68,
            "equity": 3087323,
            "current_ratio": 159.81,
            "debt_ratio": 56.6,
            "inventory_turnover_ratio": 0.25,
            "account_receivable_turnover_ratio": 1.8,
            "reinvestment_rate": 15.84,
            "research_to_sale_ratio": 6.43,
            "price_fair": 662.29,
            "eps_avg_yearly": 18.92,
            "eps_latest_yearly": 16.4,
            "eps_growth_yearly": 27.32
        },
        "20232": {
            "year_quarter": 20232,
            "year": 2023,
            "quarter": 2,
            "eps": 5.33,
            "eps_growth_year": -14.03,
            "eps_4q": 22.57,
            "eps_4q_growth_year": -12.08,
            "roe": 4.75,
            "roe_4q": 20.27,
            "gross_profit": 337434,
            "gross_margin": 39.14,
            "gross_margin_4q_avg": 42.42,
            "net_income": 152391,
            "net_income_4q": null,
            "revenue": 862050,
            "revenue_4q": null,
            "common_shares": 292160,
            "book_valuer_per_share": 115.14,
            "book_valuer_per_share_4q_avg": 112.8,
            "equity": 3331498,
            "current_ratio": 165.26,
            "debt_ratio": 55.71,
            "inventory_turnover_ratio": 0.29,
            "account_receivable_turnover_ratio": 1.82,
            "reinvestment_rate": 19.15,
            "research_to_sale_ratio": 6.4,
            "price_fair": 686.18,
            "eps_avg_yearly": 19.61,
            "eps_latest_yearly": 21.32,
            "eps_growth_yearly": 32.16
        },
        "20233": {
            "year_quarter": 20233,
            "year": 2023,
            "quarter": 3,
            "eps": 5.54,
            "eps_growth_year": -30.66,
            "eps_4q": 20.15,
            "eps_4q_growth_year": -29.43,
            "roe": 4.62,
            "roe_4q": 17.5,
            "gross_profit": 322595,
            "gross_margin": 38.85,
            "gross_margin_4q_avg": 41.08,
            "net_income": 158654,
            "net_income_4q": null,
            "revenue": 830362,
            "revenue_4q": null,
            "common_shares": 292160,
            "book_valuer_per_share": 122.33,
            "book_valuer_per_share_4q_avg": 115.65,
            "equity": 3537569,
            "current_ratio": 177,
            "debt_ratio": 51.34,
            "inventory_turnover_ratio": 0.29,
            "account_receivable_turnover_ratio": 1.79,
            "reinvestment_rate": 28.89,
            "research_to_sale_ratio": 5.76,
            "price_fair": 706.74,
            "eps_avg_yearly": 20.19,
            "eps_latest_yearly": 22.16,
            "eps_growth_yearly": 27.48
        }
    },
    "months": {
        "2009-05": {
            "month": "2009-05",
            "price": "22.45",
            "revenue": 91592
        },
        "2009-06": {
            "month": "2009-06",
            "price": "21.48",
            "revenue": 428
        },
        "2009-07": {
            "month": "2009-07",
            "price": "20.03",
            "revenue": 1134
        },
        "2009-08": {
            "month": "2009-08",
            "price": "20.08",
            "revenue": 19477
        },
        "2009-09": {
            "month": "2009-09",
            "price": "30.82",
            "revenue": 28484
        },
        "2009-10": {
            "month": "2009-10",
            "price": "29.26",
            "revenue": 18499
        },
        "2009-11": {
            "month": "2009-11",
            "price": "29.29",
            "revenue": 63949
        },
        "2009-12": {
            "month": "2009-12",
            "price": "36.41",
            "revenue": 37134
        },
        "2010-01": {
            "month": "2010-01",
            "price": "44.09",
            "revenue": 57650
        },
        "2010-02": {
            "month": "2010-02",
            "price": "41.10",
            "revenue": 43547
        },
        "2010-03": {
            "month": "2010-03",
            "price": "43.47",
            "revenue": 5097
        },
        "2010-04": {
            "month": "2010-04",
            "price": "42.51",
            "revenue": 41193
        },
        "2010-05": {
            "month": "2010-05",
            "price": "37.22",
            "revenue": 58818
        },
        "2010-06": {
            "month": "2010-06",
            "price": "37.55",
            "revenue": 192038
        },
        "2010-07": {
            "month": "2010-07",
            "price": "40.36",
            "revenue": 148432
        },
        "2010-08": {
            "month": "2010-08",
            "price": "49.24",
            "revenue": 87153
        },
        "2010-09": {
            "month": "2010-09",
            "price": "55.15",
            "revenue": 105040
        },
        "2010-10": {
            "month": "2010-10",
            "price": "59.09",
            "revenue": 151794
        },
        "2010-11": {
            "month": "2010-11",
            "price": "69.92",
            "revenue": 12526
        },
        "2010-12": {
            "month": "2010-12",
            "price": "83.74",
            "revenue": 138705
        },
        "2011-01": {
            "month": "2011-01",
            "price": "100.74",
            "revenue": 135341
        },
        "2011-02": {
            "month": "2011-02",
            "price": "93.05",
            "revenue": 48423
        },
        "2011-03": {
            "month": "2011-03",
            "price": "100.47",
            "revenue": 94601
        },
        "2011-04": {
            "month": "2011-04",
            "price": "102.54",
            "revenue": 11620
        },
        "2011-05": {
            "month": "2011-05",
            "price": "99.74",
            "revenue": 111272
        },
        "2011-06": {
            "month": "2011-06",
            "price": "97.92",
            "revenue": 151144
        },
        "2011-07": {
            "month": "2011-07",
            "price": "81.87",
            "revenue": 109668
        },
        "2011-08": {
            "month": "2011-08",
            "price": "59.23",
            "revenue": 44937
        },
        "2011-09": {
            "month": "2011-09",
            "price": "55.33",
            "revenue": 129728
        },
        "2011-10": {
            "month": "2011-10",
            "price": "55.74",
            "revenue": 109111
        },
        "2011-11": {
            "month": "2011-11",
            "price": "64.70",
            "revenue": 84585
        },
        "2011-12": {
            "month": "2011-12",
            "price": "61.71",
            "revenue": 76365
        },
        "2012-01": {
            "month": "2012-01",
            "price": "63.12",
            "revenue": 104734
        },
        "2012-02": {
            "month": "2012-02",
            "price": "75.00",
            "revenue": 44217
        },
        "2012-03": {
            "month": "2012-03",
            "price": "81.83",
            "revenue": 89025
        },
        "2012-04": {
            "month": "2012-04",
            "price": "78.61",
            "revenue": 6102
        },
        "2012-05": {
            "month": "2012-05",
            "price": "74.78",
            "revenue": 76217
        },
        "2012-06": {
            "month": "2012-06",
            "price": "74.53",
            "revenue": 273425
        },
        "2012-07": {
            "month": "2012-07",
            "price": "73.85",
            "revenue": 121899
        },
        "2012-08": {
            "month": "2012-08",
            "price": "75.27",
            "revenue": 108690
        },
        "2012-09": {
            "month": "2012-09",
            "price": "75.24",
            "revenue": 214449
        },
        "2012-10": {
            "month": "2012-10",
            "price": "78.57",
            "revenue": 173808
        },
        "2012-11": {
            "month": "2012-11",
            "price": "103.21",
            "revenue": 183423
        },
        "2012-12": {
            "month": "2012-12",
            "price": "161.02",
            "revenue": 172800
        },
        "2013-01": {
            "month": "2013-01",
            "price": "176.41",
            "revenue": 327171
        },
        "2013-02": {
            "month": "2013-02",
            "price": "206.77",
            "revenue": 67434
        },
        "2013-03": {
            "month": "2013-03",
            "price": "288.79",
            "revenue": 135633
        },
        "2013-04": {
            "month": "2013-04",
            "price": "270.40",
            "revenue": 122427
        },
        "2013-05": {
            "month": "2013-05",
            "price": "248.84",
            "revenue": 230300
        },
        "2013-06": {
            "month": "2013-06",
            "price": "237.39",
            "revenue": 306439
        },
        "2013-07": {
            "month": "2013-07",
            "price": "244.13",
            "revenue": 133486
        },
        "2013-08": {
            "month": "2013-08",
            "price": "226.52",
            "revenue": 108191
        },
        "2013-09": {
            "month": "2013-09",
            "price": "197.25",
            "revenue": 311364
        },
        "2013-10": {
            "month": "2013-10",
            "price": "217.59",
            "revenue": 208769
        },
        "2013-11": {
            "month": "2013-11",
            "price": "224.24",
            "revenue": 141664
        },
        "2013-12": {
            "month": "2013-12",
            "price": "225.00",
            "revenue": 185875
        },
        "2014-01": {
            "month": "2014-01",
            "price": "214.00",
            "revenue": 253961
        },
        "2014-02": {
            "month": "2014-02",
            "price": "216.44",
            "revenue": 73847
        },
        "2014-03": {
            "month": "2014-03",
            "price": "246.71",
            "revenue": 82919
        },
        "2014-04": {
            "month": "2014-04",
            "price": "215.57",
            "revenue": 118283
        },
        "2014-05": {
            "month": "2014-05",
            "price": "189.02",
            "revenue": 45219
        },
        "2014-06": {
            "month": "2014-06",
            "price": "177.20",
            "revenue": 66537
        },
        "2014-07": {
            "month": "2014-07",
            "price": "153.25",
            "revenue": 97175
        },
        "2014-08": {
            "month": "2014-08",
            "price": "144.36",
            "revenue": 135733
        },
        "2014-09": {
            "month": "2014-09",
            "price": "160.26",
            "revenue": 164881
        },
        "2014-10": {
            "month": "2014-10",
            "price": "136.77",
            "revenue": 159435
        },
        "2014-11": {
            "month": "2014-11",
            "price": "130.15",
            "revenue": 151982
        },
        "2014-12": {
            "month": "2014-12",
            "price": "154.10",
            "revenue": 259884
        },
        "2015-01": {
            "month": "2015-01",
            "price": "160.98",
            "revenue": 120607
        },
        "2015-02": {
            "month": "2015-02",
            "price": "149.04",
            "revenue": 114885
        },
        "2015-03": {
            "month": "2015-03",
            "price": "151.77",
            "revenue": 135108
        },
        "2015-04": {
            "month": "2015-04",
            "price": "150.08",
            "revenue": 139422
        },
        "2015-05": {
            "month": "2015-05",
            "price": "151.78",
            "revenue": 151299
        },
        "2015-06": {
            "month": "2015-06",
            "price": "164.24",
            "revenue": 143250
        },
        "2015-07": {
            "month": "2015-07",
            "price": "185.34",
            "revenue": 173370
        },
        "2015-08": {
            "month": "2015-08",
            "price": "158.95",
            "revenue": 196925
        },
        "2015-09": {
            "month": "2015-09",
            "price": "178.68",
            "revenue": 145131
        },
        "2015-10": {
            "month": "2015-10",
            "price": "182.05",
            "revenue": 181224
        },
        "2015-11": {
            "month": "2015-11",
            "price": "173.95",
            "revenue": 181229
        },
        "2015-12": {
            "month": "2015-12",
            "price": "230.78",
            "revenue": 315586
        },
        "2016-01": {
            "month": "2016-01",
            "price": "213.55",
            "revenue": 144217
        },
        "2016-02": {
            "month": "2016-02",
            "price": "235.08",
            "revenue": 162830
        },
        "2016-03": {
            "month": "2016-03",
            "price": "251.85",
            "revenue": 188396
        },
        "2016-04": {
            "month": "2016-04",
            "price": "238.11",
            "revenue": 133409
        },
        "2016-05": {
            "month": "2016-05",
            "price": "215.64",
            "revenue": 189143
        },
        "2016-06": {
            "month": "2016-06",
            "price": "217.33",
            "revenue": 178993
        },
        "2016-07": {
            "month": "2016-07",
            "price": "214.90",
            "revenue": 165836
        },
        "2016-08": {
            "month": "2016-08",
            "price": "190.04",
            "revenue": 189148
        },
        "2016-09": {
            "month": "2016-09",
            "price": "185.39",
            "revenue": 221270
        },
        "2016-10": {
            "month": "2016-10",
            "price": "201.22",
            "revenue": 196833
        },
        "2016-11": {
            "month": "2016-11",
            "price": "185.39",
            "revenue": 240183
        },
        "2016-12": {
            "month": "2016-12",
            "price": "185.73",
            "revenue": 153274
        },
        "2017-01": {
            "month": "2017-01",
            "price": "173.28",
            "revenue": 153358
        },
        "2017-02": {
            "month": "2017-02",
            "price": "170.28",
            "revenue": 151081
        },
        "2017-03": {
            "month": "2017-03",
            "price": "178.85",
            "revenue": 186980
        },
        "2017-04": {
            "month": "2017-04",
            "price": "174.72",
            "revenue": 186267
        },
        "2017-05": {
            "month": "2017-05",
            "price": "176.92",
            "revenue": 197099
        },
        "2017-06": {
            "month": "2017-06",
            "price": "201.48",
            "revenue": 230989
        },
        "2017-07": {
            "month": "2017-07",
            "price": "198.14",
            "revenue": 195899
        },
        "2017-08": {
            "month": "2017-08",
            "price": "212.67",
            "revenue": 197123
        },
        "2017-09": {
            "month": "2017-09",
            "price": "200.25",
            "revenue": 163889
        },
        "2017-10": {
            "month": "2017-10",
            "price": "192.89",
            "revenue": 168755
        },
        "2017-11": {
            "month": "2017-11",
            "price": "192.45",
            "revenue": 146707
        },
        "2017-12": {
            "month": "2017-12",
            "price": "179.86",
            "revenue": 141106
        },
        "2018-01": {
            "month": "2018-01",
            "price": "178.48",
            "revenue": 132755
        },
        "2018-02": {
            "month": "2018-02",
            "price": "170.77",
            "revenue": 122935
        },
        "2018-03": {
            "month": "2018-03",
            "price": "172.93",
            "revenue": 126637
        },
        "2018-04": {
            "month": "2018-04",
            "price": "164.08",
            "revenue": 128898
        },
        "2018-05": {
            "month": "2018-05",
            "price": "150.36",
            "revenue": 136701
        },
        "2018-06": {
            "month": "2018-06",
            "price": "148.05",
            "revenue": 149237
        },
        "2018-07": {
            "month": "2018-07",
            "price": "140.80",
            "revenue": 108436
        },
        "2018-08": {
            "month": "2018-08",
            "price": "128.04",
            "revenue": 118010
        },
        "2018-09": {
            "month": "2018-09",
            "price": "118.29",
            "revenue": 109433
        },
        "2018-10": {
            "month": "2018-10",
            "price": "105.70",
            "revenue": 119180
        },
        "2018-11": {
            "month": "2018-11",
            "price": "104.67",
            "revenue": 110206
        },
        "2018-12": {
            "month": "2018-12",
            "price": "108.43",
            "revenue": 121939
        },
        "2019-01": {
            "month": "2019-01",
            "price": "107.12",
            "revenue": 139884
        },
        "2019-02": {
            "month": "2019-02",
            "price": "115.88",
            "revenue": 104055
        },
        "2019-03": {
            "month": "2019-03",
            "price": "118.68",
            "revenue": 159619
        },
        "2019-04": {
            "month": "2019-04",
            "price": "132.28",
            "revenue": 152059
        },
        "2019-05": {
            "month": "2019-05",
            "price": "131.77",
            "revenue": 141644
        },
        "2019-06": {
            "month": "2019-06",
            "price": "128.26",
            "revenue": 175286
        },
        "2019-07": {
            "month": "2019-07",
            "price": "134.43",
            "revenue": 162663
        },
        "2019-08": {
            "month": "2019-08",
            "price": "132.55",
            "revenue": 183809
        },
        "2019-09": {
            "month": "2019-09",
            "price": "150.71",
            "revenue": 220653
        },
        "2019-10": {
            "month": "2019-10",
            "price": "162.14",
            "revenue": 201936
        },
        "2019-11": {
            "month": "2019-11",
            "price": "210.21",
            "revenue": 214056
        },
        "2019-12": {
            "month": "2019-12",
            "price": "257.75",
            "revenue": 205725
        },
        "2020-01": {
            "month": "2020-01",
            "price": "277.63",
            "revenue": 177088
        },
        "2020-02": {
            "month": "2020-02",
            "price": "280.61",
            "revenue": 159057
        },
        "2020-03": {
            "month": "2020-03",
            "price": "198.68",
            "revenue": 157889
        },
        "2020-04": {
            "month": "2020-04",
            "price": "209.58",
            "revenue": 183570
        },
        "2020-05": {
            "month": "2020-05",
            "price": "229.22",
            "revenue": 192067
        },
        "2020-06": {
            "month": "2020-06",
            "price": "231.65",
            "revenue": 241676
        },
        "2020-07": {
            "month": "2020-07",
            "price": "354.52",
            "revenue": 222561
        },
        "2020-08": {
            "month": "2020-08",
            "price": "350.12",
            "revenue": 206852
        },
        "2020-09": {
            "month": "2020-09",
            "price": "365.57",
            "revenue": 214805
        },
        "2020-10": {
            "month": "2020-10",
            "price": "374.18",
            "revenue": 217341
        },
        "2020-11": {
            "month": "2020-11",
            "price": "361.98",
            "revenue": 227520
        },
        "2020-12": {
            "month": "2020-12",
            "price": "399.87",
            "revenue": 287244
        },
        "2021-01": {
            "month": "2021-01",
            "price": "406.90",
            "revenue": 235903
        },
        "2021-02": {
            "month": "2021-02",
            "price": "375.62",
            "revenue": 272741
        },
        "2021-03": {
            "month": "2021-03",
            "price": "348.32",
            "revenue": 241376
        },
        "2021-04": {
            "month": "2021-04",
            "price": "356.03",
            "revenue": 270941
        },
        "2021-05": {
            "month": "2021-05",
            "price": "310.55",
            "revenue": 267135
        },
        "2021-06": {
            "month": "2021-06",
            "price": "387.07",
            "revenue": 265857
        },
        "2021-07": {
            "month": "2021-07",
            "price": "415.39",
            "revenue": 346626
        },
        "2021-08": {
            "month": "2021-08",
            "price": "404.86",
            "revenue": 305678
        },
        "2021-09": {
            "month": "2021-09",
            "price": "375.22",
            "revenue": 331750
        },
        "2021-10": {
            "month": "2021-10",
            "price": "334.28",
            "revenue": 395213
        },
        "2021-11": {
            "month": "2021-11",
            "price": "380.00",
            "revenue": 348302
        },
        "2021-12": {
            "month": "2021-12",
            "price": "361.55",
            "revenue": 376178
        },
        "2022-01": {
            "month": "2022-01",
            "price": "351.47",
            "revenue": 333540
        },
        "2022-02": {
            "month": "2022-02",
            "price": "334.10",
            "revenue": 299408
        },
        "2022-03": {
            "month": "2022-03",
            "price": "315.39",
            "revenue": 288625
        },
        "2022-04": {
            "month": "2022-04",
            "price": "307.00",
            "revenue": 274061
        },
        "2022-05": {
            "month": "2022-05",
            "price": "290.93",
            "revenue": 286719
        },
        "2022-06": {
            "month": "2022-06",
            "price": "273.19",
            "revenue": 327327
        },
        "2022-07": {
            "month": "2022-07",
            "price": "226.88",
            "revenue": 326458
        },
        "2022-08": {
            "month": "2022-08",
            "price": "241.74",
            "revenue": 277863
        },
        "2022-09": {
            "month": "2022-09",
            "price": "255.81",
            "revenue": 297082
        },
        "2022-10": {
            "month": "2022-10",
            "price": "191.75",
            "revenue": 385501
        },
        "2022-11": {
            "month": "2022-11",
            "price": "215.25",
            "revenue": 357614
        },
        "2022-12": {
            "month": "2022-12",
            "price": "231.68",
            "revenue": 269178
        },
        "2023-01": {
            "month": "2023-01",
            "price": "232.54",
            "revenue": 247797
        },
        "2023-02": {
            "month": "2023-02",
            "price": "249.69",
            "revenue": 250081
        },
        "2023-03": {
            "month": "2023-03",
            "price": "290.30",
            "revenue": 315455
        },
        "2023-04": {
            "month": "2023-04",
            "price": "321.26",
            "revenue": 260001
        },
        "2023-05": {
            "month": "2023-05",
            "price": "386.02",
            "revenue": 274485
        },
        "2023-06": {
            "month": "2023-06",
            "price": "533.32",
            "revenue": 327563
        },
        "2023-07": {
            "month": "2023-07",
            "price": "595.76",
            "revenue": 305631
        },
        "2023-08": {
            "month": "2023-08",
            "price": "543.55",
            "revenue": 235597
        },
        "2023-09": {
            "month": "2023-09",
            "price": "503.05",
            "revenue": 289134
        },
        "2023-10": {
            "month": "2023-10",
            "price": "475.42",
            "revenue": 310048
        },
        "2023-11": {
            "month": "2023-11",
            "price": "492.45",
            "revenue": 468403
        },
        "2023-12": {
            "month": "2023-12",
            "price": "554.00",
            "revenue": 259799
        }
    }
}
