{
    "summary": {
        "stock_name": "耀登",
        "stock_id": "3138",
        "category": "通信網路",
        "main_business": "射頻應用產品之天線研發製造及相關進出口貿易業務。<br>人體手持、穿戴與植入系統的安全性與電磁相容之評估服務。<br>代理精密量測儀器及國內外廠商產品之投標報價經銷業務。",
        "website_url": "http://www.auden.com.tw",
        "ceo": "張玉斌",
        "pe_ratio": 22,
        "report_year_from": 2001,
        "report_year_to": 2023,
        "age": 23,
        "eps_negative_percentage": 0,
        "eps_growth_avg": {
            "last_all": 22.52,
            "last_2y": 22.52,
            "last_4y": null,
            "last_8y": null,
            "last_12y": null,
            "last_16y": null,
            "last_20y": null,
            "at_2006_last_3y": null,
            "at_2007_last_3y": null,
            "at_2008_last_3y": null,
            "at_2009_last_3y": null,
            "at_2010_last_3y": null,
            "at_2011_last_3y": null,
            "at_2012_last_3y": null,
            "at_2013_last_3y": null,
            "at_2014_last_3y": null,
            "at_2015_last_3y": null,
            "at_2016_last_3y": null,
            "at_2017_last_3y": null,
            "at_2018_last_3y": null,
            "at_2019_last_3y": null,
            "at_2020_last_3y": null,
            "at_2021_last_3y": null,
            "at_2022_last_3y": null,
            "at_2023_last_3y": null,
            "at_2024_last_3y": null,
            "at_2006_last_all": null,
            "at_2007_last_all": null,
            "at_2008_last_all": null,
            "at_2009_last_all": null,
            "at_2010_last_all": null,
            "at_2011_last_all": null,
            "at_2012_last_all": null,
            "at_2013_last_all": null,
            "at_2014_last_all": null,
            "at_2015_last_all": null,
            "at_2016_last_all": null,
            "at_2017_last_all": null,
            "at_2018_last_all": null,
            "at_2019_last_all": null,
            "at_2020_last_all": null,
            "at_2021_last_all": 100,
            "at_2022_last_all": 57.91,
            "at_2023_last_all": 22.52,
            "at_2024_last_all": 22.52
        },
        "latest_eps": 7.04,
        "latest_price": 153,
        "latest_roe": 21.1,
        "latest_gross_margin": 42.78,
        "latest_equity": 1643219,
        "latest_revenue": 464146,
        "latest_gross_profit": 198539,
        "latest_net_income": 72438,
        "latest_debt_ratio": 44.87,
        "latest_current_ratio": 308.51,
        "latest_account_receivable_turnover_ratio": 1.04,
        "latest_inventory_turnover_ratio": 0.81,
        "latest_reinvestment_rate": null,
        "latest_research_to_sale_ratio": 10.17
    },
    "eps_dividends": {
        "2001": {
            "cash": 0,
            "stock": 0,
            "eps": 0
        },
        "2002": {
            "cash": 0,
            "stock": 0,
            "eps": 0
        },
        "2003": {
            "cash": 0,
            "stock": 0,
            "eps": 0
        },
        "2004": {
            "cash": 0,
            "stock": 0,
            "eps": 0
        },
        "2005": {
            "cash": 0,
            "stock": 0,
            "eps": 0
        },
        "2006": {
            "cash": 0,
            "stock": 1,
            "eps": 0
        },
        "2007": {
            "cash": 0,
            "stock": 0,
            "eps": 0
        },
        "2008": {
            "cash": 0,
            "stock": 0,
            "eps": 0
        },
        "2009": {
            "cash": 0,
            "stock": 0,
            "eps": 0
        },
        "2010": {
            "cash": 0,
            "stock": 0,
            "eps": 0
        },
        "2011": {
            "cash": 0,
            "stock": 0,
            "eps": 0
        },
        "2012": {
            "cash": 0,
            "stock": 0,
            "eps": 0
        },
        "2013": {
            "cash": 0,
            "stock": 0,
            "eps": 0
        },
        "2014": {
            "cash": 0,
            "stock": 0,
            "eps": 0
        },
        "2015": {
            "cash": 0.3,
            "stock": 0,
            "eps": 0
        },
        "2016": {
            "cash": 1,
            "stock": 0,
            "eps": 0
        },
        "2017": {
            "cash": 1,
            "stock": 0,
            "eps": 0
        },
        "2018": {
            "cash": 0.62,
            "stock": 0,
            "eps": 0
        },
        "2019": {
            "cash": 0.7,
            "stock": 0.2,
            "eps": 0
        },
        "2020": {
            "cash": 1,
            "stock": 0,
            "eps": 2.63
        },
        "2021": {
            "cash": 1.6,
            "stock": 0,
            "eps": 5.94
        },
        "2022": {
            "cash": 3,
            "stock": 0,
            "eps": 6.88
        },
        "2023": {
            "cash": 7,
            "stock": 0,
            "eps": 3.56
        }
    },
    "dividends": {
        "2006-04-06": {
            "cash": 0,
            "stock": 1
        },
        "2015-09-30": {
            "cash": 0.3,
            "stock": 0
        },
        "2016-07-27": {
            "cash": 1,
            "stock": 0
        },
        "2017-07-21": {
            "cash": 1,
            "stock": 0
        },
        "2018-07-13": {
            "cash": 0.62,
            "stock": 0
        },
        "2019-08-26": {
            "cash": 0.7,
            "stock": 0.2
        },
        "2020-08-12": {
            "cash": 1,
            "stock": 0
        },
        "2021-09-10": {
            "cash": 1.6,
            "stock": 0
        },
        "2022-09-05": {
            "cash": 3,
            "stock": 0
        },
        "2023-03-14": {
            "cash": 3.5,
            "stock": 0
        },
        "2023-05-19": {
            "cash": 3.5,
            "stock": 0
        }
    },
    "prices": {
        "200101": "無",
        "200102": "無",
        "200103": "無",
        "200104": "無",
        "200105": "無",
        "200106": "無",
        "200107": "無",
        "200108": "無",
        "200109": "無",
        "200110": "無",
        "200111": "無",
        "200112": "無",
        "200201": "無",
        "200202": "無",
        "200203": "無",
        "200204": "無",
        "200205": "無",
        "200206": "無",
        "200207": "無",
        "200208": "無",
        "200209": "無",
        "200210": "無",
        "200211": "無",
        "200212": "無",
        "200301": "無",
        "200302": "無",
        "200303": "無",
        "200304": "無",
        "200305": "無",
        "200306": "無",
        "200307": "無",
        "200308": "無",
        "200309": "無",
        "200310": "無",
        "200311": "無",
        "200312": "無",
        "200401": "無",
        "200402": "無",
        "200403": "無",
        "200404": "無",
        "200405": "無",
        "200406": "無",
        "200407": "無",
        "200408": "無",
        "200409": "12.60",
        "200410": "13.65",
        "200411": "13.50",
        "200412": "12.00",
        "200501": "13.00",
        "200502": "15.10",
        "200503": "15.10",
        "200504": "13.01",
        "200505": "13.21",
        "200506": "13.18",
        "200507": "12.90",
        "200508": "12.61",
        "200509": "11.52",
        "200510": "無",
        "200511": "11.15",
        "200512": "12.82",
        "200601": "13.69",
        "200602": "12.69",
        "200603": "12.68",
        "200604": "14.46",
        "200605": "15.62",
        "200606": "12.25",
        "200607": "10.87",
        "200608": "10.04",
        "200609": "8.12",
        "200610": "7.59",
        "200611": "7.48",
        "200612": "7.50",
        "200701": "6.89",
        "200702": "7.90",
        "200703": "7.95",
        "200704": "7.89",
        "200705": "8.01",
        "200706": "8.08",
        "200707": "8.11",
        "200708": "8.09",
        "200709": "8.13",
        "200710": "8.21",
        "200711": "7.14",
        "200712": "7.80",
        "200801": "8.43",
        "200802": "8.71",
        "200803": "8.92",
        "200804": "9.67",
        "200805": "11.48",
        "200806": "12.98",
        "200807": "11.18",
        "200808": "9.85",
        "200809": "9.63",
        "200810": "8.50",
        "200811": "7.89",
        "200812": "7.23",
        "200901": "6.75",
        "200902": "6.30",
        "200903": "5.83",
        "200904": "5.95",
        "200905": "無",
        "200906": "6.57",
        "200907": "7.98",
        "200908": "8.17",
        "200909": "7.21",
        "200910": "6.39",
        "200911": "6.40",
        "200912": "6.77",
        "201001": "7.62",
        "201002": "7.90",
        "201003": "7.00",
        "201004": "8.35",
        "201005": "8.95",
        "201006": "8.62",
        "201007": "8.35",
        "201008": "7.69",
        "201009": "8.36",
        "201010": "8.60",
        "201011": "8.46",
        "201012": "8.25",
        "201101": "8.02",
        "201102": "7.67",
        "201103": "7.70",
        "201104": "7.68",
        "201105": "7.65",
        "201106": "7.38",
        "201107": "6.90",
        "201108": "6.29",
        "201109": "5.95",
        "201110": "5.86",
        "201111": "5.85",
        "201112": "4.35",
        "201201": "4.48",
        "201202": "5.35",
        "201203": "5.72",
        "201204": "6.74",
        "201205": "5.84",
        "201206": "5.42",
        "201207": "5.12",
        "201208": "4.35",
        "201209": "5.14",
        "201210": "5.09",
        "201211": "4.67",
        "201212": "5.08",
        "201301": "5.57",
        "201302": "6.14",
        "201303": "8.32",
        "201304": "8.14",
        "201305": "8.16",
        "201306": "8.98",
        "201307": "9.59",
        "201308": "8.88",
        "201309": "7.71",
        "201310": "7.99",
        "201311": "7.62",
        "201312": "7.77",
        "201401": "7.90",
        "201402": "9.59",
        "201403": "9.38",
        "201404": "9.64",
        "201405": "9.71",
        "201406": "9.97",
        "201407": "10.10",
        "201408": "10.17",
        "201409": "10.54",
        "201410": "10.66",
        "201411": "10.57",
        "201412": "11.16",
        "201501": "10.98",
        "201502": "11.44",
        "201503": "14.07",
        "201504": "14.19",
        "201505": "12.42",
        "201506": "11.65",
        "201507": "12.00",
        "201508": "11.31",
        "201509": "11.58",
        "201510": "12.14",
        "201511": "12.76",
        "201512": "13.63",
        "201601": "12.12",
        "201602": "13.02",
        "201603": "15.35",
        "201604": "17.54",
        "201605": "16.45",
        "201606": "16.04",
        "201607": "14.93",
        "201608": "13.81",
        "201609": "12.96",
        "201610": "13.73",
        "201611": "11.11",
        "201612": "10.90",
        "201701": "11.35",
        "201702": "11.60",
        "201703": "13.30",
        "201704": "14.21",
        "201705": "15.09",
        "201706": "15.55",
        "201707": "13.22",
        "201708": "12.59",
        "201709": "12.72",
        "201710": "12.97",
        "201711": "13.26",
        "201712": "13.44",
        "201801": "13.38",
        "201802": "13.07",
        "201803": "13.27",
        "201804": "12.74",
        "201805": "11.92",
        "201806": "12.36",
        "201807": "11.18",
        "201808": "11.43",
        "201809": "11.73",
        "201810": "11.34",
        "201811": "11.40",
        "201812": "11.90",
        "201901": "12.53",
        "201902": "13.28",
        "201903": "22.90",
        "201904": "32.43",
        "201905": "29.55",
        "201906": "29.21",
        "201907": "32.74",
        "201908": "40.16",
        "201909": "40.43",
        "201910": "40.60",
        "201911": "42.41",
        "201912": "48.90",
        "202001": "46.96",
        "202002": "40.65",
        "202003": "34.64",
        "202004": "38.87",
        "202005": "54.70",
        "202006": "70.47",
        "202007": "76.49",
        "202008": "79.07",
        "202009": "89.63",
        "202010": "96.21",
        "202011": "84.61",
        "202012": "107.65",
        "202101": "249.92",
        "202102": "392.46",
        "202103": "452.34",
        "202104": "289.55",
        "202105": "180.50",
        "202106": "217.69",
        "202107": "237.07",
        "202108": "193.27",
        "202109": "184.58",
        "202110": "184.08",
        "202111": "231.14",
        "202112": "226.86",
        "202201": "207.97",
        "202202": "184.40",
        "202203": "175.85",
        "202204": "166.61",
        "202205": "152.10",
        "202206": "145.71",
        "202207": "122.79",
        "202208": "130.80",
        "202209": "148.17",
        "202210": "128.12",
        "202211": "131.82",
        "202212": "137.89",
        "202301": "136.38",
        "202302": "149.08",
        "202303": "163.00",
        "202304": "160.76",
        "202305": "150.07",
        "202306": "150.12",
        "202307": "145.86",
        "202308": "141.14",
        "202309": "148.95",
        "202310": "150.22",
        "202311": "151.39",
        "202312": "157.88"
    },
    "quarters": {
        "20011": {
            "year_quarter": 20011,
            "year": 2001,
            "quarter": 1,
            "eps": null,
            "eps_growth_year": null,
            "eps_4q": null,
            "eps_4q_growth_year": null,
            "roe": null,
            "roe_4q": 0,
            "gross_profit": null,
            "gross_margin": null,
            "gross_margin_4q_avg": 0,
            "net_income": null,
            "net_income_4q": null,
            "revenue": null,
            "revenue_4q": null,
            "common_shares": null,
            "book_valuer_per_share": null,
            "book_valuer_per_share_4q_avg": 0,
            "equity": null,
            "current_ratio": null,
            "debt_ratio": null,
            "inventory_turnover_ratio": null,
            "account_receivable_turnover_ratio": null,
            "reinvestment_rate": null,
            "research_to_sale_ratio": null,
            "price_fair": 0,
            "eps_avg_yearly": 0,
            "eps_latest_yearly": 0,
            "eps_growth_yearly": 0
        },
        "20012": {
            "year_quarter": 20012,
            "year": 2001,
            "quarter": 2,
            "eps": null,
            "eps_growth_year": null,
            "eps_4q": null,
            "eps_4q_growth_year": null,
            "roe": null,
            "roe_4q": 0,
            "gross_profit": null,
            "gross_margin": null,
            "gross_margin_4q_avg": 0,
            "net_income": null,
            "net_income_4q": null,
            "revenue": null,
            "revenue_4q": null,
            "common_shares": null,
            "book_valuer_per_share": null,
            "book_valuer_per_share_4q_avg": 0,
            "equity": null,
            "current_ratio": null,
            "debt_ratio": null,
            "inventory_turnover_ratio": null,
            "account_receivable_turnover_ratio": null,
            "reinvestment_rate": null,
            "research_to_sale_ratio": null,
            "price_fair": 0,
            "eps_avg_yearly": 0,
            "eps_latest_yearly": 0,
            "eps_growth_yearly": 0
        },
        "20013": {
            "year_quarter": 20013,
            "year": 2001,
            "quarter": 3,
            "eps": null,
            "eps_growth_year": null,
            "eps_4q": null,
            "eps_4q_growth_year": null,
            "roe": null,
            "roe_4q": 0,
            "gross_profit": null,
            "gross_margin": null,
            "gross_margin_4q_avg": 0,
            "net_income": null,
            "net_income_4q": null,
            "revenue": null,
            "revenue_4q": null,
            "common_shares": null,
            "book_valuer_per_share": null,
            "book_valuer_per_share_4q_avg": 0,
            "equity": null,
            "current_ratio": null,
            "debt_ratio": null,
            "inventory_turnover_ratio": null,
            "account_receivable_turnover_ratio": null,
            "reinvestment_rate": null,
            "research_to_sale_ratio": null,
            "price_fair": 0,
            "eps_avg_yearly": 0,
            "eps_latest_yearly": 0,
            "eps_growth_yearly": 0
        },
        "20014": {
            "year_quarter": 20014,
            "year": 2001,
            "quarter": 4,
            "eps": null,
            "eps_growth_year": null,
            "eps_4q": null,
            "eps_4q_growth_year": null,
            "roe": null,
            "roe_4q": 0,
            "gross_profit": null,
            "gross_margin": null,
            "gross_margin_4q_avg": 0,
            "net_income": null,
            "net_income_4q": null,
            "revenue": null,
            "revenue_4q": null,
            "common_shares": null,
            "book_valuer_per_share": null,
            "book_valuer_per_share_4q_avg": 0,
            "equity": null,
            "current_ratio": null,
            "debt_ratio": null,
            "inventory_turnover_ratio": null,
            "account_receivable_turnover_ratio": null,
            "reinvestment_rate": null,
            "research_to_sale_ratio": null,
            "price_fair": 0,
            "eps_avg_yearly": 0,
            "eps_latest_yearly": 0,
            "eps_growth_yearly": 0
        },
        "20021": {
            "year_quarter": 20021,
            "year": 2002,
            "quarter": 1,
            "eps": null,
            "eps_growth_year": null,
            "eps_4q": null,
            "eps_4q_growth_year": null,
            "roe": null,
            "roe_4q": 0,
            "gross_profit": null,
            "gross_margin": null,
            "gross_margin_4q_avg": 0,
            "net_income": null,
            "net_income_4q": null,
            "revenue": null,
            "revenue_4q": null,
            "common_shares": null,
            "book_valuer_per_share": null,
            "book_valuer_per_share_4q_avg": 0,
            "equity": null,
            "current_ratio": null,
            "debt_ratio": null,
            "inventory_turnover_ratio": null,
            "account_receivable_turnover_ratio": null,
            "reinvestment_rate": null,
            "research_to_sale_ratio": null,
            "price_fair": 0,
            "eps_avg_yearly": 0,
            "eps_latest_yearly": 0,
            "eps_growth_yearly": 0
        },
        "20022": {
            "year_quarter": 20022,
            "year": 2002,
            "quarter": 2,
            "eps": null,
            "eps_growth_year": null,
            "eps_4q": null,
            "eps_4q_growth_year": null,
            "roe": null,
            "roe_4q": 0,
            "gross_profit": null,
            "gross_margin": null,
            "gross_margin_4q_avg": 0,
            "net_income": null,
            "net_income_4q": null,
            "revenue": null,
            "revenue_4q": null,
            "common_shares": null,
            "book_valuer_per_share": null,
            "book_valuer_per_share_4q_avg": 0,
            "equity": null,
            "current_ratio": null,
            "debt_ratio": null,
            "inventory_turnover_ratio": null,
            "account_receivable_turnover_ratio": null,
            "reinvestment_rate": null,
            "research_to_sale_ratio": null,
            "price_fair": 0,
            "eps_avg_yearly": 0,
            "eps_latest_yearly": 0,
            "eps_growth_yearly": 0
        },
        "20023": {
            "year_quarter": 20023,
            "year": 2002,
            "quarter": 3,
            "eps": null,
            "eps_growth_year": null,
            "eps_4q": null,
            "eps_4q_growth_year": null,
            "roe": null,
            "roe_4q": 0,
            "gross_profit": null,
            "gross_margin": null,
            "gross_margin_4q_avg": 0,
            "net_income": null,
            "net_income_4q": null,
            "revenue": null,
            "revenue_4q": null,
            "common_shares": null,
            "book_valuer_per_share": null,
            "book_valuer_per_share_4q_avg": 0,
            "equity": null,
            "current_ratio": null,
            "debt_ratio": null,
            "inventory_turnover_ratio": null,
            "account_receivable_turnover_ratio": null,
            "reinvestment_rate": null,
            "research_to_sale_ratio": null,
            "price_fair": 0,
            "eps_avg_yearly": 0,
            "eps_latest_yearly": 0,
            "eps_growth_yearly": 0
        },
        "20024": {
            "year_quarter": 20024,
            "year": 2002,
            "quarter": 4,
            "eps": null,
            "eps_growth_year": null,
            "eps_4q": null,
            "eps_4q_growth_year": null,
            "roe": null,
            "roe_4q": 0,
            "gross_profit": null,
            "gross_margin": null,
            "gross_margin_4q_avg": 0,
            "net_income": null,
            "net_income_4q": null,
            "revenue": null,
            "revenue_4q": null,
            "common_shares": null,
            "book_valuer_per_share": null,
            "book_valuer_per_share_4q_avg": 0,
            "equity": null,
            "current_ratio": null,
            "debt_ratio": null,
            "inventory_turnover_ratio": null,
            "account_receivable_turnover_ratio": null,
            "reinvestment_rate": null,
            "research_to_sale_ratio": null,
            "price_fair": 0,
            "eps_avg_yearly": 0,
            "eps_latest_yearly": 0,
            "eps_growth_yearly": 0
        },
        "20031": {
            "year_quarter": 20031,
            "year": 2003,
            "quarter": 1,
            "eps": null,
            "eps_growth_year": null,
            "eps_4q": null,
            "eps_4q_growth_year": null,
            "roe": null,
            "roe_4q": 0,
            "gross_profit": null,
            "gross_margin": null,
            "gross_margin_4q_avg": 0,
            "net_income": null,
            "net_income_4q": null,
            "revenue": null,
            "revenue_4q": null,
            "common_shares": null,
            "book_valuer_per_share": null,
            "book_valuer_per_share_4q_avg": 0,
            "equity": null,
            "current_ratio": null,
            "debt_ratio": null,
            "inventory_turnover_ratio": null,
            "account_receivable_turnover_ratio": null,
            "reinvestment_rate": null,
            "research_to_sale_ratio": null,
            "price_fair": 0,
            "eps_avg_yearly": 0,
            "eps_latest_yearly": 0,
            "eps_growth_yearly": 0
        },
        "20032": {
            "year_quarter": 20032,
            "year": 2003,
            "quarter": 2,
            "eps": null,
            "eps_growth_year": null,
            "eps_4q": null,
            "eps_4q_growth_year": null,
            "roe": null,
            "roe_4q": 0,
            "gross_profit": null,
            "gross_margin": null,
            "gross_margin_4q_avg": 0,
            "net_income": null,
            "net_income_4q": null,
            "revenue": null,
            "revenue_4q": null,
            "common_shares": null,
            "book_valuer_per_share": null,
            "book_valuer_per_share_4q_avg": 0,
            "equity": null,
            "current_ratio": null,
            "debt_ratio": null,
            "inventory_turnover_ratio": null,
            "account_receivable_turnover_ratio": null,
            "reinvestment_rate": null,
            "research_to_sale_ratio": null,
            "price_fair": 0,
            "eps_avg_yearly": 0,
            "eps_latest_yearly": 0,
            "eps_growth_yearly": 0
        },
        "20033": {
            "year_quarter": 20033,
            "year": 2003,
            "quarter": 3,
            "eps": null,
            "eps_growth_year": null,
            "eps_4q": null,
            "eps_4q_growth_year": null,
            "roe": null,
            "roe_4q": 0,
            "gross_profit": null,
            "gross_margin": null,
            "gross_margin_4q_avg": 0,
            "net_income": null,
            "net_income_4q": null,
            "revenue": null,
            "revenue_4q": null,
            "common_shares": null,
            "book_valuer_per_share": null,
            "book_valuer_per_share_4q_avg": 0,
            "equity": null,
            "current_ratio": null,
            "debt_ratio": null,
            "inventory_turnover_ratio": null,
            "account_receivable_turnover_ratio": null,
            "reinvestment_rate": null,
            "research_to_sale_ratio": null,
            "price_fair": 0,
            "eps_avg_yearly": 0,
            "eps_latest_yearly": 0,
            "eps_growth_yearly": 0
        },
        "20034": {
            "year_quarter": 20034,
            "year": 2003,
            "quarter": 4,
            "eps": null,
            "eps_growth_year": null,
            "eps_4q": null,
            "eps_4q_growth_year": null,
            "roe": null,
            "roe_4q": 0,
            "gross_profit": null,
            "gross_margin": null,
            "gross_margin_4q_avg": 0,
            "net_income": null,
            "net_income_4q": null,
            "revenue": null,
            "revenue_4q": null,
            "common_shares": null,
            "book_valuer_per_share": null,
            "book_valuer_per_share_4q_avg": 0,
            "equity": null,
            "current_ratio": null,
            "debt_ratio": null,
            "inventory_turnover_ratio": null,
            "account_receivable_turnover_ratio": null,
            "reinvestment_rate": null,
            "research_to_sale_ratio": null,
            "price_fair": 0,
            "eps_avg_yearly": 0,
            "eps_latest_yearly": 0,
            "eps_growth_yearly": 0
        },
        "20041": {
            "year_quarter": 20041,
            "year": 2004,
            "quarter": 1,
            "eps": null,
            "eps_growth_year": null,
            "eps_4q": null,
            "eps_4q_growth_year": null,
            "roe": null,
            "roe_4q": 0,
            "gross_profit": null,
            "gross_margin": null,
            "gross_margin_4q_avg": 0,
            "net_income": null,
            "net_income_4q": null,
            "revenue": null,
            "revenue_4q": null,
            "common_shares": null,
            "book_valuer_per_share": null,
            "book_valuer_per_share_4q_avg": 0,
            "equity": null,
            "current_ratio": null,
            "debt_ratio": null,
            "inventory_turnover_ratio": null,
            "account_receivable_turnover_ratio": null,
            "reinvestment_rate": null,
            "research_to_sale_ratio": null,
            "price_fair": 0,
            "eps_avg_yearly": 0,
            "eps_latest_yearly": 0,
            "eps_growth_yearly": 0
        },
        "20042": {
            "year_quarter": 20042,
            "year": 2004,
            "quarter": 2,
            "eps": null,
            "eps_growth_year": null,
            "eps_4q": null,
            "eps_4q_growth_year": null,
            "roe": null,
            "roe_4q": 0,
            "gross_profit": null,
            "gross_margin": null,
            "gross_margin_4q_avg": 0,
            "net_income": null,
            "net_income_4q": null,
            "revenue": null,
            "revenue_4q": null,
            "common_shares": null,
            "book_valuer_per_share": null,
            "book_valuer_per_share_4q_avg": 0,
            "equity": null,
            "current_ratio": null,
            "debt_ratio": null,
            "inventory_turnover_ratio": null,
            "account_receivable_turnover_ratio": null,
            "reinvestment_rate": null,
            "research_to_sale_ratio": null,
            "price_fair": 0,
            "eps_avg_yearly": 0,
            "eps_latest_yearly": 0,
            "eps_growth_yearly": 0
        },
        "20043": {
            "year_quarter": 20043,
            "year": 2004,
            "quarter": 3,
            "eps": null,
            "eps_growth_year": null,
            "eps_4q": null,
            "eps_4q_growth_year": null,
            "roe": null,
            "roe_4q": 0,
            "gross_profit": null,
            "gross_margin": null,
            "gross_margin_4q_avg": 0,
            "net_income": null,
            "net_income_4q": null,
            "revenue": null,
            "revenue_4q": null,
            "common_shares": null,
            "book_valuer_per_share": null,
            "book_valuer_per_share_4q_avg": 0,
            "equity": null,
            "current_ratio": null,
            "debt_ratio": null,
            "inventory_turnover_ratio": null,
            "account_receivable_turnover_ratio": null,
            "reinvestment_rate": null,
            "research_to_sale_ratio": null,
            "price_fair": 0,
            "eps_avg_yearly": 0,
            "eps_latest_yearly": 0,
            "eps_growth_yearly": 0
        },
        "20044": {
            "year_quarter": 20044,
            "year": 2004,
            "quarter": 4,
            "eps": null,
            "eps_growth_year": null,
            "eps_4q": null,
            "eps_4q_growth_year": null,
            "roe": null,
            "roe_4q": 0,
            "gross_profit": null,
            "gross_margin": null,
            "gross_margin_4q_avg": 0,
            "net_income": null,
            "net_income_4q": null,
            "revenue": null,
            "revenue_4q": null,
            "common_shares": null,
            "book_valuer_per_share": null,
            "book_valuer_per_share_4q_avg": 0,
            "equity": null,
            "current_ratio": null,
            "debt_ratio": null,
            "inventory_turnover_ratio": null,
            "account_receivable_turnover_ratio": null,
            "reinvestment_rate": null,
            "research_to_sale_ratio": null,
            "price_fair": 0,
            "eps_avg_yearly": 0,
            "eps_latest_yearly": 0,
            "eps_growth_yearly": 0
        },
        "20051": {
            "year_quarter": 20051,
            "year": 2005,
            "quarter": 1,
            "eps": null,
            "eps_growth_year": null,
            "eps_4q": null,
            "eps_4q_growth_year": null,
            "roe": null,
            "roe_4q": 0,
            "gross_profit": null,
            "gross_margin": null,
            "gross_margin_4q_avg": 0,
            "net_income": null,
            "net_income_4q": null,
            "revenue": null,
            "revenue_4q": null,
            "common_shares": null,
            "book_valuer_per_share": null,
            "book_valuer_per_share_4q_avg": 0,
            "equity": null,
            "current_ratio": null,
            "debt_ratio": null,
            "inventory_turnover_ratio": null,
            "account_receivable_turnover_ratio": null,
            "reinvestment_rate": null,
            "research_to_sale_ratio": null,
            "price_fair": 0,
            "eps_avg_yearly": 0,
            "eps_latest_yearly": 0,
            "eps_growth_yearly": 0
        },
        "20052": {
            "year_quarter": 20052,
            "year": 2005,
            "quarter": 2,
            "eps": null,
            "eps_growth_year": null,
            "eps_4q": null,
            "eps_4q_growth_year": null,
            "roe": null,
            "roe_4q": 0,
            "gross_profit": null,
            "gross_margin": null,
            "gross_margin_4q_avg": 0,
            "net_income": null,
            "net_income_4q": null,
            "revenue": null,
            "revenue_4q": null,
            "common_shares": null,
            "book_valuer_per_share": null,
            "book_valuer_per_share_4q_avg": 0,
            "equity": null,
            "current_ratio": null,
            "debt_ratio": null,
            "inventory_turnover_ratio": null,
            "account_receivable_turnover_ratio": null,
            "reinvestment_rate": null,
            "research_to_sale_ratio": null,
            "price_fair": 0,
            "eps_avg_yearly": 0,
            "eps_latest_yearly": 0,
            "eps_growth_yearly": 0
        },
        "20053": {
            "year_quarter": 20053,
            "year": 2005,
            "quarter": 3,
            "eps": null,
            "eps_growth_year": null,
            "eps_4q": null,
            "eps_4q_growth_year": null,
            "roe": null,
            "roe_4q": 0,
            "gross_profit": null,
            "gross_margin": null,
            "gross_margin_4q_avg": 0,
            "net_income": null,
            "net_income_4q": null,
            "revenue": null,
            "revenue_4q": null,
            "common_shares": null,
            "book_valuer_per_share": null,
            "book_valuer_per_share_4q_avg": 0,
            "equity": null,
            "current_ratio": null,
            "debt_ratio": null,
            "inventory_turnover_ratio": null,
            "account_receivable_turnover_ratio": null,
            "reinvestment_rate": null,
            "research_to_sale_ratio": null,
            "price_fair": 0,
            "eps_avg_yearly": 0,
            "eps_latest_yearly": 0,
            "eps_growth_yearly": 0
        },
        "20054": {
            "year_quarter": 20054,
            "year": 2005,
            "quarter": 4,
            "eps": null,
            "eps_growth_year": null,
            "eps_4q": null,
            "eps_4q_growth_year": null,
            "roe": null,
            "roe_4q": 0,
            "gross_profit": null,
            "gross_margin": null,
            "gross_margin_4q_avg": 0,
            "net_income": null,
            "net_income_4q": null,
            "revenue": null,
            "revenue_4q": null,
            "common_shares": null,
            "book_valuer_per_share": null,
            "book_valuer_per_share_4q_avg": 0,
            "equity": null,
            "current_ratio": null,
            "debt_ratio": null,
            "inventory_turnover_ratio": null,
            "account_receivable_turnover_ratio": null,
            "reinvestment_rate": null,
            "research_to_sale_ratio": null,
            "price_fair": 0,
            "eps_avg_yearly": 0,
            "eps_latest_yearly": 0,
            "eps_growth_yearly": 0
        },
        "20061": {
            "year_quarter": 20061,
            "year": 2006,
            "quarter": 1,
            "eps": null,
            "eps_growth_year": null,
            "eps_4q": null,
            "eps_4q_growth_year": null,
            "roe": null,
            "roe_4q": 0,
            "gross_profit": null,
            "gross_margin": null,
            "gross_margin_4q_avg": 0,
            "net_income": null,
            "net_income_4q": null,
            "revenue": null,
            "revenue_4q": null,
            "common_shares": null,
            "book_valuer_per_share": null,
            "book_valuer_per_share_4q_avg": 0,
            "equity": null,
            "current_ratio": null,
            "debt_ratio": null,
            "inventory_turnover_ratio": null,
            "account_receivable_turnover_ratio": null,
            "reinvestment_rate": null,
            "research_to_sale_ratio": null,
            "price_fair": 0,
            "eps_avg_yearly": 0,
            "eps_latest_yearly": 0,
            "eps_growth_yearly": 0
        },
        "20062": {
            "year_quarter": 20062,
            "year": 2006,
            "quarter": 2,
            "eps": null,
            "eps_growth_year": null,
            "eps_4q": null,
            "eps_4q_growth_year": null,
            "roe": null,
            "roe_4q": 0,
            "gross_profit": null,
            "gross_margin": null,
            "gross_margin_4q_avg": 0,
            "net_income": null,
            "net_income_4q": null,
            "revenue": null,
            "revenue_4q": null,
            "common_shares": null,
            "book_valuer_per_share": null,
            "book_valuer_per_share_4q_avg": 0,
            "equity": null,
            "current_ratio": null,
            "debt_ratio": null,
            "inventory_turnover_ratio": null,
            "account_receivable_turnover_ratio": null,
            "reinvestment_rate": null,
            "research_to_sale_ratio": null,
            "price_fair": 0,
            "eps_avg_yearly": 0,
            "eps_latest_yearly": 0,
            "eps_growth_yearly": 0
        },
        "20063": {
            "year_quarter": 20063,
            "year": 2006,
            "quarter": 3,
            "eps": null,
            "eps_growth_year": null,
            "eps_4q": null,
            "eps_4q_growth_year": null,
            "roe": null,
            "roe_4q": 0,
            "gross_profit": null,
            "gross_margin": null,
            "gross_margin_4q_avg": 0,
            "net_income": null,
            "net_income_4q": null,
            "revenue": null,
            "revenue_4q": null,
            "common_shares": null,
            "book_valuer_per_share": null,
            "book_valuer_per_share_4q_avg": 0,
            "equity": null,
            "current_ratio": null,
            "debt_ratio": null,
            "inventory_turnover_ratio": null,
            "account_receivable_turnover_ratio": null,
            "reinvestment_rate": null,
            "research_to_sale_ratio": null,
            "price_fair": 0,
            "eps_avg_yearly": 0,
            "eps_latest_yearly": 0,
            "eps_growth_yearly": 0
        },
        "20064": {
            "year_quarter": 20064,
            "year": 2006,
            "quarter": 4,
            "eps": null,
            "eps_growth_year": null,
            "eps_4q": null,
            "eps_4q_growth_year": null,
            "roe": null,
            "roe_4q": 0,
            "gross_profit": null,
            "gross_margin": null,
            "gross_margin_4q_avg": 0,
            "net_income": null,
            "net_income_4q": null,
            "revenue": null,
            "revenue_4q": null,
            "common_shares": null,
            "book_valuer_per_share": null,
            "book_valuer_per_share_4q_avg": 0,
            "equity": null,
            "current_ratio": null,
            "debt_ratio": null,
            "inventory_turnover_ratio": null,
            "account_receivable_turnover_ratio": null,
            "reinvestment_rate": null,
            "research_to_sale_ratio": null,
            "price_fair": 0,
            "eps_avg_yearly": 0,
            "eps_latest_yearly": 0,
            "eps_growth_yearly": 0
        },
        "20071": {
            "year_quarter": 20071,
            "year": 2007,
            "quarter": 1,
            "eps": null,
            "eps_growth_year": null,
            "eps_4q": null,
            "eps_4q_growth_year": null,
            "roe": null,
            "roe_4q": 0,
            "gross_profit": null,
            "gross_margin": null,
            "gross_margin_4q_avg": 0,
            "net_income": null,
            "net_income_4q": null,
            "revenue": null,
            "revenue_4q": null,
            "common_shares": null,
            "book_valuer_per_share": null,
            "book_valuer_per_share_4q_avg": 0,
            "equity": null,
            "current_ratio": null,
            "debt_ratio": null,
            "inventory_turnover_ratio": null,
            "account_receivable_turnover_ratio": null,
            "reinvestment_rate": null,
            "research_to_sale_ratio": null,
            "price_fair": 0,
            "eps_avg_yearly": 0,
            "eps_latest_yearly": 0,
            "eps_growth_yearly": 0
        },
        "20072": {
            "year_quarter": 20072,
            "year": 2007,
            "quarter": 2,
            "eps": null,
            "eps_growth_year": null,
            "eps_4q": null,
            "eps_4q_growth_year": null,
            "roe": null,
            "roe_4q": 0,
            "gross_profit": null,
            "gross_margin": null,
            "gross_margin_4q_avg": 0,
            "net_income": null,
            "net_income_4q": null,
            "revenue": null,
            "revenue_4q": null,
            "common_shares": null,
            "book_valuer_per_share": null,
            "book_valuer_per_share_4q_avg": 0,
            "equity": null,
            "current_ratio": null,
            "debt_ratio": null,
            "inventory_turnover_ratio": null,
            "account_receivable_turnover_ratio": null,
            "reinvestment_rate": null,
            "research_to_sale_ratio": null,
            "price_fair": 0,
            "eps_avg_yearly": 0,
            "eps_latest_yearly": 0,
            "eps_growth_yearly": 0
        },
        "20073": {
            "year_quarter": 20073,
            "year": 2007,
            "quarter": 3,
            "eps": null,
            "eps_growth_year": null,
            "eps_4q": null,
            "eps_4q_growth_year": null,
            "roe": null,
            "roe_4q": 0,
            "gross_profit": null,
            "gross_margin": null,
            "gross_margin_4q_avg": 0,
            "net_income": null,
            "net_income_4q": null,
            "revenue": null,
            "revenue_4q": null,
            "common_shares": null,
            "book_valuer_per_share": null,
            "book_valuer_per_share_4q_avg": 0,
            "equity": null,
            "current_ratio": null,
            "debt_ratio": null,
            "inventory_turnover_ratio": null,
            "account_receivable_turnover_ratio": null,
            "reinvestment_rate": null,
            "research_to_sale_ratio": null,
            "price_fair": 0,
            "eps_avg_yearly": 0,
            "eps_latest_yearly": 0,
            "eps_growth_yearly": 0
        },
        "20074": {
            "year_quarter": 20074,
            "year": 2007,
            "quarter": 4,
            "eps": null,
            "eps_growth_year": null,
            "eps_4q": null,
            "eps_4q_growth_year": null,
            "roe": null,
            "roe_4q": 0,
            "gross_profit": null,
            "gross_margin": null,
            "gross_margin_4q_avg": 0,
            "net_income": null,
            "net_income_4q": null,
            "revenue": null,
            "revenue_4q": null,
            "common_shares": null,
            "book_valuer_per_share": null,
            "book_valuer_per_share_4q_avg": 0,
            "equity": null,
            "current_ratio": null,
            "debt_ratio": null,
            "inventory_turnover_ratio": null,
            "account_receivable_turnover_ratio": null,
            "reinvestment_rate": null,
            "research_to_sale_ratio": null,
            "price_fair": 0,
            "eps_avg_yearly": 0,
            "eps_latest_yearly": 0,
            "eps_growth_yearly": 0
        },
        "20081": {
            "year_quarter": 20081,
            "year": 2008,
            "quarter": 1,
            "eps": null,
            "eps_growth_year": null,
            "eps_4q": null,
            "eps_4q_growth_year": null,
            "roe": null,
            "roe_4q": 0,
            "gross_profit": null,
            "gross_margin": null,
            "gross_margin_4q_avg": 0,
            "net_income": null,
            "net_income_4q": null,
            "revenue": null,
            "revenue_4q": null,
            "common_shares": null,
            "book_valuer_per_share": null,
            "book_valuer_per_share_4q_avg": 0,
            "equity": null,
            "current_ratio": null,
            "debt_ratio": null,
            "inventory_turnover_ratio": null,
            "account_receivable_turnover_ratio": null,
            "reinvestment_rate": null,
            "research_to_sale_ratio": null,
            "price_fair": 0,
            "eps_avg_yearly": 0,
            "eps_latest_yearly": 0,
            "eps_growth_yearly": 0
        },
        "20082": {
            "year_quarter": 20082,
            "year": 2008,
            "quarter": 2,
            "eps": null,
            "eps_growth_year": null,
            "eps_4q": null,
            "eps_4q_growth_year": null,
            "roe": null,
            "roe_4q": 0,
            "gross_profit": null,
            "gross_margin": null,
            "gross_margin_4q_avg": 0,
            "net_income": null,
            "net_income_4q": null,
            "revenue": null,
            "revenue_4q": null,
            "common_shares": null,
            "book_valuer_per_share": null,
            "book_valuer_per_share_4q_avg": 0,
            "equity": null,
            "current_ratio": null,
            "debt_ratio": null,
            "inventory_turnover_ratio": null,
            "account_receivable_turnover_ratio": null,
            "reinvestment_rate": null,
            "research_to_sale_ratio": null,
            "price_fair": 0,
            "eps_avg_yearly": 0,
            "eps_latest_yearly": 0,
            "eps_growth_yearly": 0
        },
        "20083": {
            "year_quarter": 20083,
            "year": 2008,
            "quarter": 3,
            "eps": null,
            "eps_growth_year": null,
            "eps_4q": null,
            "eps_4q_growth_year": null,
            "roe": null,
            "roe_4q": 0,
            "gross_profit": null,
            "gross_margin": null,
            "gross_margin_4q_avg": 0,
            "net_income": null,
            "net_income_4q": null,
            "revenue": null,
            "revenue_4q": null,
            "common_shares": null,
            "book_valuer_per_share": null,
            "book_valuer_per_share_4q_avg": 0,
            "equity": null,
            "current_ratio": null,
            "debt_ratio": null,
            "inventory_turnover_ratio": null,
            "account_receivable_turnover_ratio": null,
            "reinvestment_rate": null,
            "research_to_sale_ratio": null,
            "price_fair": 0,
            "eps_avg_yearly": 0,
            "eps_latest_yearly": 0,
            "eps_growth_yearly": 0
        },
        "20084": {
            "year_quarter": 20084,
            "year": 2008,
            "quarter": 4,
            "eps": null,
            "eps_growth_year": null,
            "eps_4q": null,
            "eps_4q_growth_year": null,
            "roe": null,
            "roe_4q": 0,
            "gross_profit": null,
            "gross_margin": null,
            "gross_margin_4q_avg": 0,
            "net_income": null,
            "net_income_4q": null,
            "revenue": null,
            "revenue_4q": null,
            "common_shares": 408230,
            "book_valuer_per_share": null,
            "book_valuer_per_share_4q_avg": 0,
            "equity": 517263,
            "current_ratio": null,
            "debt_ratio": null,
            "inventory_turnover_ratio": null,
            "account_receivable_turnover_ratio": null,
            "reinvestment_rate": null,
            "research_to_sale_ratio": null,
            "price_fair": 0,
            "eps_avg_yearly": 0,
            "eps_latest_yearly": 0,
            "eps_growth_yearly": 0
        },
        "20091": {
            "year_quarter": 20091,
            "year": 2009,
            "quarter": 1,
            "eps": null,
            "eps_growth_year": null,
            "eps_4q": null,
            "eps_4q_growth_year": null,
            "roe": null,
            "roe_4q": 0,
            "gross_profit": null,
            "gross_margin": null,
            "gross_margin_4q_avg": 0,
            "net_income": null,
            "net_income_4q": null,
            "revenue": null,
            "revenue_4q": null,
            "common_shares": null,
            "book_valuer_per_share": null,
            "book_valuer_per_share_4q_avg": 0,
            "equity": null,
            "current_ratio": null,
            "debt_ratio": null,
            "inventory_turnover_ratio": null,
            "account_receivable_turnover_ratio": null,
            "reinvestment_rate": null,
            "research_to_sale_ratio": null,
            "price_fair": 0,
            "eps_avg_yearly": 0,
            "eps_latest_yearly": 0,
            "eps_growth_yearly": 0
        },
        "20092": {
            "year_quarter": 20092,
            "year": 2009,
            "quarter": 2,
            "eps": null,
            "eps_growth_year": null,
            "eps_4q": null,
            "eps_4q_growth_year": null,
            "roe": null,
            "roe_4q": 0,
            "gross_profit": null,
            "gross_margin": null,
            "gross_margin_4q_avg": 0,
            "net_income": null,
            "net_income_4q": null,
            "revenue": null,
            "revenue_4q": null,
            "common_shares": 408230,
            "book_valuer_per_share": null,
            "book_valuer_per_share_4q_avg": 0,
            "equity": 504612,
            "current_ratio": null,
            "debt_ratio": null,
            "inventory_turnover_ratio": null,
            "account_receivable_turnover_ratio": null,
            "reinvestment_rate": null,
            "research_to_sale_ratio": null,
            "price_fair": 0,
            "eps_avg_yearly": 0,
            "eps_latest_yearly": 0,
            "eps_growth_yearly": 0
        },
        "20093": {
            "year_quarter": 20093,
            "year": 2009,
            "quarter": 3,
            "eps": null,
            "eps_growth_year": null,
            "eps_4q": null,
            "eps_4q_growth_year": null,
            "roe": null,
            "roe_4q": 0,
            "gross_profit": null,
            "gross_margin": null,
            "gross_margin_4q_avg": 0,
            "net_income": null,
            "net_income_4q": null,
            "revenue": null,
            "revenue_4q": null,
            "common_shares": null,
            "book_valuer_per_share": null,
            "book_valuer_per_share_4q_avg": 0,
            "equity": null,
            "current_ratio": null,
            "debt_ratio": null,
            "inventory_turnover_ratio": null,
            "account_receivable_turnover_ratio": null,
            "reinvestment_rate": null,
            "research_to_sale_ratio": null,
            "price_fair": 0,
            "eps_avg_yearly": 0,
            "eps_latest_yearly": 0,
            "eps_growth_yearly": 0
        },
        "20094": {
            "year_quarter": 20094,
            "year": 2009,
            "quarter": 4,
            "eps": null,
            "eps_growth_year": null,
            "eps_4q": null,
            "eps_4q_growth_year": null,
            "roe": null,
            "roe_4q": 0,
            "gross_profit": null,
            "gross_margin": null,
            "gross_margin_4q_avg": 0,
            "net_income": null,
            "net_income_4q": null,
            "revenue": null,
            "revenue_4q": null,
            "common_shares": 408230,
            "book_valuer_per_share": 11.55,
            "book_valuer_per_share_4q_avg": 2.89,
            "equity": 478301,
            "current_ratio": 106.33,
            "debt_ratio": 46.52,
            "inventory_turnover_ratio": null,
            "account_receivable_turnover_ratio": null,
            "reinvestment_rate": null,
            "research_to_sale_ratio": null,
            "price_fair": 0,
            "eps_avg_yearly": 0,
            "eps_latest_yearly": 0,
            "eps_growth_yearly": 0
        },
        "20101": {
            "year_quarter": 20101,
            "year": 2010,
            "quarter": 1,
            "eps": null,
            "eps_growth_year": null,
            "eps_4q": null,
            "eps_4q_growth_year": null,
            "roe": null,
            "roe_4q": 0,
            "gross_profit": null,
            "gross_margin": null,
            "gross_margin_4q_avg": 0,
            "net_income": null,
            "net_income_4q": null,
            "revenue": null,
            "revenue_4q": null,
            "common_shares": null,
            "book_valuer_per_share": null,
            "book_valuer_per_share_4q_avg": 2.89,
            "equity": null,
            "current_ratio": null,
            "debt_ratio": null,
            "inventory_turnover_ratio": null,
            "account_receivable_turnover_ratio": null,
            "reinvestment_rate": null,
            "research_to_sale_ratio": null,
            "price_fair": 0,
            "eps_avg_yearly": 0,
            "eps_latest_yearly": 0,
            "eps_growth_yearly": 0
        },
        "20102": {
            "year_quarter": 20102,
            "year": 2010,
            "quarter": 2,
            "eps": null,
            "eps_growth_year": null,
            "eps_4q": null,
            "eps_4q_growth_year": null,
            "roe": null,
            "roe_4q": 0,
            "gross_profit": null,
            "gross_margin": null,
            "gross_margin_4q_avg": 0,
            "net_income": null,
            "net_income_4q": null,
            "revenue": null,
            "revenue_4q": null,
            "common_shares": 408230,
            "book_valuer_per_share": 11.97,
            "book_valuer_per_share_4q_avg": 5.88,
            "equity": 494470,
            "current_ratio": 107.53,
            "debt_ratio": 48.94,
            "inventory_turnover_ratio": null,
            "account_receivable_turnover_ratio": null,
            "reinvestment_rate": null,
            "research_to_sale_ratio": null,
            "price_fair": 0,
            "eps_avg_yearly": 0,
            "eps_latest_yearly": 0,
            "eps_growth_yearly": 0
        },
        "20103": {
            "year_quarter": 20103,
            "year": 2010,
            "quarter": 3,
            "eps": null,
            "eps_growth_year": null,
            "eps_4q": null,
            "eps_4q_growth_year": null,
            "roe": null,
            "roe_4q": 0,
            "gross_profit": null,
            "gross_margin": null,
            "gross_margin_4q_avg": 0,
            "net_income": null,
            "net_income_4q": null,
            "revenue": null,
            "revenue_4q": null,
            "common_shares": null,
            "book_valuer_per_share": null,
            "book_valuer_per_share_4q_avg": 5.88,
            "equity": null,
            "current_ratio": null,
            "debt_ratio": null,
            "inventory_turnover_ratio": null,
            "account_receivable_turnover_ratio": null,
            "reinvestment_rate": null,
            "research_to_sale_ratio": null,
            "price_fair": 0,
            "eps_avg_yearly": 0,
            "eps_latest_yearly": 0,
            "eps_growth_yearly": 0
        },
        "20104": {
            "year_quarter": 20104,
            "year": 2010,
            "quarter": 4,
            "eps": null,
            "eps_growth_year": null,
            "eps_4q": null,
            "eps_4q_growth_year": null,
            "roe": null,
            "roe_4q": 0,
            "gross_profit": null,
            "gross_margin": null,
            "gross_margin_4q_avg": 0,
            "net_income": null,
            "net_income_4q": null,
            "revenue": null,
            "revenue_4q": null,
            "common_shares": 408230,
            "book_valuer_per_share": 11.22,
            "book_valuer_per_share_4q_avg": 5.8,
            "equity": 464485,
            "current_ratio": 112.99,
            "debt_ratio": 48.83,
            "inventory_turnover_ratio": null,
            "account_receivable_turnover_ratio": null,
            "reinvestment_rate": null,
            "research_to_sale_ratio": null,
            "price_fair": 0,
            "eps_avg_yearly": 0,
            "eps_latest_yearly": 0,
            "eps_growth_yearly": 0
        },
        "20111": {
            "year_quarter": 20111,
            "year": 2011,
            "quarter": 1,
            "eps": null,
            "eps_growth_year": null,
            "eps_4q": null,
            "eps_4q_growth_year": null,
            "roe": null,
            "roe_4q": 0,
            "gross_profit": null,
            "gross_margin": null,
            "gross_margin_4q_avg": 0,
            "net_income": null,
            "net_income_4q": null,
            "revenue": null,
            "revenue_4q": null,
            "common_shares": null,
            "book_valuer_per_share": null,
            "book_valuer_per_share_4q_avg": 5.8,
            "equity": null,
            "current_ratio": null,
            "debt_ratio": null,
            "inventory_turnover_ratio": null,
            "account_receivable_turnover_ratio": null,
            "reinvestment_rate": null,
            "research_to_sale_ratio": null,
            "price_fair": 0,
            "eps_avg_yearly": 0,
            "eps_latest_yearly": 0,
            "eps_growth_yearly": 0
        },
        "20112": {
            "year_quarter": 20112,
            "year": 2011,
            "quarter": 2,
            "eps": null,
            "eps_growth_year": null,
            "eps_4q": null,
            "eps_4q_growth_year": null,
            "roe": null,
            "roe_4q": 0,
            "gross_profit": null,
            "gross_margin": null,
            "gross_margin_4q_avg": 0,
            "net_income": null,
            "net_income_4q": null,
            "revenue": null,
            "revenue_4q": null,
            "common_shares": 408230,
            "book_valuer_per_share": 11.21,
            "book_valuer_per_share_4q_avg": 5.61,
            "equity": 463262,
            "current_ratio": 111.32,
            "debt_ratio": 51.6,
            "inventory_turnover_ratio": null,
            "account_receivable_turnover_ratio": null,
            "reinvestment_rate": null,
            "research_to_sale_ratio": null,
            "price_fair": 0,
            "eps_avg_yearly": 0,
            "eps_latest_yearly": 0,
            "eps_growth_yearly": 0
        },
        "20113": {
            "year_quarter": 20113,
            "year": 2011,
            "quarter": 3,
            "eps": null,
            "eps_growth_year": null,
            "eps_4q": null,
            "eps_4q_growth_year": null,
            "roe": null,
            "roe_4q": 0,
            "gross_profit": null,
            "gross_margin": null,
            "gross_margin_4q_avg": 0,
            "net_income": null,
            "net_income_4q": null,
            "revenue": null,
            "revenue_4q": null,
            "common_shares": null,
            "book_valuer_per_share": null,
            "book_valuer_per_share_4q_avg": 5.61,
            "equity": null,
            "current_ratio": null,
            "debt_ratio": null,
            "inventory_turnover_ratio": null,
            "account_receivable_turnover_ratio": null,
            "reinvestment_rate": null,
            "research_to_sale_ratio": null,
            "price_fair": 0,
            "eps_avg_yearly": 0,
            "eps_latest_yearly": 0,
            "eps_growth_yearly": 0
        },
        "20114": {
            "year_quarter": 20114,
            "year": 2011,
            "quarter": 4,
            "eps": null,
            "eps_growth_year": null,
            "eps_4q": null,
            "eps_4q_growth_year": null,
            "roe": null,
            "roe_4q": 0,
            "gross_profit": null,
            "gross_margin": null,
            "gross_margin_4q_avg": 0,
            "net_income": null,
            "net_income_4q": null,
            "revenue": null,
            "revenue_4q": null,
            "common_shares": 408230,
            "book_valuer_per_share": 12.04,
            "book_valuer_per_share_4q_avg": 5.81,
            "equity": 497497,
            "current_ratio": 112.07,
            "debt_ratio": 48.85,
            "inventory_turnover_ratio": null,
            "account_receivable_turnover_ratio": null,
            "reinvestment_rate": null,
            "research_to_sale_ratio": null,
            "price_fair": 0,
            "eps_avg_yearly": 0,
            "eps_latest_yearly": 0,
            "eps_growth_yearly": 0
        },
        "20121": {
            "year_quarter": 20121,
            "year": 2012,
            "quarter": 1,
            "eps": null,
            "eps_growth_year": null,
            "eps_4q": null,
            "eps_4q_growth_year": null,
            "roe": null,
            "roe_4q": 0,
            "gross_profit": null,
            "gross_margin": null,
            "gross_margin_4q_avg": 0,
            "net_income": null,
            "net_income_4q": null,
            "revenue": null,
            "revenue_4q": null,
            "common_shares": null,
            "book_valuer_per_share": null,
            "book_valuer_per_share_4q_avg": 5.81,
            "equity": null,
            "current_ratio": null,
            "debt_ratio": null,
            "inventory_turnover_ratio": null,
            "account_receivable_turnover_ratio": null,
            "reinvestment_rate": null,
            "research_to_sale_ratio": null,
            "price_fair": 0,
            "eps_avg_yearly": 0,
            "eps_latest_yearly": 0,
            "eps_growth_yearly": 0
        },
        "20122": {
            "year_quarter": 20122,
            "year": 2012,
            "quarter": 2,
            "eps": null,
            "eps_growth_year": null,
            "eps_4q": null,
            "eps_4q_growth_year": null,
            "roe": null,
            "roe_4q": 0,
            "gross_profit": null,
            "gross_margin": null,
            "gross_margin_4q_avg": 0,
            "net_income": null,
            "net_income_4q": null,
            "revenue": null,
            "revenue_4q": null,
            "common_shares": 408230,
            "book_valuer_per_share": 12.24,
            "book_valuer_per_share_4q_avg": 6.07,
            "equity": 504828,
            "current_ratio": 122.2,
            "debt_ratio": 47.41,
            "inventory_turnover_ratio": null,
            "account_receivable_turnover_ratio": null,
            "reinvestment_rate": null,
            "research_to_sale_ratio": null,
            "price_fair": 0,
            "eps_avg_yearly": 0,
            "eps_latest_yearly": 0,
            "eps_growth_yearly": 0
        },
        "20123": {
            "year_quarter": 20123,
            "year": 2012,
            "quarter": 3,
            "eps": null,
            "eps_growth_year": null,
            "eps_4q": null,
            "eps_4q_growth_year": null,
            "roe": null,
            "roe_4q": 0,
            "gross_profit": null,
            "gross_margin": null,
            "gross_margin_4q_avg": 0,
            "net_income": null,
            "net_income_4q": null,
            "revenue": null,
            "revenue_4q": null,
            "common_shares": null,
            "book_valuer_per_share": null,
            "book_valuer_per_share_4q_avg": 6.07,
            "equity": null,
            "current_ratio": null,
            "debt_ratio": null,
            "inventory_turnover_ratio": null,
            "account_receivable_turnover_ratio": null,
            "reinvestment_rate": null,
            "research_to_sale_ratio": null,
            "price_fair": 0,
            "eps_avg_yearly": 0,
            "eps_latest_yearly": 0,
            "eps_growth_yearly": 0
        },
        "20124": {
            "year_quarter": 20124,
            "year": 2012,
            "quarter": 4,
            "eps": null,
            "eps_growth_year": null,
            "eps_4q": null,
            "eps_4q_growth_year": null,
            "roe": null,
            "roe_4q": 0,
            "gross_profit": null,
            "gross_margin": null,
            "gross_margin_4q_avg": 0,
            "net_income": null,
            "net_income_4q": null,
            "revenue": null,
            "revenue_4q": null,
            "common_shares": 408230,
            "book_valuer_per_share": 12.21,
            "book_valuer_per_share_4q_avg": 6.11,
            "equity": 503350,
            "current_ratio": 128.33,
            "debt_ratio": 42.84,
            "inventory_turnover_ratio": null,
            "account_receivable_turnover_ratio": null,
            "reinvestment_rate": null,
            "research_to_sale_ratio": null,
            "price_fair": 0,
            "eps_avg_yearly": 0,
            "eps_latest_yearly": 0,
            "eps_growth_yearly": 0
        },
        "20131": {
            "year_quarter": 20131,
            "year": 2013,
            "quarter": 1,
            "eps": null,
            "eps_growth_year": null,
            "eps_4q": null,
            "eps_4q_growth_year": null,
            "roe": null,
            "roe_4q": 0,
            "gross_profit": null,
            "gross_margin": null,
            "gross_margin_4q_avg": 0,
            "net_income": null,
            "net_income_4q": null,
            "revenue": null,
            "revenue_4q": null,
            "common_shares": null,
            "book_valuer_per_share": null,
            "book_valuer_per_share_4q_avg": 6.11,
            "equity": null,
            "current_ratio": null,
            "debt_ratio": null,
            "inventory_turnover_ratio": null,
            "account_receivable_turnover_ratio": null,
            "reinvestment_rate": null,
            "research_to_sale_ratio": null,
            "price_fair": 0,
            "eps_avg_yearly": 0,
            "eps_latest_yearly": 0,
            "eps_growth_yearly": 0
        },
        "20132": {
            "year_quarter": 20132,
            "year": 2013,
            "quarter": 2,
            "eps": 0,
            "eps_growth_year": null,
            "eps_4q": null,
            "eps_4q_growth_year": null,
            "roe": 0.54,
            "roe_4q": 0.54,
            "gross_profit": 114141,
            "gross_margin": 34.3,
            "gross_margin_4q_avg": 8.58,
            "net_income": 2774,
            "net_income_4q": null,
            "revenue": 332740,
            "revenue_4q": null,
            "common_shares": 408230,
            "book_valuer_per_share": 12.56,
            "book_valuer_per_share_4q_avg": 6.19,
            "equity": 517935,
            "current_ratio": 137.81,
            "debt_ratio": 42.86,
            "inventory_turnover_ratio": 8.12,
            "account_receivable_turnover_ratio": 1.19,
            "reinvestment_rate": null,
            "research_to_sale_ratio": 10.51,
            "price_fair": 0,
            "eps_avg_yearly": 0,
            "eps_latest_yearly": 0,
            "eps_growth_yearly": 0
        },
        "20133": {
            "year_quarter": 20133,
            "year": 2013,
            "quarter": 3,
            "eps": null,
            "eps_growth_year": null,
            "eps_4q": null,
            "eps_4q_growth_year": null,
            "roe": null,
            "roe_4q": 0.54,
            "gross_profit": null,
            "gross_margin": null,
            "gross_margin_4q_avg": 8.58,
            "net_income": null,
            "net_income_4q": null,
            "revenue": null,
            "revenue_4q": null,
            "common_shares": null,
            "book_valuer_per_share": null,
            "book_valuer_per_share_4q_avg": 6.19,
            "equity": null,
            "current_ratio": null,
            "debt_ratio": null,
            "inventory_turnover_ratio": null,
            "account_receivable_turnover_ratio": null,
            "reinvestment_rate": null,
            "research_to_sale_ratio": null,
            "price_fair": 0,
            "eps_avg_yearly": 0,
            "eps_latest_yearly": 0,
            "eps_growth_yearly": 0
        },
        "20134": {
            "year_quarter": 20134,
            "year": 2013,
            "quarter": 4,
            "eps": null,
            "eps_growth_year": null,
            "eps_4q": null,
            "eps_4q_growth_year": null,
            "roe": null,
            "roe_4q": 0.54,
            "gross_profit": null,
            "gross_margin": null,
            "gross_margin_4q_avg": 8.58,
            "net_income": null,
            "net_income_4q": null,
            "revenue": null,
            "revenue_4q": null,
            "common_shares": 408230,
            "book_valuer_per_share": 12.93,
            "book_valuer_per_share_4q_avg": 6.37,
            "equity": 533381,
            "current_ratio": 171.77,
            "debt_ratio": 42.58,
            "inventory_turnover_ratio": null,
            "account_receivable_turnover_ratio": null,
            "reinvestment_rate": null,
            "research_to_sale_ratio": null,
            "price_fair": 0,
            "eps_avg_yearly": 0,
            "eps_latest_yearly": 0,
            "eps_growth_yearly": 0
        },
        "20141": {
            "year_quarter": 20141,
            "year": 2014,
            "quarter": 1,
            "eps": null,
            "eps_growth_year": null,
            "eps_4q": null,
            "eps_4q_growth_year": null,
            "roe": null,
            "roe_4q": 0.54,
            "gross_profit": null,
            "gross_margin": null,
            "gross_margin_4q_avg": 8.58,
            "net_income": null,
            "net_income_4q": null,
            "revenue": null,
            "revenue_4q": null,
            "common_shares": null,
            "book_valuer_per_share": null,
            "book_valuer_per_share_4q_avg": 6.37,
            "equity": null,
            "current_ratio": null,
            "debt_ratio": null,
            "inventory_turnover_ratio": null,
            "account_receivable_turnover_ratio": null,
            "reinvestment_rate": null,
            "research_to_sale_ratio": null,
            "price_fair": 0,
            "eps_avg_yearly": 0,
            "eps_latest_yearly": 0,
            "eps_growth_yearly": 0
        },
        "20142": {
            "year_quarter": 20142,
            "year": 2014,
            "quarter": 2,
            "eps": null,
            "eps_growth_year": null,
            "eps_4q": null,
            "eps_4q_growth_year": null,
            "roe": null,
            "roe_4q": 0,
            "gross_profit": null,
            "gross_margin": null,
            "gross_margin_4q_avg": 0,
            "net_income": null,
            "net_income_4q": null,
            "revenue": null,
            "revenue_4q": null,
            "common_shares": 408230,
            "book_valuer_per_share": 13.5,
            "book_valuer_per_share_4q_avg": 6.61,
            "equity": 556564,
            "current_ratio": 169.73,
            "debt_ratio": 40.08,
            "inventory_turnover_ratio": null,
            "account_receivable_turnover_ratio": null,
            "reinvestment_rate": null,
            "research_to_sale_ratio": null,
            "price_fair": 0,
            "eps_avg_yearly": 0,
            "eps_latest_yearly": 0,
            "eps_growth_yearly": 0
        },
        "20143": {
            "year_quarter": 20143,
            "year": 2014,
            "quarter": 3,
            "eps": null,
            "eps_growth_year": null,
            "eps_4q": null,
            "eps_4q_growth_year": null,
            "roe": null,
            "roe_4q": 0,
            "gross_profit": null,
            "gross_margin": null,
            "gross_margin_4q_avg": 0,
            "net_income": null,
            "net_income_4q": null,
            "revenue": null,
            "revenue_4q": null,
            "common_shares": null,
            "book_valuer_per_share": null,
            "book_valuer_per_share_4q_avg": 6.61,
            "equity": null,
            "current_ratio": null,
            "debt_ratio": null,
            "inventory_turnover_ratio": null,
            "account_receivable_turnover_ratio": null,
            "reinvestment_rate": null,
            "research_to_sale_ratio": null,
            "price_fair": 0,
            "eps_avg_yearly": 0,
            "eps_latest_yearly": 0,
            "eps_growth_yearly": 0
        },
        "20144": {
            "year_quarter": 20144,
            "year": 2014,
            "quarter": 4,
            "eps": null,
            "eps_growth_year": null,
            "eps_4q": null,
            "eps_4q_growth_year": null,
            "roe": null,
            "roe_4q": 0,
            "gross_profit": null,
            "gross_margin": null,
            "gross_margin_4q_avg": 0,
            "net_income": null,
            "net_income_4q": null,
            "revenue": null,
            "revenue_4q": null,
            "common_shares": 408230,
            "book_valuer_per_share": 14.43,
            "book_valuer_per_share_4q_avg": 6.98,
            "equity": 594458,
            "current_ratio": 184.29,
            "debt_ratio": 39.36,
            "inventory_turnover_ratio": null,
            "account_receivable_turnover_ratio": null,
            "reinvestment_rate": null,
            "research_to_sale_ratio": null,
            "price_fair": 0,
            "eps_avg_yearly": 0,
            "eps_latest_yearly": 0,
            "eps_growth_yearly": 0
        },
        "20151": {
            "year_quarter": 20151,
            "year": 2015,
            "quarter": 1,
            "eps": null,
            "eps_growth_year": null,
            "eps_4q": null,
            "eps_4q_growth_year": null,
            "roe": null,
            "roe_4q": 0,
            "gross_profit": null,
            "gross_margin": null,
            "gross_margin_4q_avg": 0,
            "net_income": null,
            "net_income_4q": null,
            "revenue": null,
            "revenue_4q": null,
            "common_shares": null,
            "book_valuer_per_share": null,
            "book_valuer_per_share_4q_avg": 6.98,
            "equity": null,
            "current_ratio": null,
            "debt_ratio": null,
            "inventory_turnover_ratio": null,
            "account_receivable_turnover_ratio": null,
            "reinvestment_rate": null,
            "research_to_sale_ratio": null,
            "price_fair": 0,
            "eps_avg_yearly": 0,
            "eps_latest_yearly": 0,
            "eps_growth_yearly": 0
        },
        "20152": {
            "year_quarter": 20152,
            "year": 2015,
            "quarter": 2,
            "eps": null,
            "eps_growth_year": null,
            "eps_4q": null,
            "eps_4q_growth_year": null,
            "roe": null,
            "roe_4q": 0,
            "gross_profit": null,
            "gross_margin": null,
            "gross_margin_4q_avg": 0,
            "net_income": null,
            "net_income_4q": null,
            "revenue": null,
            "revenue_4q": null,
            "common_shares": 408230,
            "book_valuer_per_share": 14.5,
            "book_valuer_per_share_4q_avg": 7.23,
            "equity": 596504,
            "current_ratio": 198.89,
            "debt_ratio": 39.99,
            "inventory_turnover_ratio": null,
            "account_receivable_turnover_ratio": null,
            "reinvestment_rate": null,
            "research_to_sale_ratio": null,
            "price_fair": 0,
            "eps_avg_yearly": 0,
            "eps_latest_yearly": 0,
            "eps_growth_yearly": 0
        },
        "20153": {
            "year_quarter": 20153,
            "year": 2015,
            "quarter": 3,
            "eps": null,
            "eps_growth_year": null,
            "eps_4q": null,
            "eps_4q_growth_year": null,
            "roe": null,
            "roe_4q": 0,
            "gross_profit": null,
            "gross_margin": null,
            "gross_margin_4q_avg": 0,
            "net_income": null,
            "net_income_4q": null,
            "revenue": null,
            "revenue_4q": null,
            "common_shares": null,
            "book_valuer_per_share": null,
            "book_valuer_per_share_4q_avg": 7.23,
            "equity": null,
            "current_ratio": null,
            "debt_ratio": null,
            "inventory_turnover_ratio": null,
            "account_receivable_turnover_ratio": null,
            "reinvestment_rate": null,
            "research_to_sale_ratio": null,
            "price_fair": 0,
            "eps_avg_yearly": 0,
            "eps_latest_yearly": 0,
            "eps_growth_yearly": 0
        },
        "20154": {
            "year_quarter": 20154,
            "year": 2015,
            "quarter": 4,
            "eps": null,
            "eps_growth_year": null,
            "eps_4q": null,
            "eps_4q_growth_year": null,
            "roe": null,
            "roe_4q": 0,
            "gross_profit": null,
            "gross_margin": null,
            "gross_margin_4q_avg": 0,
            "net_income": null,
            "net_income_4q": null,
            "revenue": null,
            "revenue_4q": null,
            "common_shares": 408230,
            "book_valuer_per_share": 15.33,
            "book_valuer_per_share_4q_avg": 7.46,
            "equity": 630924,
            "current_ratio": 217.75,
            "debt_ratio": 37.94,
            "inventory_turnover_ratio": null,
            "account_receivable_turnover_ratio": null,
            "reinvestment_rate": null,
            "research_to_sale_ratio": null,
            "price_fair": 0,
            "eps_avg_yearly": 0,
            "eps_latest_yearly": 0,
            "eps_growth_yearly": 0
        },
        "20161": {
            "year_quarter": 20161,
            "year": 2016,
            "quarter": 1,
            "eps": null,
            "eps_growth_year": null,
            "eps_4q": null,
            "eps_4q_growth_year": null,
            "roe": null,
            "roe_4q": 0,
            "gross_profit": null,
            "gross_margin": null,
            "gross_margin_4q_avg": 0,
            "net_income": null,
            "net_income_4q": null,
            "revenue": null,
            "revenue_4q": null,
            "common_shares": null,
            "book_valuer_per_share": null,
            "book_valuer_per_share_4q_avg": 7.46,
            "equity": null,
            "current_ratio": null,
            "debt_ratio": null,
            "inventory_turnover_ratio": null,
            "account_receivable_turnover_ratio": null,
            "reinvestment_rate": null,
            "research_to_sale_ratio": null,
            "price_fair": 0,
            "eps_avg_yearly": 0,
            "eps_latest_yearly": 0,
            "eps_growth_yearly": 0
        },
        "20162": {
            "year_quarter": 20162,
            "year": 2016,
            "quarter": 2,
            "eps": null,
            "eps_growth_year": null,
            "eps_4q": null,
            "eps_4q_growth_year": null,
            "roe": null,
            "roe_4q": 0,
            "gross_profit": null,
            "gross_margin": null,
            "gross_margin_4q_avg": 0,
            "net_income": null,
            "net_income_4q": null,
            "revenue": null,
            "revenue_4q": null,
            "common_shares": 408230,
            "book_valuer_per_share": 14.45,
            "book_valuer_per_share_4q_avg": 7.45,
            "equity": 580512,
            "current_ratio": 198.34,
            "debt_ratio": 39.46,
            "inventory_turnover_ratio": null,
            "account_receivable_turnover_ratio": null,
            "reinvestment_rate": null,
            "research_to_sale_ratio": null,
            "price_fair": 0,
            "eps_avg_yearly": 0,
            "eps_latest_yearly": 0,
            "eps_growth_yearly": 0
        },
        "20163": {
            "year_quarter": 20163,
            "year": 2016,
            "quarter": 3,
            "eps": null,
            "eps_growth_year": null,
            "eps_4q": null,
            "eps_4q_growth_year": null,
            "roe": null,
            "roe_4q": 0,
            "gross_profit": null,
            "gross_margin": null,
            "gross_margin_4q_avg": 0,
            "net_income": null,
            "net_income_4q": null,
            "revenue": null,
            "revenue_4q": null,
            "common_shares": null,
            "book_valuer_per_share": null,
            "book_valuer_per_share_4q_avg": 7.45,
            "equity": null,
            "current_ratio": null,
            "debt_ratio": null,
            "inventory_turnover_ratio": null,
            "account_receivable_turnover_ratio": null,
            "reinvestment_rate": null,
            "research_to_sale_ratio": null,
            "price_fair": 0,
            "eps_avg_yearly": 0,
            "eps_latest_yearly": 0,
            "eps_growth_yearly": 0
        },
        "20164": {
            "year_quarter": 20164,
            "year": 2016,
            "quarter": 4,
            "eps": null,
            "eps_growth_year": null,
            "eps_4q": null,
            "eps_4q_growth_year": null,
            "roe": null,
            "roe_4q": 0,
            "gross_profit": null,
            "gross_margin": null,
            "gross_margin_4q_avg": 0,
            "net_income": null,
            "net_income_4q": null,
            "revenue": null,
            "revenue_4q": null,
            "common_shares": null,
            "book_valuer_per_share": null,
            "book_valuer_per_share_4q_avg": 3.61,
            "equity": null,
            "current_ratio": null,
            "debt_ratio": null,
            "inventory_turnover_ratio": null,
            "account_receivable_turnover_ratio": null,
            "reinvestment_rate": null,
            "research_to_sale_ratio": null,
            "price_fair": 0,
            "eps_avg_yearly": 0,
            "eps_latest_yearly": 0,
            "eps_growth_yearly": 0
        },
        "20171": {
            "year_quarter": 20171,
            "year": 2017,
            "quarter": 1,
            "eps": null,
            "eps_growth_year": null,
            "eps_4q": null,
            "eps_4q_growth_year": null,
            "roe": null,
            "roe_4q": 0,
            "gross_profit": null,
            "gross_margin": null,
            "gross_margin_4q_avg": 0,
            "net_income": null,
            "net_income_4q": null,
            "revenue": null,
            "revenue_4q": null,
            "common_shares": null,
            "book_valuer_per_share": null,
            "book_valuer_per_share_4q_avg": 3.61,
            "equity": null,
            "current_ratio": null,
            "debt_ratio": null,
            "inventory_turnover_ratio": null,
            "account_receivable_turnover_ratio": null,
            "reinvestment_rate": null,
            "research_to_sale_ratio": null,
            "price_fair": 0,
            "eps_avg_yearly": 0,
            "eps_latest_yearly": 0,
            "eps_growth_yearly": 0
        },
        "20172": {
            "year_quarter": 20172,
            "year": 2017,
            "quarter": 2,
            "eps": null,
            "eps_growth_year": null,
            "eps_4q": null,
            "eps_4q_growth_year": null,
            "roe": null,
            "roe_4q": 0,
            "gross_profit": null,
            "gross_margin": null,
            "gross_margin_4q_avg": 0,
            "net_income": null,
            "net_income_4q": null,
            "revenue": null,
            "revenue_4q": null,
            "common_shares": 408230,
            "book_valuer_per_share": 14.18,
            "book_valuer_per_share_4q_avg": 3.55,
            "equity": 564433,
            "current_ratio": 214.76,
            "debt_ratio": 37.95,
            "inventory_turnover_ratio": null,
            "account_receivable_turnover_ratio": null,
            "reinvestment_rate": null,
            "research_to_sale_ratio": null,
            "price_fair": 0,
            "eps_avg_yearly": 0,
            "eps_latest_yearly": 0,
            "eps_growth_yearly": 0
        },
        "20173": {
            "year_quarter": 20173,
            "year": 2017,
            "quarter": 3,
            "eps": null,
            "eps_growth_year": null,
            "eps_4q": null,
            "eps_4q_growth_year": null,
            "roe": null,
            "roe_4q": 0,
            "gross_profit": null,
            "gross_margin": null,
            "gross_margin_4q_avg": 0,
            "net_income": null,
            "net_income_4q": null,
            "revenue": null,
            "revenue_4q": null,
            "common_shares": null,
            "book_valuer_per_share": null,
            "book_valuer_per_share_4q_avg": 3.55,
            "equity": null,
            "current_ratio": null,
            "debt_ratio": null,
            "inventory_turnover_ratio": null,
            "account_receivable_turnover_ratio": null,
            "reinvestment_rate": null,
            "research_to_sale_ratio": null,
            "price_fair": 0,
            "eps_avg_yearly": 0,
            "eps_latest_yearly": 0,
            "eps_growth_yearly": 0
        },
        "20174": {
            "year_quarter": 20174,
            "year": 2017,
            "quarter": 4,
            "eps": null,
            "eps_growth_year": null,
            "eps_4q": null,
            "eps_4q_growth_year": null,
            "roe": null,
            "roe_4q": 0,
            "gross_profit": null,
            "gross_margin": null,
            "gross_margin_4q_avg": 0,
            "net_income": null,
            "net_income_4q": null,
            "revenue": null,
            "revenue_4q": null,
            "common_shares": 408230,
            "book_valuer_per_share": 14.86,
            "book_valuer_per_share_4q_avg": 7.26,
            "equity": 591866,
            "current_ratio": 228.09,
            "debt_ratio": 36.11,
            "inventory_turnover_ratio": null,
            "account_receivable_turnover_ratio": null,
            "reinvestment_rate": null,
            "research_to_sale_ratio": null,
            "price_fair": 0,
            "eps_avg_yearly": 0,
            "eps_latest_yearly": 0,
            "eps_growth_yearly": 0
        },
        "20181": {
            "year_quarter": 20181,
            "year": 2018,
            "quarter": 1,
            "eps": null,
            "eps_growth_year": null,
            "eps_4q": null,
            "eps_4q_growth_year": null,
            "roe": null,
            "roe_4q": 0,
            "gross_profit": null,
            "gross_margin": null,
            "gross_margin_4q_avg": 0,
            "net_income": null,
            "net_income_4q": null,
            "revenue": null,
            "revenue_4q": null,
            "common_shares": null,
            "book_valuer_per_share": null,
            "book_valuer_per_share_4q_avg": 7.26,
            "equity": null,
            "current_ratio": null,
            "debt_ratio": null,
            "inventory_turnover_ratio": null,
            "account_receivable_turnover_ratio": null,
            "reinvestment_rate": null,
            "research_to_sale_ratio": null,
            "price_fair": 0,
            "eps_avg_yearly": 0,
            "eps_latest_yearly": 0,
            "eps_growth_yearly": 0
        },
        "20182": {
            "year_quarter": 20182,
            "year": 2018,
            "quarter": 2,
            "eps": null,
            "eps_growth_year": null,
            "eps_4q": null,
            "eps_4q_growth_year": null,
            "roe": null,
            "roe_4q": 0,
            "gross_profit": null,
            "gross_margin": null,
            "gross_margin_4q_avg": 0,
            "net_income": null,
            "net_income_4q": null,
            "revenue": null,
            "revenue_4q": null,
            "common_shares": 408230,
            "book_valuer_per_share": 15.2,
            "book_valuer_per_share_4q_avg": 7.52,
            "equity": 639663,
            "current_ratio": 220.14,
            "debt_ratio": 33.7,
            "inventory_turnover_ratio": null,
            "account_receivable_turnover_ratio": null,
            "reinvestment_rate": null,
            "research_to_sale_ratio": null,
            "price_fair": 0,
            "eps_avg_yearly": 0,
            "eps_latest_yearly": 0,
            "eps_growth_yearly": 0
        },
        "20183": {
            "year_quarter": 20183,
            "year": 2018,
            "quarter": 3,
            "eps": null,
            "eps_growth_year": null,
            "eps_4q": null,
            "eps_4q_growth_year": null,
            "roe": null,
            "roe_4q": 0,
            "gross_profit": null,
            "gross_margin": null,
            "gross_margin_4q_avg": 0,
            "net_income": null,
            "net_income_4q": null,
            "revenue": null,
            "revenue_4q": null,
            "common_shares": null,
            "book_valuer_per_share": null,
            "book_valuer_per_share_4q_avg": 7.52,
            "equity": null,
            "current_ratio": null,
            "debt_ratio": null,
            "inventory_turnover_ratio": null,
            "account_receivable_turnover_ratio": null,
            "reinvestment_rate": null,
            "research_to_sale_ratio": null,
            "price_fair": 0,
            "eps_avg_yearly": 0,
            "eps_latest_yearly": 0,
            "eps_growth_yearly": 0
        },
        "20184": {
            "year_quarter": 20184,
            "year": 2018,
            "quarter": 4,
            "eps": null,
            "eps_growth_year": null,
            "eps_4q": null,
            "eps_4q_growth_year": null,
            "roe": null,
            "roe_4q": 0,
            "gross_profit": null,
            "gross_margin": null,
            "gross_margin_4q_avg": 0,
            "net_income": null,
            "net_income_4q": null,
            "revenue": null,
            "revenue_4q": null,
            "common_shares": 408230,
            "book_valuer_per_share": 15.57,
            "book_valuer_per_share_4q_avg": 7.69,
            "equity": 660687,
            "current_ratio": 243.26,
            "debt_ratio": 34.35,
            "inventory_turnover_ratio": null,
            "account_receivable_turnover_ratio": null,
            "reinvestment_rate": null,
            "research_to_sale_ratio": null,
            "price_fair": 0,
            "eps_avg_yearly": 0,
            "eps_latest_yearly": 0,
            "eps_growth_yearly": 0
        },
        "20191": {
            "year_quarter": 20191,
            "year": 2019,
            "quarter": 1,
            "eps": null,
            "eps_growth_year": null,
            "eps_4q": null,
            "eps_4q_growth_year": null,
            "roe": null,
            "roe_4q": 0,
            "gross_profit": null,
            "gross_margin": null,
            "gross_margin_4q_avg": 0,
            "net_income": null,
            "net_income_4q": null,
            "revenue": null,
            "revenue_4q": null,
            "common_shares": null,
            "book_valuer_per_share": null,
            "book_valuer_per_share_4q_avg": 7.69,
            "equity": null,
            "current_ratio": null,
            "debt_ratio": null,
            "inventory_turnover_ratio": null,
            "account_receivable_turnover_ratio": null,
            "reinvestment_rate": null,
            "research_to_sale_ratio": null,
            "price_fair": 0,
            "eps_avg_yearly": 0,
            "eps_latest_yearly": 0,
            "eps_growth_yearly": 0
        },
        "20192": {
            "year_quarter": 20192,
            "year": 2019,
            "quarter": 2,
            "eps": null,
            "eps_growth_year": null,
            "eps_4q": null,
            "eps_4q_growth_year": null,
            "roe": null,
            "roe_4q": 0,
            "gross_profit": null,
            "gross_margin": null,
            "gross_margin_4q_avg": 0,
            "net_income": null,
            "net_income_4q": null,
            "revenue": null,
            "revenue_4q": null,
            "common_shares": 398180,
            "book_valuer_per_share": 15.58,
            "book_valuer_per_share_4q_avg": 7.79,
            "equity": 660569,
            "current_ratio": 231.51,
            "debt_ratio": 41.72,
            "inventory_turnover_ratio": null,
            "account_receivable_turnover_ratio": null,
            "reinvestment_rate": null,
            "research_to_sale_ratio": null,
            "price_fair": 0,
            "eps_avg_yearly": 0,
            "eps_latest_yearly": 0,
            "eps_growth_yearly": 0
        },
        "20193": {
            "year_quarter": 20193,
            "year": 2019,
            "quarter": 3,
            "eps": null,
            "eps_growth_year": null,
            "eps_4q": null,
            "eps_4q_growth_year": null,
            "roe": null,
            "roe_4q": 0,
            "gross_profit": null,
            "gross_margin": null,
            "gross_margin_4q_avg": 0,
            "net_income": null,
            "net_income_4q": null,
            "revenue": null,
            "revenue_4q": null,
            "common_shares": null,
            "book_valuer_per_share": null,
            "book_valuer_per_share_4q_avg": 7.79,
            "equity": null,
            "current_ratio": null,
            "debt_ratio": null,
            "inventory_turnover_ratio": null,
            "account_receivable_turnover_ratio": null,
            "reinvestment_rate": null,
            "research_to_sale_ratio": null,
            "price_fair": 0,
            "eps_avg_yearly": 0,
            "eps_latest_yearly": 0,
            "eps_growth_yearly": 0
        },
        "20194": {
            "year_quarter": 20194,
            "year": 2019,
            "quarter": 4,
            "eps": null,
            "eps_growth_year": null,
            "eps_4q": null,
            "eps_4q_growth_year": null,
            "roe": null,
            "roe_4q": 0,
            "gross_profit": null,
            "gross_margin": null,
            "gross_margin_4q_avg": 0,
            "net_income": null,
            "net_income_4q": null,
            "revenue": null,
            "revenue_4q": null,
            "common_shares": 406957,
            "book_valuer_per_share": 16.11,
            "book_valuer_per_share_4q_avg": 7.92,
            "equity": 693725,
            "current_ratio": 195.96,
            "debt_ratio": 46.89,
            "inventory_turnover_ratio": null,
            "account_receivable_turnover_ratio": null,
            "reinvestment_rate": null,
            "research_to_sale_ratio": null,
            "price_fair": 0,
            "eps_avg_yearly": 0,
            "eps_latest_yearly": 0,
            "eps_growth_yearly": 0
        },
        "20201": {
            "year_quarter": 20201,
            "year": 2020,
            "quarter": 1,
            "eps": 0.25,
            "eps_growth_year": null,
            "eps_4q": null,
            "eps_4q_growth_year": null,
            "roe": 1.34,
            "roe_4q": 1.34,
            "gross_profit": 88016,
            "gross_margin": 37.54,
            "gross_margin_4q_avg": 9.39,
            "net_income": 9331,
            "net_income_4q": null,
            "revenue": 234431,
            "revenue_4q": null,
            "common_shares": 406957,
            "book_valuer_per_share": 16.15,
            "book_valuer_per_share_4q_avg": 11.96,
            "equity": 693760,
            "current_ratio": 190.83,
            "debt_ratio": 45.28,
            "inventory_turnover_ratio": 1.39,
            "account_receivable_turnover_ratio": 0.95,
            "reinvestment_rate": null,
            "research_to_sale_ratio": 6.62,
            "price_fair": 0,
            "eps_avg_yearly": 0,
            "eps_latest_yearly": 0,
            "eps_growth_yearly": 0
        },
        "20202": {
            "year_quarter": 20202,
            "year": 2020,
            "quarter": 2,
            "eps": 0.99,
            "eps_growth_year": null,
            "eps_4q": null,
            "eps_4q_growth_year": null,
            "roe": 6.09,
            "roe_4q": 7.43,
            "gross_profit": 127959,
            "gross_margin": 42.54,
            "gross_margin_4q_avg": 20.02,
            "net_income": 42180,
            "net_income_4q": null,
            "revenue": 300800,
            "revenue_4q": null,
            "common_shares": 406957,
            "book_valuer_per_share": 16.04,
            "book_valuer_per_share_4q_avg": 12.08,
            "equity": 690705,
            "current_ratio": 186.78,
            "debt_ratio": 45.75,
            "inventory_turnover_ratio": 2.02,
            "account_receivable_turnover_ratio": 1.15,
            "reinvestment_rate": null,
            "research_to_sale_ratio": 7.95,
            "price_fair": 138.6,
            "eps_avg_yearly": 3.96,
            "eps_latest_yearly": 3.96,
            "eps_growth_yearly": 1184
        },
        "20203": {
            "year_quarter": 20203,
            "year": 2020,
            "quarter": 3,
            "eps": 1.22,
            "eps_growth_year": null,
            "eps_4q": null,
            "eps_4q_growth_year": null,
            "roe": 7.28,
            "roe_4q": 14.71,
            "gross_profit": 144881,
            "gross_margin": 47.24,
            "gross_margin_4q_avg": 31.83,
            "net_income": 52537,
            "net_income_4q": null,
            "revenue": 306674,
            "revenue_4q": null,
            "common_shares": 406957,
            "book_valuer_per_share": 17.48,
            "book_valuer_per_share_4q_avg": 16.45,
            "equity": 753380,
            "current_ratio": 180.59,
            "debt_ratio": 44.32,
            "inventory_turnover_ratio": 1.45,
            "account_receivable_turnover_ratio": 1.09,
            "reinvestment_rate": null,
            "research_to_sale_ratio": 8.16,
            "price_fair": 154.7,
            "eps_avg_yearly": 4.42,
            "eps_latest_yearly": 4.88,
            "eps_growth_yearly": 638.46
        },
        "20204": {
            "year_quarter": 20204,
            "year": 2020,
            "quarter": 4,
            "eps": 0.17,
            "eps_growth_year": null,
            "eps_4q": 2.31,
            "eps_4q_growth_year": null,
            "roe": 0.81,
            "roe_4q": 15.52,
            "gross_profit": 111572,
            "gross_margin": 39.87,
            "gross_margin_4q_avg": 41.8,
            "net_income": 7704,
            "net_income_4q": null,
            "revenue": 279868,
            "revenue_4q": null,
            "common_shares": 466957,
            "book_valuer_per_share": 23.88,
            "book_valuer_per_share_4q_avg": 18.39,
            "equity": 1157790,
            "current_ratio": 237.97,
            "debt_ratio": 36.29,
            "inventory_turnover_ratio": 1.05,
            "account_receivable_turnover_ratio": 0.94,
            "reinvestment_rate": null,
            "research_to_sale_ratio": 11.85,
            "price_fair": 111.07,
            "eps_avg_yearly": 3.17,
            "eps_latest_yearly": 0.68,
            "eps_growth_yearly": 310.89
        },
        "20211": {
            "year_quarter": 20211,
            "year": 2021,
            "quarter": 1,
            "eps": 0.33,
            "eps_growth_year": 32,
            "eps_4q": 2.42,
            "eps_4q_growth_year": null,
            "roe": 1.73,
            "roe_4q": 15.91,
            "gross_profit": 122793,
            "gross_margin": 38.88,
            "gross_margin_4q_avg": 42.13,
            "net_income": 19534,
            "net_income_4q": null,
            "revenue": 315801,
            "revenue_4q": null,
            "common_shares": 466957,
            "book_valuer_per_share": 22.6,
            "book_valuer_per_share_4q_avg": 20,
            "equity": 1101764,
            "current_ratio": 201.35,
            "debt_ratio": 39.79,
            "inventory_turnover_ratio": 1.04,
            "account_receivable_turnover_ratio": 1.04,
            "reinvestment_rate": null,
            "research_to_sale_ratio": 8.47,
            "price_fair": 94.85,
            "eps_avg_yearly": 2.71,
            "eps_latest_yearly": 1.32,
            "eps_growth_yearly": 327.28
        },
        "20212": {
            "year_quarter": 20212,
            "year": 2021,
            "quarter": 2,
            "eps": 1.04,
            "eps_growth_year": 5.05,
            "eps_4q": 2.6,
            "eps_4q_growth_year": null,
            "roe": 4.38,
            "roe_4q": 14.2,
            "gross_profit": 146809,
            "gross_margin": 38.69,
            "gross_margin_4q_avg": 41.17,
            "net_income": 49402,
            "net_income_4q": null,
            "revenue": 379437,
            "revenue_4q": null,
            "common_shares": 465957,
            "book_valuer_per_share": 23.75,
            "book_valuer_per_share_4q_avg": 21.93,
            "equity": 1154054,
            "current_ratio": 211.7,
            "debt_ratio": 44.43,
            "inventory_turnover_ratio": 1.28,
            "account_receivable_turnover_ratio": 1.34,
            "reinvestment_rate": null,
            "research_to_sale_ratio": 7.72,
            "price_fair": 105,
            "eps_avg_yearly": 3,
            "eps_latest_yearly": 4.16,
            "eps_growth_yearly": 433.95
        },
        "20213": {
            "year_quarter": 20213,
            "year": 2021,
            "quarter": 3,
            "eps": 2.76,
            "eps_growth_year": 126.23,
            "eps_4q": 4.27,
            "eps_4q_growth_year": null,
            "roe": 10.47,
            "roe_4q": 17.39,
            "gross_profit": 149839,
            "gross_margin": 42.37,
            "gross_margin_4q_avg": 39.95,
            "net_income": 128404,
            "net_income_4q": null,
            "revenue": 353608,
            "revenue_4q": null,
            "common_shares": 467217,
            "book_valuer_per_share": 26.79,
            "book_valuer_per_share_4q_avg": 24.26,
            "equity": 1299491,
            "current_ratio": 271.01,
            "debt_ratio": 37.96,
            "inventory_turnover_ratio": 1.07,
            "account_receivable_turnover_ratio": 1.17,
            "reinvestment_rate": null,
            "research_to_sale_ratio": 10.76,
            "price_fair": 151.9,
            "eps_avg_yearly": 4.34,
            "eps_latest_yearly": 11.04,
            "eps_growth_yearly": 471.88
        },
        "20214": {
            "year_quarter": 20214,
            "year": 2021,
            "quarter": 4,
            "eps": 1.81,
            "eps_growth_year": 951.84,
            "eps_4q": 5.91,
            "eps_4q_growth_year": 155.41,
            "roe": 6.58,
            "roe_4q": 23.16,
            "gross_profit": 185918,
            "gross_margin": 48.42,
            "gross_margin_4q_avg": 42.09,
            "net_income": 87989,
            "net_income_4q": null,
            "revenue": 383980,
            "revenue_4q": null,
            "common_shares": 467217,
            "book_valuer_per_share": 28.34,
            "book_valuer_per_share_4q_avg": 25.37,
            "equity": 1375847,
            "current_ratio": 245.88,
            "debt_ratio": 40.14,
            "inventory_turnover_ratio": 0.76,
            "account_receivable_turnover_ratio": 1.14,
            "reinvestment_rate": null,
            "research_to_sale_ratio": 11.89,
            "price_fair": 166.4,
            "eps_avg_yearly": 4.75,
            "eps_latest_yearly": 7.24,
            "eps_growth_yearly": 384.8
        },
        "20221": {
            "year_quarter": 20221,
            "year": 2022,
            "quarter": 1,
            "eps": 0.62,
            "eps_growth_year": 87.88,
            "eps_4q": 6.2,
            "eps_4q_growth_year": 156.74,
            "roe": 2.25,
            "roe_4q": 23.68,
            "gross_profit": 140581,
            "gross_margin": 37.7,
            "gross_margin_4q_avg": 41.8,
            "net_income": 30951,
            "net_income_4q": null,
            "revenue": 372878,
            "revenue_4q": null,
            "common_shares": 467217,
            "book_valuer_per_share": 28.27,
            "book_valuer_per_share_4q_avg": 26.79,
            "equity": 1376255,
            "current_ratio": 247.31,
            "debt_ratio": 52.09,
            "inventory_turnover_ratio": 0.68,
            "account_receivable_turnover_ratio": 0.98,
            "reinvestment_rate": null,
            "research_to_sale_ratio": 10.45,
            "price_fair": 156.45,
            "eps_avg_yearly": 4.47,
            "eps_latest_yearly": 2.48,
            "eps_growth_yearly": 303.83
        },
        "20222": {
            "year_quarter": 20222,
            "year": 2022,
            "quarter": 2,
            "eps": 0.81,
            "eps_growth_year": -22.12,
            "eps_4q": 5.97,
            "eps_4q_growth_year": 130.01,
            "roe": 2.59,
            "roe_4q": 21.89,
            "gross_profit": 148928,
            "gross_margin": 37.87,
            "gross_margin_4q_avg": 41.59,
            "net_income": 35884,
            "net_income_4q": null,
            "revenue": 393230,
            "revenue_4q": null,
            "common_shares": 467217,
            "book_valuer_per_share": 28.79,
            "book_valuer_per_share_4q_avg": 28.05,
            "equity": 1397988,
            "current_ratio": 226.73,
            "debt_ratio": 53.93,
            "inventory_turnover_ratio": 0.63,
            "account_receivable_turnover_ratio": 0.91,
            "reinvestment_rate": null,
            "research_to_sale_ratio": 11.7,
            "price_fair": 151.67,
            "eps_avg_yearly": 4.33,
            "eps_latest_yearly": 3.24,
            "eps_growth_yearly": 283.69
        },
        "20223": {
            "year_quarter": 20223,
            "year": 2022,
            "quarter": 3,
            "eps": 1.96,
            "eps_growth_year": -28.99,
            "eps_4q": 5.19,
            "eps_4q_growth_year": 21.6,
            "roe": 6.43,
            "roe_4q": 17.85,
            "gross_profit": 212592,
            "gross_margin": 45.22,
            "gross_margin_4q_avg": 42.3,
            "net_income": 92709,
            "net_income_4q": null,
            "revenue": 470090,
            "revenue_4q": null,
            "common_shares": 467131,
            "book_valuer_per_share": 30.69,
            "book_valuer_per_share_4q_avg": 29.02,
            "equity": 1487652,
            "current_ratio": 268.48,
            "debt_ratio": 49.81,
            "inventory_turnover_ratio": 0.64,
            "account_receivable_turnover_ratio": 1.12,
            "reinvestment_rate": null,
            "research_to_sale_ratio": 11.83,
            "price_fair": 163.94,
            "eps_avg_yearly": 4.68,
            "eps_latest_yearly": 7.84,
            "eps_growth_yearly": 312.11
        },
        "20224": {
            "year_quarter": 20224,
            "year": 2022,
            "quarter": 4,
            "eps": 3.49,
            "eps_growth_year": 92.66,
            "eps_4q": 6.87,
            "eps_4q_growth_year": 16.26,
            "roe": 10.6,
            "roe_4q": 21.87,
            "gross_profit": 191723,
            "gross_margin": 39.79,
            "gross_margin_4q_avg": 40.15,
            "net_income": 164045,
            "net_income_4q": null,
            "revenue": 481841,
            "revenue_4q": null,
            "common_shares": 467131,
            "book_valuer_per_share": 34.4,
            "book_valuer_per_share_4q_avg": 30.54,
            "equity": 1606762,
            "current_ratio": 293.03,
            "debt_ratio": 47.34,
            "inventory_turnover_ratio": 0.8,
            "account_receivable_turnover_ratio": 1.29,
            "reinvestment_rate": null,
            "research_to_sale_ratio": 15.37,
            "price_fair": 193.45,
            "eps_avg_yearly": 5.53,
            "eps_latest_yearly": 13.96,
            "eps_growth_yearly": 312.12
        },
        "20231": {
            "year_quarter": 20231,
            "year": 2023,
            "quarter": 1,
            "eps": 1.1,
            "eps_growth_year": 77.42,
            "eps_4q": 7.34,
            "eps_4q_growth_year": 18.4,
            "roe": 3.3,
            "roe_4q": 22.919999999999998,
            "gross_profit": 183920,
            "gross_margin": 43.58,
            "gross_margin_4q_avg": 41.62,
            "net_income": 51237,
            "net_income_4q": null,
            "revenue": 422004,
            "revenue_4q": null,
            "common_shares": 467111,
            "book_valuer_per_share": 32.06,
            "book_valuer_per_share_4q_avg": 31.49,
            "equity": 1497425,
            "current_ratio": 263.39,
            "debt_ratio": 50.42,
            "inventory_turnover_ratio": 0.72,
            "account_receivable_turnover_ratio": 1.22,
            "reinvestment_rate": null,
            "research_to_sale_ratio": 10.49,
            "price_fair": 190.17,
            "eps_avg_yearly": 5.43,
            "eps_latest_yearly": 4.4,
            "eps_growth_yearly": 263.28
        },
        "20232": {
            "year_quarter": 20232,
            "year": 2023,
            "quarter": 2,
            "eps": 0.91,
            "eps_growth_year": 12.35,
            "eps_4q": 7.45,
            "eps_4q_growth_year": 24.75,
            "roe": 2.8,
            "roe_4q": 23.13,
            "gross_profit": 166479,
            "gross_margin": 43.64,
            "gross_margin_4q_avg": 43.06,
            "net_income": 42618,
            "net_income_4q": null,
            "revenue": 381508,
            "revenue_4q": null,
            "common_shares": 467111,
            "book_valuer_per_share": 33.05,
            "book_valuer_per_share_4q_avg": 32.55,
            "equity": 1543731,
            "current_ratio": 281.11,
            "debt_ratio": 47.6,
            "inventory_turnover_ratio": 0.64,
            "account_receivable_turnover_ratio": 1.1,
            "reinvestment_rate": null,
            "research_to_sale_ratio": 12.12,
            "price_fair": 185.34,
            "eps_avg_yearly": 5.3,
            "eps_latest_yearly": 3.64,
            "eps_growth_yearly": 237.72
        },
        "20233": {
            "year_quarter": 20233,
            "year": 2023,
            "quarter": 3,
            "eps": 1.55,
            "eps_growth_year": -20.92,
            "eps_4q": 7.04,
            "eps_4q_growth_year": 35.69,
            "roe": 4.55,
            "roe_4q": 21.25,
            "gross_profit": 198539,
            "gross_margin": 42.78,
            "gross_margin_4q_avg": 42.45,
            "net_income": 72438,
            "net_income_4q": null,
            "revenue": 464146,
            "revenue_4q": null,
            "common_shares": 468004,
            "book_valuer_per_share": 35,
            "book_valuer_per_share_4q_avg": 33.63,
            "equity": 1643219,
            "current_ratio": 308.51,
            "debt_ratio": 44.87,
            "inventory_turnover_ratio": 0.81,
            "account_receivable_turnover_ratio": 1.04,
            "reinvestment_rate": null,
            "research_to_sale_ratio": 10.17,
            "price_fair": 187.6,
            "eps_avg_yearly": 5.36,
            "eps_latest_yearly": 6.2,
            "eps_growth_yearly": 240.83
        }
    },
    "months": {
        "2004-09": {
            "month": "2004-09",
            "price": "12.60",
            "revenue": 24119
        },
        "2004-10": {
            "month": "2004-10",
            "price": "13.65",
            "revenue": 18218
        },
        "2004-11": {
            "month": "2004-11",
            "price": "13.50",
            "revenue": 29517
        },
        "2004-12": {
            "month": "2004-12",
            "price": "12.00",
            "revenue": 23382
        },
        "2005-01": {
            "month": "2005-01",
            "price": "13.00",
            "revenue": 22090
        },
        "2005-02": {
            "month": "2005-02",
            "price": "15.10",
            "revenue": 19229
        },
        "2005-03": {
            "month": "2005-03",
            "price": "15.10",
            "revenue": 29742
        },
        "2005-04": {
            "month": "2005-04",
            "price": "13.01",
            "revenue": 20186
        },
        "2005-05": {
            "month": "2005-05",
            "price": "13.21",
            "revenue": 33235
        },
        "2005-06": {
            "month": "2005-06",
            "price": "13.18",
            "revenue": 35590
        },
        "2005-07": {
            "month": "2005-07",
            "price": "12.90",
            "revenue": 23819
        },
        "2005-08": {
            "month": "2005-08",
            "price": "12.61",
            "revenue": 25880
        },
        "2005-09": {
            "month": "2005-09",
            "price": "11.52",
            "revenue": 36586
        },
        "2005-11": {
            "month": "2005-11",
            "price": "11.15",
            "revenue": 39696
        },
        "2005-12": {
            "month": "2005-12",
            "price": "12.82",
            "revenue": 18649
        },
        "2006-01": {
            "month": "2006-01",
            "price": "13.69",
            "revenue": 31546
        },
        "2006-02": {
            "month": "2006-02",
            "price": "12.69",
            "revenue": 24071
        },
        "2006-03": {
            "month": "2006-03",
            "price": "12.68",
            "revenue": 43232
        },
        "2006-04": {
            "month": "2006-04",
            "price": "14.46",
            "revenue": 16351
        },
        "2006-05": {
            "month": "2006-05",
            "price": "15.62",
            "revenue": 21692
        },
        "2006-06": {
            "month": "2006-06",
            "price": "12.25",
            "revenue": 11027
        },
        "2006-07": {
            "month": "2006-07",
            "price": "10.87",
            "revenue": 19319
        },
        "2006-08": {
            "month": "2006-08",
            "price": "10.04",
            "revenue": 13235
        },
        "2006-09": {
            "month": "2006-09",
            "price": "8.12",
            "revenue": 23108
        },
        "2006-10": {
            "month": "2006-10",
            "price": "7.59",
            "revenue": 30743
        },
        "2006-11": {
            "month": "2006-11",
            "price": "7.48",
            "revenue": 22998
        },
        "2006-12": {
            "month": "2006-12",
            "price": "7.50",
            "revenue": 20368
        },
        "2007-01": {
            "month": "2007-01",
            "price": "6.89",
            "revenue": 26685
        },
        "2007-02": {
            "month": "2007-02",
            "price": "7.90",
            "revenue": 15637
        },
        "2007-03": {
            "month": "2007-03",
            "price": "7.95",
            "revenue": 25385
        },
        "2007-04": {
            "month": "2007-04",
            "price": "7.89",
            "revenue": 18228
        },
        "2007-05": {
            "month": "2007-05",
            "price": "8.01",
            "revenue": 21343
        },
        "2007-06": {
            "month": "2007-06",
            "price": "8.08",
            "revenue": 22019
        },
        "2007-07": {
            "month": "2007-07",
            "price": "8.11",
            "revenue": 21868
        },
        "2007-08": {
            "month": "2007-08",
            "price": "8.09",
            "revenue": 24057
        },
        "2007-09": {
            "month": "2007-09",
            "price": "8.13",
            "revenue": 28140
        },
        "2007-10": {
            "month": "2007-10",
            "price": "8.21",
            "revenue": 23465
        },
        "2007-11": {
            "month": "2007-11",
            "price": "7.14",
            "revenue": 11063
        },
        "2007-12": {
            "month": "2007-12",
            "price": "7.80",
            "revenue": 13734
        },
        "2008-01": {
            "month": "2008-01",
            "price": "8.43",
            "revenue": 10150
        },
        "2008-02": {
            "month": "2008-02",
            "price": "8.71",
            "revenue": 6872
        },
        "2008-03": {
            "month": "2008-03",
            "price": "8.92",
            "revenue": 18232
        },
        "2008-04": {
            "month": "2008-04",
            "price": "9.67",
            "revenue": 14715
        },
        "2008-05": {
            "month": "2008-05",
            "price": "11.48",
            "revenue": 14228
        },
        "2008-06": {
            "month": "2008-06",
            "price": "12.98",
            "revenue": 18967
        },
        "2008-07": {
            "month": "2008-07",
            "price": "11.18",
            "revenue": 26229
        },
        "2008-08": {
            "month": "2008-08",
            "price": "9.85",
            "revenue": 35834
        },
        "2008-09": {
            "month": "2008-09",
            "price": "9.63",
            "revenue": 40245
        },
        "2008-10": {
            "month": "2008-10",
            "price": "8.50",
            "revenue": 25217
        },
        "2008-11": {
            "month": "2008-11",
            "price": "7.89",
            "revenue": 19350
        },
        "2008-12": {
            "month": "2008-12",
            "price": "7.23",
            "revenue": 15127
        },
        "2009-01": {
            "month": "2009-01",
            "price": "6.75",
            "revenue": 22348
        },
        "2009-02": {
            "month": "2009-02",
            "price": "6.30",
            "revenue": 34930
        },
        "2009-03": {
            "month": "2009-03",
            "price": "5.83",
            "revenue": 32130
        },
        "2009-04": {
            "month": "2009-04",
            "price": "5.95",
            "revenue": 39618
        },
        "2009-06": {
            "month": "2009-06",
            "price": "6.57",
            "revenue": 56296
        },
        "2009-07": {
            "month": "2009-07",
            "price": "7.98",
            "revenue": 37695
        },
        "2009-08": {
            "month": "2009-08",
            "price": "8.17",
            "revenue": 48544
        },
        "2009-09": {
            "month": "2009-09",
            "price": "7.21",
            "revenue": 39351
        },
        "2009-10": {
            "month": "2009-10",
            "price": "6.39",
            "revenue": 56890
        },
        "2009-11": {
            "month": "2009-11",
            "price": "6.40",
            "revenue": 48234
        },
        "2009-12": {
            "month": "2009-12",
            "price": "6.77",
            "revenue": 81419
        },
        "2010-01": {
            "month": "2010-01",
            "price": "7.62",
            "revenue": 70636
        },
        "2010-02": {
            "month": "2010-02",
            "price": "7.90",
            "revenue": 34808
        },
        "2010-03": {
            "month": "2010-03",
            "price": "7.00",
            "revenue": 94688
        },
        "2010-04": {
            "month": "2010-04",
            "price": "8.35",
            "revenue": 71124
        },
        "2010-05": {
            "month": "2010-05",
            "price": "8.95",
            "revenue": 76934
        },
        "2010-06": {
            "month": "2010-06",
            "price": "8.62",
            "revenue": 73122
        },
        "2010-07": {
            "month": "2010-07",
            "price": "8.35",
            "revenue": 67352
        },
        "2010-08": {
            "month": "2010-08",
            "price": "7.69",
            "revenue": 43195
        },
        "2010-09": {
            "month": "2010-09",
            "price": "8.36",
            "revenue": 63818
        },
        "2010-10": {
            "month": "2010-10",
            "price": "8.60",
            "revenue": 52176
        },
        "2010-11": {
            "month": "2010-11",
            "price": "8.46",
            "revenue": 64842
        },
        "2010-12": {
            "month": "2010-12",
            "price": "8.25",
            "revenue": 69034
        },
        "2011-01": {
            "month": "2011-01",
            "price": "8.02",
            "revenue": 60085
        },
        "2011-02": {
            "month": "2011-02",
            "price": "7.67",
            "revenue": 56138
        },
        "2011-03": {
            "month": "2011-03",
            "price": "7.70",
            "revenue": 74929
        },
        "2011-04": {
            "month": "2011-04",
            "price": "7.68",
            "revenue": 102081
        },
        "2011-05": {
            "month": "2011-05",
            "price": "7.65",
            "revenue": 77631
        },
        "2011-06": {
            "month": "2011-06",
            "price": "7.38",
            "revenue": 78845
        },
        "2011-07": {
            "month": "2011-07",
            "price": "6.90",
            "revenue": 71464
        },
        "2011-08": {
            "month": "2011-08",
            "price": "6.29",
            "revenue": 68935
        },
        "2011-09": {
            "month": "2011-09",
            "price": "5.95",
            "revenue": 73576
        },
        "2011-10": {
            "month": "2011-10",
            "price": "5.86",
            "revenue": 63552
        },
        "2011-11": {
            "month": "2011-11",
            "price": "5.85",
            "revenue": 65086
        },
        "2011-12": {
            "month": "2011-12",
            "price": "4.35",
            "revenue": 58235
        },
        "2012-01": {
            "month": "2012-01",
            "price": "4.48",
            "revenue": 57737
        },
        "2012-02": {
            "month": "2012-02",
            "price": "5.35",
            "revenue": 49800
        },
        "2012-03": {
            "month": "2012-03",
            "price": "5.72",
            "revenue": 65501
        },
        "2012-04": {
            "month": "2012-04",
            "price": "6.74",
            "revenue": 83265
        },
        "2012-05": {
            "month": "2012-05",
            "price": "5.84",
            "revenue": 63102
        },
        "2012-06": {
            "month": "2012-06",
            "price": "5.42",
            "revenue": 52447
        },
        "2012-07": {
            "month": "2012-07",
            "price": "5.12",
            "revenue": 53352
        },
        "2012-08": {
            "month": "2012-08",
            "price": "4.35",
            "revenue": 56855
        },
        "2012-09": {
            "month": "2012-09",
            "price": "5.14",
            "revenue": 67167
        },
        "2012-10": {
            "month": "2012-10",
            "price": "5.09",
            "revenue": 36915
        },
        "2012-11": {
            "month": "2012-11",
            "price": "4.67",
            "revenue": 76410
        },
        "2012-12": {
            "month": "2012-12",
            "price": "5.08",
            "revenue": 66868
        },
        "2013-01": {
            "month": "2013-01",
            "price": "5.57",
            "revenue": 59857
        },
        "2013-02": {
            "month": "2013-02",
            "price": "6.14",
            "revenue": 39103
        },
        "2013-03": {
            "month": "2013-03",
            "price": "8.32",
            "revenue": 58468
        },
        "2013-04": {
            "month": "2013-04",
            "price": "8.14",
            "revenue": 53229
        },
        "2013-05": {
            "month": "2013-05",
            "price": "8.16",
            "revenue": 65817
        },
        "2013-06": {
            "month": "2013-06",
            "price": "8.98",
            "revenue": 56071
        },
        "2013-07": {
            "month": "2013-07",
            "price": "9.59",
            "revenue": 49767
        },
        "2013-08": {
            "month": "2013-08",
            "price": "8.88",
            "revenue": 71338
        },
        "2013-09": {
            "month": "2013-09",
            "price": "7.71",
            "revenue": 61767
        },
        "2013-10": {
            "month": "2013-10",
            "price": "7.99",
            "revenue": 62660
        },
        "2013-11": {
            "month": "2013-11",
            "price": "7.62",
            "revenue": 78913
        },
        "2013-12": {
            "month": "2013-12",
            "price": "7.77",
            "revenue": 68156
        },
        "2014-01": {
            "month": "2014-01",
            "price": "7.90",
            "revenue": 60687
        },
        "2014-02": {
            "month": "2014-02",
            "price": "9.59",
            "revenue": 56361
        },
        "2014-03": {
            "month": "2014-03",
            "price": "9.38",
            "revenue": 83436
        },
        "2014-04": {
            "month": "2014-04",
            "price": "9.64",
            "revenue": 64628
        },
        "2014-05": {
            "month": "2014-05",
            "price": "9.71",
            "revenue": 48877
        },
        "2014-06": {
            "month": "2014-06",
            "price": "9.97",
            "revenue": 65042
        },
        "2014-07": {
            "month": "2014-07",
            "price": "10.10",
            "revenue": 50914
        },
        "2014-08": {
            "month": "2014-08",
            "price": "10.17",
            "revenue": 59124
        },
        "2014-09": {
            "month": "2014-09",
            "price": "10.54",
            "revenue": 57445
        },
        "2014-10": {
            "month": "2014-10",
            "price": "10.66",
            "revenue": 68499
        },
        "2014-11": {
            "month": "2014-11",
            "price": "10.57",
            "revenue": 58188
        },
        "2014-12": {
            "month": "2014-12",
            "price": "11.16",
            "revenue": 82206
        },
        "2015-01": {
            "month": "2015-01",
            "price": "10.98",
            "revenue": 64482
        },
        "2015-02": {
            "month": "2015-02",
            "price": "11.44",
            "revenue": 62330
        },
        "2015-03": {
            "month": "2015-03",
            "price": "14.07",
            "revenue": 64567
        },
        "2015-04": {
            "month": "2015-04",
            "price": "14.19",
            "revenue": 45272
        },
        "2015-05": {
            "month": "2015-05",
            "price": "12.42",
            "revenue": 46343
        },
        "2015-06": {
            "month": "2015-06",
            "price": "11.65",
            "revenue": 87625
        },
        "2015-07": {
            "month": "2015-07",
            "price": "12.00",
            "revenue": 70369
        },
        "2015-08": {
            "month": "2015-08",
            "price": "11.31",
            "revenue": 51876
        },
        "2015-09": {
            "month": "2015-09",
            "price": "11.58",
            "revenue": 56479
        },
        "2015-10": {
            "month": "2015-10",
            "price": "12.14",
            "revenue": 66551
        },
        "2015-11": {
            "month": "2015-11",
            "price": "12.76",
            "revenue": 67060
        },
        "2015-12": {
            "month": "2015-12",
            "price": "13.63",
            "revenue": 81966
        },
        "2016-01": {
            "month": "2016-01",
            "price": "12.12",
            "revenue": 40612
        },
        "2016-02": {
            "month": "2016-02",
            "price": "13.02",
            "revenue": 34499
        },
        "2016-03": {
            "month": "2016-03",
            "price": "15.35",
            "revenue": 44949
        },
        "2016-04": {
            "month": "2016-04",
            "price": "17.54",
            "revenue": 49692
        },
        "2016-05": {
            "month": "2016-05",
            "price": "16.45",
            "revenue": 40871
        },
        "2016-06": {
            "month": "2016-06",
            "price": "16.04",
            "revenue": 62904
        },
        "2016-07": {
            "month": "2016-07",
            "price": "14.93",
            "revenue": 58852
        },
        "2016-08": {
            "month": "2016-08",
            "price": "13.81",
            "revenue": 59131
        },
        "2016-09": {
            "month": "2016-09",
            "price": "12.96",
            "revenue": 57480
        },
        "2016-10": {
            "month": "2016-10",
            "price": "13.73",
            "revenue": 67882
        },
        "2016-11": {
            "month": "2016-11",
            "price": "11.11",
            "revenue": 79478
        },
        "2016-12": {
            "month": "2016-12",
            "price": "10.90",
            "revenue": 61796
        },
        "2017-01": {
            "month": "2017-01",
            "price": "11.35",
            "revenue": 59554
        },
        "2017-02": {
            "month": "2017-02",
            "price": "11.60",
            "revenue": 43661
        },
        "2017-03": {
            "month": "2017-03",
            "price": "13.30",
            "revenue": 68093
        },
        "2017-04": {
            "month": "2017-04",
            "price": "14.21",
            "revenue": 71355
        },
        "2017-05": {
            "month": "2017-05",
            "price": "15.09",
            "revenue": 56255
        },
        "2017-06": {
            "month": "2017-06",
            "price": "15.55",
            "revenue": 65165
        },
        "2017-07": {
            "month": "2017-07",
            "price": "13.22",
            "revenue": 60731
        },
        "2017-08": {
            "month": "2017-08",
            "price": "12.59",
            "revenue": 68111
        },
        "2017-09": {
            "month": "2017-09",
            "price": "12.72",
            "revenue": 65739
        },
        "2017-10": {
            "month": "2017-10",
            "price": "12.97",
            "revenue": 69462
        },
        "2017-11": {
            "month": "2017-11",
            "price": "13.26",
            "revenue": 71682
        },
        "2017-12": {
            "month": "2017-12",
            "price": "13.44",
            "revenue": 57254
        },
        "2018-01": {
            "month": "2018-01",
            "price": "13.38",
            "revenue": 74758
        },
        "2018-02": {
            "month": "2018-02",
            "price": "13.07",
            "revenue": 38357
        },
        "2018-03": {
            "month": "2018-03",
            "price": "13.27",
            "revenue": 40016
        },
        "2018-04": {
            "month": "2018-04",
            "price": "12.74",
            "revenue": 54022
        },
        "2018-05": {
            "month": "2018-05",
            "price": "11.92",
            "revenue": 57061
        },
        "2018-06": {
            "month": "2018-06",
            "price": "12.36",
            "revenue": 47005
        },
        "2018-07": {
            "month": "2018-07",
            "price": "11.18",
            "revenue": 63357
        },
        "2018-08": {
            "month": "2018-08",
            "price": "11.43",
            "revenue": 66078
        },
        "2018-09": {
            "month": "2018-09",
            "price": "11.73",
            "revenue": 85145
        },
        "2018-10": {
            "month": "2018-10",
            "price": "11.34",
            "revenue": 55881
        },
        "2018-11": {
            "month": "2018-11",
            "price": "11.40",
            "revenue": 90068
        },
        "2018-12": {
            "month": "2018-12",
            "price": "11.90",
            "revenue": 70187
        },
        "2019-01": {
            "month": "2019-01",
            "price": "12.53",
            "revenue": 82600
        },
        "2019-02": {
            "month": "2019-02",
            "price": "13.28",
            "revenue": 53704
        },
        "2019-03": {
            "month": "2019-03",
            "price": "22.90",
            "revenue": 62603
        },
        "2019-04": {
            "month": "2019-04",
            "price": "32.43",
            "revenue": 74392
        },
        "2019-05": {
            "month": "2019-05",
            "price": "29.55",
            "revenue": 62074
        },
        "2019-06": {
            "month": "2019-06",
            "price": "29.21",
            "revenue": 86341
        },
        "2019-07": {
            "month": "2019-07",
            "price": "32.74",
            "revenue": 73540
        },
        "2019-08": {
            "month": "2019-08",
            "price": "40.16",
            "revenue": 89913
        },
        "2019-09": {
            "month": "2019-09",
            "price": "40.43",
            "revenue": 80581
        },
        "2019-10": {
            "month": "2019-10",
            "price": "40.60",
            "revenue": 89622
        },
        "2019-11": {
            "month": "2019-11",
            "price": "42.41",
            "revenue": 67272
        },
        "2019-12": {
            "month": "2019-12",
            "price": "48.90",
            "revenue": 83809
        },
        "2020-01": {
            "month": "2020-01",
            "price": "46.96",
            "revenue": 83499
        },
        "2020-02": {
            "month": "2020-02",
            "price": "40.65",
            "revenue": 42100
        },
        "2020-03": {
            "month": "2020-03",
            "price": "34.64",
            "revenue": 111586
        },
        "2020-04": {
            "month": "2020-04",
            "price": "38.87",
            "revenue": 101708
        },
        "2020-05": {
            "month": "2020-05",
            "price": "54.70",
            "revenue": 90108
        },
        "2020-06": {
            "month": "2020-06",
            "price": "70.47",
            "revenue": 104533
        },
        "2020-07": {
            "month": "2020-07",
            "price": "76.49",
            "revenue": 104261
        },
        "2020-08": {
            "month": "2020-08",
            "price": "79.07",
            "revenue": 109454
        },
        "2020-09": {
            "month": "2020-09",
            "price": "89.63",
            "revenue": 91845
        },
        "2020-10": {
            "month": "2020-10",
            "price": "96.21",
            "revenue": 89072
        },
        "2020-11": {
            "month": "2020-11",
            "price": "84.61",
            "revenue": 92945
        },
        "2020-12": {
            "month": "2020-12",
            "price": "107.65",
            "revenue": 100662
        },
        "2021-01": {
            "month": "2021-01",
            "price": "249.92",
            "revenue": 100301
        },
        "2021-02": {
            "month": "2021-02",
            "price": "392.46",
            "revenue": 73768
        },
        "2021-03": {
            "month": "2021-03",
            "price": "452.34",
            "revenue": 138849
        },
        "2021-04": {
            "month": "2021-04",
            "price": "289.55",
            "revenue": 129821
        },
        "2021-05": {
            "month": "2021-05",
            "price": "180.50",
            "revenue": 131951
        },
        "2021-06": {
            "month": "2021-06",
            "price": "217.69",
            "revenue": 120548
        },
        "2021-07": {
            "month": "2021-07",
            "price": "237.07",
            "revenue": 123988
        },
        "2021-08": {
            "month": "2021-08",
            "price": "193.27",
            "revenue": 112740
        },
        "2021-09": {
            "month": "2021-09",
            "price": "184.58",
            "revenue": 116880
        },
        "2021-10": {
            "month": "2021-10",
            "price": "184.08",
            "revenue": 112840
        },
        "2021-11": {
            "month": "2021-11",
            "price": "231.14",
            "revenue": 134127
        },
        "2021-12": {
            "month": "2021-12",
            "price": "226.86",
            "revenue": 137014
        },
        "2022-01": {
            "month": "2022-01",
            "price": "207.97",
            "revenue": 127766
        },
        "2022-02": {
            "month": "2022-02",
            "price": "184.40",
            "revenue": 106716
        },
        "2022-03": {
            "month": "2022-03",
            "price": "175.85",
            "revenue": 138397
        },
        "2022-04": {
            "month": "2022-04",
            "price": "166.61",
            "revenue": 103126
        },
        "2022-05": {
            "month": "2022-05",
            "price": "152.10",
            "revenue": 132285
        },
        "2022-06": {
            "month": "2022-06",
            "price": "145.71",
            "revenue": 157818
        },
        "2022-07": {
            "month": "2022-07",
            "price": "122.79",
            "revenue": 151516
        },
        "2022-08": {
            "month": "2022-08",
            "price": "130.80",
            "revenue": 165994
        },
        "2022-09": {
            "month": "2022-09",
            "price": "148.17",
            "revenue": 152580
        },
        "2022-10": {
            "month": "2022-10",
            "price": "128.12",
            "revenue": 147646
        },
        "2022-11": {
            "month": "2022-11",
            "price": "131.82",
            "revenue": 178295
        },
        "2022-12": {
            "month": "2022-12",
            "price": "137.89",
            "revenue": 174715
        },
        "2023-01": {
            "month": "2023-01",
            "price": "136.38",
            "revenue": 168391
        },
        "2023-02": {
            "month": "2023-02",
            "price": "149.08",
            "revenue": 113107
        },
        "2023-03": {
            "month": "2023-03",
            "price": "163.00",
            "revenue": 140506
        },
        "2023-04": {
            "month": "2023-04",
            "price": "160.76",
            "revenue": 120194
        },
        "2023-05": {
            "month": "2023-05",
            "price": "150.07",
            "revenue": 131336
        },
        "2023-06": {
            "month": "2023-06",
            "price": "150.12",
            "revenue": 129978
        },
        "2023-07": {
            "month": "2023-07",
            "price": "145.86",
            "revenue": 170452
        },
        "2023-08": {
            "month": "2023-08",
            "price": "141.14",
            "revenue": 156427
        },
        "2023-09": {
            "month": "2023-09",
            "price": "148.95",
            "revenue": 137267
        },
        "2023-10": {
            "month": "2023-10",
            "price": "150.22",
            "revenue": 168153
        },
        "2023-11": {
            "month": "2023-11",
            "price": "151.39",
            "revenue": 163779
        }
    }
}
