{
    "summary": {
        "stock_name": "晶宏",
        "stock_id": "3141",
        "category": "半導體",
        "main_business": "LCD驅動IC之設計與產銷",
        "website_url": "http://www.ultrachip.com",
        "ceo": "徐豫東",
        "pe_ratio": 26,
        "report_year_from": 2001,
        "report_year_to": 2023,
        "age": 22,
        "eps_negative_percentage": 0,
        "eps_growth_avg": {
            "last_all": 30.14,
            "last_2y": 38.54,
            "last_4y": 30.5,
            "last_8y": 30.14,
            "last_12y": null,
            "last_16y": null,
            "last_20y": null,
            "at_2006_last_3y": null,
            "at_2007_last_3y": null,
            "at_2008_last_3y": null,
            "at_2009_last_3y": null,
            "at_2010_last_3y": null,
            "at_2011_last_3y": null,
            "at_2012_last_3y": null,
            "at_2013_last_3y": null,
            "at_2014_last_3y": null,
            "at_2015_last_3y": null,
            "at_2016_last_3y": null,
            "at_2017_last_3y": 29.69,
            "at_2018_last_3y": 35.33,
            "at_2019_last_3y": 25.18,
            "at_2020_last_3y": 10.67,
            "at_2021_last_3y": 44.7,
            "at_2022_last_3y": 15.02,
            "at_2023_last_3y": 15.02,
            "at_2006_last_all": null,
            "at_2007_last_all": null,
            "at_2008_last_all": null,
            "at_2009_last_all": null,
            "at_2010_last_all": null,
            "at_2011_last_all": null,
            "at_2012_last_all": null,
            "at_2013_last_all": null,
            "at_2014_last_all": null,
            "at_2015_last_all": 27.44,
            "at_2016_last_all": 51.63,
            "at_2017_last_all": 29.69,
            "at_2018_last_all": 42.24,
            "at_2019_last_all": 25.94,
            "at_2020_last_all": 28.22,
            "at_2021_last_all": 37.19,
            "at_2022_last_all": 30.14,
            "at_2023_last_all": 30.14
        },
        "latest_eps": 3.94,
        "latest_price": 102,
        "latest_roe": 11.53,
        "latest_gross_margin": 30.91,
        "latest_equity": 2522125,
        "latest_revenue": 583991,
        "latest_gross_profit": 180533,
        "latest_net_income": 38221,
        "latest_debt_ratio": 34.55,
        "latest_current_ratio": 210.46,
        "latest_account_receivable_turnover_ratio": 2.32,
        "latest_inventory_turnover_ratio": 0.31,
        "latest_reinvestment_rate": 26.65,
        "latest_research_to_sale_ratio": 14.58
    },
    "eps_dividends": {
        "2001": {
            "cash": 0,
            "stock": 0,
            "eps": 0
        },
        "2002": {
            "cash": 0,
            "stock": 0,
            "eps": 0
        },
        "2003": {
            "cash": 0,
            "stock": 0,
            "eps": 0
        },
        "2004": {
            "cash": 0,
            "stock": 0,
            "eps": 0
        },
        "2005": {
            "cash": 0.3,
            "stock": 1.19,
            "eps": 0
        },
        "2006": {
            "cash": 1.23,
            "stock": 0,
            "eps": 0
        },
        "2007": {
            "cash": 0,
            "stock": 0,
            "eps": 0
        },
        "2008": {
            "cash": 0,
            "stock": 0,
            "eps": 0
        },
        "2009": {
            "cash": 0,
            "stock": 0,
            "eps": 0
        },
        "2010": {
            "cash": 0,
            "stock": 0,
            "eps": 0
        },
        "2011": {
            "cash": 0,
            "stock": 0,
            "eps": 0
        },
        "2012": {
            "cash": 0,
            "stock": 0,
            "eps": 0
        },
        "2013": {
            "cash": 0,
            "stock": 0,
            "eps": 0.63
        },
        "2014": {
            "cash": 0.25,
            "stock": 0,
            "eps": 1.07
        },
        "2015": {
            "cash": 0.63,
            "stock": 0,
            "eps": 0.91
        },
        "2016": {
            "cash": 0.31,
            "stock": 0,
            "eps": 2.27
        },
        "2017": {
            "cash": 0.57,
            "stock": 0,
            "eps": 1.45
        },
        "2018": {
            "cash": 1,
            "stock": 0,
            "eps": 2.79
        },
        "2019": {
            "cash": 1.51,
            "stock": 0,
            "eps": 1.24
        },
        "2020": {
            "cash": 0.41,
            "stock": 0.26,
            "eps": 1.76
        },
        "2021": {
            "cash": 0.71,
            "stock": 0,
            "eps": 9.54
        },
        "2022": {
            "cash": 4,
            "stock": 0,
            "eps": 7.03
        },
        "2023": {
            "cash": 2.67,
            "stock": 0,
            "eps": 0.22
        }
    },
    "dividends": {
        "2005-02-25": {
            "cash": 0.3,
            "stock": 1.19
        },
        "2006-04-27": {
            "cash": 1.23,
            "stock": 0
        },
        "2014-06-13": {
            "cash": 0.25,
            "stock": 0
        },
        "2015-07-31": {
            "cash": 0.63,
            "stock": 0
        },
        "2016-08-10": {
            "cash": 0.31,
            "stock": 0
        },
        "2017-08-04": {
            "cash": 0.57,
            "stock": 0
        },
        "2018-07-25": {
            "cash": 1,
            "stock": 0
        },
        "2019-08-09": {
            "cash": 1.51,
            "stock": 0
        },
        "2020-09-09": {
            "cash": 0.41,
            "stock": 0.26
        },
        "2021-10-25": {
            "cash": 0.71,
            "stock": 0
        },
        "2022-07-29": {
            "cash": 4,
            "stock": 0
        },
        "2023-03-31": {
            "cash": 2.67,
            "stock": 0
        }
    },
    "prices": {
        "200101": "無",
        "200102": "無",
        "200103": "無",
        "200104": "無",
        "200105": "無",
        "200106": "無",
        "200107": "無",
        "200108": "無",
        "200109": "無",
        "200110": "無",
        "200111": "無",
        "200112": "無",
        "200201": "無",
        "200202": "無",
        "200203": "無",
        "200204": "無",
        "200205": "無",
        "200206": "無",
        "200207": "無",
        "200208": "無",
        "200209": "無",
        "200210": "無",
        "200211": "無",
        "200212": "無",
        "200301": "無",
        "200302": "無",
        "200303": "無",
        "200304": "無",
        "200305": "無",
        "200306": "無",
        "200307": "無",
        "200308": "無",
        "200309": "無",
        "200310": "無",
        "200311": "無",
        "200312": "66.24",
        "200401": "64.24",
        "200402": "76.82",
        "200403": "82.64",
        "200404": "82.05",
        "200405": "68.05",
        "200406": "60.64",
        "200407": "44.32",
        "200408": "27.87",
        "200409": "28.73",
        "200410": "32.58",
        "200411": "29.91",
        "200412": "30.19",
        "200501": "24.68",
        "200502": "27.45",
        "200503": "30.10",
        "200504": "29.79",
        "200505": "26.01",
        "200506": "23.54",
        "200507": "18.59",
        "200508": "16.45",
        "200509": "16.43",
        "200510": "15.80",
        "200511": "13.58",
        "200512": "15.75",
        "200601": "16.83",
        "200602": "16.38",
        "200603": "15.40",
        "200604": "13.87",
        "200605": "13.63",
        "200606": "12.58",
        "200607": "11.31",
        "200608": "8.95",
        "200609": "7.56",
        "200610": "7.91",
        "200611": "9.37",
        "200612": "10.57",
        "200701": "9.90",
        "200702": "9.16",
        "200703": "8.51",
        "200704": "9.14",
        "200705": "8.80",
        "200706": "11.57",
        "200707": "17.80",
        "200708": "15.84",
        "200709": "12.28",
        "200710": "11.13",
        "200711": "8.67",
        "200712": "8.04",
        "200801": "7.82",
        "200802": "6.99",
        "200803": "6.48",
        "200804": "5.80",
        "200805": "5.58",
        "200806": "6.31",
        "200807": "5.17",
        "200808": "4.43",
        "200809": "4.28",
        "200810": "4.10",
        "200811": "3.23",
        "200812": "1.73",
        "200901": "1.83",
        "200902": "2.73",
        "200903": "5.28",
        "200904": "5.03",
        "200905": "5.48",
        "200906": "5.52",
        "200907": "5.03",
        "200908": "6.00",
        "200909": "8.97",
        "200910": "12.14",
        "200911": "14.59",
        "200912": "13.63",
        "201001": "17.08",
        "201002": "16.13",
        "201003": "15.28",
        "201004": "13.97",
        "201005": "12.86",
        "201006": "12.58",
        "201007": "12.97",
        "201008": "12.52",
        "201009": "11.31",
        "201010": "13.66",
        "201011": "12.99",
        "201012": "16.11",
        "201101": "16.52",
        "201102": "17.58",
        "201103": "17.12",
        "201104": "15.66",
        "201105": "14.93",
        "201106": "14.40",
        "201107": "13.67",
        "201108": "10.49",
        "201109": "9.25",
        "201110": "11.50",
        "201111": "10.37",
        "201112": "7.82",
        "201201": "7.16",
        "201202": "7.27",
        "201203": "8.51",
        "201204": "7.73",
        "201205": "7.78",
        "201206": "7.07",
        "201207": "7.02",
        "201208": "7.08",
        "201209": "6.99",
        "201210": "6.79",
        "201211": "6.61",
        "201212": "7.05",
        "201301": "7.68",
        "201302": "9.41",
        "201303": "10.96",
        "201304": "12.31",
        "201305": "13.11",
        "201306": "12.77",
        "201307": "11.19",
        "201308": "10.64",
        "201309": "10.62",
        "201310": "12.93",
        "201311": "12.37",
        "201312": "13.14",
        "201401": "13.84",
        "201402": "14.77",
        "201403": "19.80",
        "201404": "23.10",
        "201405": "21.37",
        "201406": "22.97",
        "201407": "22.15",
        "201408": "23.24",
        "201409": "22.83",
        "201410": "17.62",
        "201411": "16.36",
        "201412": "19.16",
        "201501": "19.72",
        "201502": "19.80",
        "201503": "22.84",
        "201504": "25.05",
        "201505": "20.44",
        "201506": "19.43",
        "201507": "21.68",
        "201508": "18.83",
        "201509": "17.97",
        "201510": "19.60",
        "201511": "18.78",
        "201512": "20.31",
        "201601": "24.74",
        "201602": "28.43",
        "201603": "34.49",
        "201604": "41.07",
        "201605": "42.38",
        "201606": "52.80",
        "201607": "50.66",
        "201608": "47.57",
        "201609": "44.67",
        "201610": "39.90",
        "201611": "34.04",
        "201612": "36.40",
        "201701": "39.37",
        "201702": "39.18",
        "201703": "36.65",
        "201704": "34.20",
        "201705": "34.08",
        "201706": "35.22",
        "201707": "32.99",
        "201708": "31.84",
        "201709": "33.76",
        "201710": "38.76",
        "201711": "40.42",
        "201712": "40.83",
        "201801": "38.45",
        "201802": "37.55",
        "201803": "34.90",
        "201804": "31.42",
        "201805": "31.06",
        "201806": "35.08",
        "201807": "35.61",
        "201808": "37.91",
        "201809": "36.89",
        "201810": "35.22",
        "201811": "36.78",
        "201812": "36.12",
        "201901": "36.13",
        "201902": "39.38",
        "201903": "43.32",
        "201904": "43.36",
        "201905": "37.03",
        "201906": "33.87",
        "201907": "34.46",
        "201908": "31.22",
        "201909": "33.93",
        "201910": "31.61",
        "201911": "30.21",
        "201912": "30.19",
        "202001": "29.38",
        "202002": "25.77",
        "202003": "20.50",
        "202004": "21.00",
        "202005": "22.34",
        "202006": "23.66",
        "202007": "25.10",
        "202008": "25.91",
        "202009": "29.12",
        "202010": "29.02",
        "202011": "34.36",
        "202012": "41.58",
        "202101": "41.35",
        "202102": "46.88",
        "202103": "61.30",
        "202104": "71.77",
        "202105": "58.08",
        "202106": "96.03",
        "202107": "153.18",
        "202108": "148.02",
        "202109": "164.82",
        "202110": "173.60",
        "202111": "241.68",
        "202112": "258.20",
        "202201": "213.75",
        "202202": "194.47",
        "202203": "176.54",
        "202204": "153.03",
        "202205": "159.76",
        "202206": "154.93",
        "202207": "120.55",
        "202208": "123.65",
        "202209": "107.13",
        "202210": "81.00",
        "202211": "87.56",
        "202212": "84.67",
        "202301": "88.40",
        "202302": "106.33",
        "202303": "110.57",
        "202304": "104.15",
        "202305": "100.43",
        "202306": "100.78"
    },
    "quarters": {
        "20011": {
            "year_quarter": 20011,
            "year": 2001,
            "quarter": 1,
            "eps": null,
            "eps_growth_year": null,
            "eps_4q": null,
            "eps_4q_growth_year": null,
            "roe": null,
            "roe_4q": 0,
            "gross_profit": null,
            "gross_margin": null,
            "gross_margin_4q_avg": 0,
            "net_income": null,
            "revenue": null,
            "common_shares": null,
            "book_valuer_per_share": null,
            "book_valuer_per_share_4q_avg": 0,
            "equity": null,
            "current_ratio": null,
            "debt_ratio": null,
            "inventory_turnover_ratio": null,
            "account_receivable_turnover_ratio": null,
            "reinvestment_rate": null,
            "research_to_sale_ratio": null,
            "price_fair": 0,
            "eps_avg_yearly": 0,
            "eps_latest_yearly": 0,
            "eps_growth_yearly": 0
        },
        "20012": {
            "year_quarter": 20012,
            "year": 2001,
            "quarter": 2,
            "eps": null,
            "eps_growth_year": null,
            "eps_4q": null,
            "eps_4q_growth_year": null,
            "roe": null,
            "roe_4q": 0,
            "gross_profit": null,
            "gross_margin": null,
            "gross_margin_4q_avg": 0,
            "net_income": null,
            "revenue": null,
            "common_shares": null,
            "book_valuer_per_share": null,
            "book_valuer_per_share_4q_avg": 0,
            "equity": null,
            "current_ratio": null,
            "debt_ratio": null,
            "inventory_turnover_ratio": null,
            "account_receivable_turnover_ratio": null,
            "reinvestment_rate": null,
            "research_to_sale_ratio": null,
            "price_fair": 0,
            "eps_avg_yearly": 0,
            "eps_latest_yearly": 0,
            "eps_growth_yearly": 0
        },
        "20013": {
            "year_quarter": 20013,
            "year": 2001,
            "quarter": 3,
            "eps": null,
            "eps_growth_year": null,
            "eps_4q": null,
            "eps_4q_growth_year": null,
            "roe": null,
            "roe_4q": 0,
            "gross_profit": null,
            "gross_margin": null,
            "gross_margin_4q_avg": 0,
            "net_income": null,
            "revenue": null,
            "common_shares": null,
            "book_valuer_per_share": null,
            "book_valuer_per_share_4q_avg": 0,
            "equity": null,
            "current_ratio": null,
            "debt_ratio": null,
            "inventory_turnover_ratio": null,
            "account_receivable_turnover_ratio": null,
            "reinvestment_rate": null,
            "research_to_sale_ratio": null,
            "price_fair": 0,
            "eps_avg_yearly": 0,
            "eps_latest_yearly": 0,
            "eps_growth_yearly": 0
        },
        "20014": {
            "year_quarter": 20014,
            "year": 2001,
            "quarter": 4,
            "eps": null,
            "eps_growth_year": null,
            "eps_4q": null,
            "eps_4q_growth_year": null,
            "roe": null,
            "roe_4q": 0,
            "gross_profit": null,
            "gross_margin": null,
            "gross_margin_4q_avg": 0,
            "net_income": null,
            "revenue": null,
            "common_shares": 396000,
            "book_valuer_per_share": 6.32,
            "book_valuer_per_share_4q_avg": 1.58,
            "equity": 250175,
            "current_ratio": 493.5,
            "debt_ratio": 7.53,
            "inventory_turnover_ratio": null,
            "account_receivable_turnover_ratio": null,
            "reinvestment_rate": null,
            "research_to_sale_ratio": null,
            "price_fair": 0,
            "eps_avg_yearly": 0,
            "eps_latest_yearly": 0,
            "eps_growth_yearly": 0
        },
        "20021": {
            "year_quarter": 20021,
            "year": 2002,
            "quarter": 1,
            "eps": null,
            "eps_growth_year": null,
            "eps_4q": null,
            "eps_4q_growth_year": null,
            "roe": null,
            "roe_4q": 0,
            "gross_profit": null,
            "gross_margin": null,
            "gross_margin_4q_avg": 0,
            "net_income": null,
            "revenue": null,
            "common_shares": null,
            "book_valuer_per_share": null,
            "book_valuer_per_share_4q_avg": 1.58,
            "equity": null,
            "current_ratio": null,
            "debt_ratio": null,
            "inventory_turnover_ratio": null,
            "account_receivable_turnover_ratio": null,
            "reinvestment_rate": null,
            "research_to_sale_ratio": null,
            "price_fair": 0,
            "eps_avg_yearly": 0,
            "eps_latest_yearly": 0,
            "eps_growth_yearly": 0
        },
        "20022": {
            "year_quarter": 20022,
            "year": 2002,
            "quarter": 2,
            "eps": null,
            "eps_growth_year": null,
            "eps_4q": null,
            "eps_4q_growth_year": null,
            "roe": null,
            "roe_4q": 0,
            "gross_profit": null,
            "gross_margin": null,
            "gross_margin_4q_avg": 0,
            "net_income": null,
            "revenue": null,
            "common_shares": null,
            "book_valuer_per_share": null,
            "book_valuer_per_share_4q_avg": 1.58,
            "equity": null,
            "current_ratio": null,
            "debt_ratio": null,
            "inventory_turnover_ratio": null,
            "account_receivable_turnover_ratio": null,
            "reinvestment_rate": null,
            "research_to_sale_ratio": null,
            "price_fair": 0,
            "eps_avg_yearly": 0,
            "eps_latest_yearly": 0,
            "eps_growth_yearly": 0
        },
        "20023": {
            "year_quarter": 20023,
            "year": 2002,
            "quarter": 3,
            "eps": null,
            "eps_growth_year": null,
            "eps_4q": null,
            "eps_4q_growth_year": null,
            "roe": null,
            "roe_4q": 0,
            "gross_profit": null,
            "gross_margin": null,
            "gross_margin_4q_avg": 0,
            "net_income": null,
            "revenue": null,
            "common_shares": null,
            "book_valuer_per_share": null,
            "book_valuer_per_share_4q_avg": 1.58,
            "equity": null,
            "current_ratio": null,
            "debt_ratio": null,
            "inventory_turnover_ratio": null,
            "account_receivable_turnover_ratio": null,
            "reinvestment_rate": null,
            "research_to_sale_ratio": null,
            "price_fair": 0,
            "eps_avg_yearly": 0,
            "eps_latest_yearly": 0,
            "eps_growth_yearly": 0
        },
        "20024": {
            "year_quarter": 20024,
            "year": 2002,
            "quarter": 4,
            "eps": null,
            "eps_growth_year": null,
            "eps_4q": null,
            "eps_4q_growth_year": null,
            "roe": null,
            "roe_4q": 0,
            "gross_profit": null,
            "gross_margin": null,
            "gross_margin_4q_avg": 0,
            "net_income": null,
            "revenue": null,
            "common_shares": 540000,
            "book_valuer_per_share": 6.72,
            "book_valuer_per_share_4q_avg": 1.68,
            "equity": 363012,
            "current_ratio": 525.59,
            "debt_ratio": 10.96,
            "inventory_turnover_ratio": null,
            "account_receivable_turnover_ratio": null,
            "reinvestment_rate": null,
            "research_to_sale_ratio": null,
            "price_fair": 0,
            "eps_avg_yearly": 0,
            "eps_latest_yearly": 0,
            "eps_growth_yearly": 0
        },
        "20031": {
            "year_quarter": 20031,
            "year": 2003,
            "quarter": 1,
            "eps": null,
            "eps_growth_year": null,
            "eps_4q": null,
            "eps_4q_growth_year": null,
            "roe": null,
            "roe_4q": 0,
            "gross_profit": null,
            "gross_margin": null,
            "gross_margin_4q_avg": 0,
            "net_income": null,
            "revenue": null,
            "common_shares": null,
            "book_valuer_per_share": null,
            "book_valuer_per_share_4q_avg": 1.68,
            "equity": null,
            "current_ratio": null,
            "debt_ratio": null,
            "inventory_turnover_ratio": null,
            "account_receivable_turnover_ratio": null,
            "reinvestment_rate": null,
            "research_to_sale_ratio": null,
            "price_fair": 0,
            "eps_avg_yearly": 0,
            "eps_latest_yearly": 0,
            "eps_growth_yearly": 0
        },
        "20032": {
            "year_quarter": 20032,
            "year": 2003,
            "quarter": 2,
            "eps": null,
            "eps_growth_year": null,
            "eps_4q": null,
            "eps_4q_growth_year": null,
            "roe": null,
            "roe_4q": 0,
            "gross_profit": null,
            "gross_margin": null,
            "gross_margin_4q_avg": 0,
            "net_income": null,
            "revenue": null,
            "common_shares": null,
            "book_valuer_per_share": null,
            "book_valuer_per_share_4q_avg": 1.68,
            "equity": null,
            "current_ratio": null,
            "debt_ratio": null,
            "inventory_turnover_ratio": null,
            "account_receivable_turnover_ratio": null,
            "reinvestment_rate": null,
            "research_to_sale_ratio": null,
            "price_fair": 0,
            "eps_avg_yearly": 0,
            "eps_latest_yearly": 0,
            "eps_growth_yearly": 0
        },
        "20033": {
            "year_quarter": 20033,
            "year": 2003,
            "quarter": 3,
            "eps": null,
            "eps_growth_year": null,
            "eps_4q": null,
            "eps_4q_growth_year": null,
            "roe": null,
            "roe_4q": 0,
            "gross_profit": null,
            "gross_margin": null,
            "gross_margin_4q_avg": 0,
            "net_income": null,
            "revenue": null,
            "common_shares": null,
            "book_valuer_per_share": null,
            "book_valuer_per_share_4q_avg": 1.68,
            "equity": null,
            "current_ratio": null,
            "debt_ratio": null,
            "inventory_turnover_ratio": null,
            "account_receivable_turnover_ratio": null,
            "reinvestment_rate": null,
            "research_to_sale_ratio": null,
            "price_fair": 0,
            "eps_avg_yearly": 0,
            "eps_latest_yearly": 0,
            "eps_growth_yearly": 0
        },
        "20034": {
            "year_quarter": 20034,
            "year": 2003,
            "quarter": 4,
            "eps": null,
            "eps_growth_year": null,
            "eps_4q": null,
            "eps_4q_growth_year": null,
            "roe": null,
            "roe_4q": 0,
            "gross_profit": null,
            "gross_margin": null,
            "gross_margin_4q_avg": 0,
            "net_income": null,
            "revenue": null,
            "common_shares": 665000,
            "book_valuer_per_share": 10.87,
            "book_valuer_per_share_4q_avg": 2.72,
            "equity": 722641,
            "current_ratio": 351.89,
            "debt_ratio": 22.29,
            "inventory_turnover_ratio": null,
            "account_receivable_turnover_ratio": null,
            "reinvestment_rate": null,
            "research_to_sale_ratio": null,
            "price_fair": 0,
            "eps_avg_yearly": 0,
            "eps_latest_yearly": 0,
            "eps_growth_yearly": 0
        },
        "20041": {
            "year_quarter": 20041,
            "year": 2004,
            "quarter": 1,
            "eps": null,
            "eps_growth_year": null,
            "eps_4q": null,
            "eps_4q_growth_year": null,
            "roe": null,
            "roe_4q": 0,
            "gross_profit": null,
            "gross_margin": null,
            "gross_margin_4q_avg": 0,
            "net_income": null,
            "revenue": null,
            "common_shares": null,
            "book_valuer_per_share": null,
            "book_valuer_per_share_4q_avg": 2.72,
            "equity": null,
            "current_ratio": null,
            "debt_ratio": null,
            "inventory_turnover_ratio": null,
            "account_receivable_turnover_ratio": null,
            "reinvestment_rate": null,
            "research_to_sale_ratio": null,
            "price_fair": 0,
            "eps_avg_yearly": 0,
            "eps_latest_yearly": 0,
            "eps_growth_yearly": 0
        },
        "20042": {
            "year_quarter": 20042,
            "year": 2004,
            "quarter": 2,
            "eps": null,
            "eps_growth_year": null,
            "eps_4q": null,
            "eps_4q_growth_year": null,
            "roe": null,
            "roe_4q": 0,
            "gross_profit": null,
            "gross_margin": null,
            "gross_margin_4q_avg": 0,
            "net_income": null,
            "revenue": null,
            "common_shares": null,
            "book_valuer_per_share": null,
            "book_valuer_per_share_4q_avg": 2.72,
            "equity": null,
            "current_ratio": null,
            "debt_ratio": null,
            "inventory_turnover_ratio": null,
            "account_receivable_turnover_ratio": null,
            "reinvestment_rate": null,
            "research_to_sale_ratio": null,
            "price_fair": 0,
            "eps_avg_yearly": 0,
            "eps_latest_yearly": 0,
            "eps_growth_yearly": 0
        },
        "20043": {
            "year_quarter": 20043,
            "year": 2004,
            "quarter": 3,
            "eps": null,
            "eps_growth_year": null,
            "eps_4q": null,
            "eps_4q_growth_year": null,
            "roe": null,
            "roe_4q": 0,
            "gross_profit": null,
            "gross_margin": null,
            "gross_margin_4q_avg": 0,
            "net_income": null,
            "revenue": null,
            "common_shares": null,
            "book_valuer_per_share": null,
            "book_valuer_per_share_4q_avg": 2.72,
            "equity": null,
            "current_ratio": null,
            "debt_ratio": null,
            "inventory_turnover_ratio": null,
            "account_receivable_turnover_ratio": null,
            "reinvestment_rate": null,
            "research_to_sale_ratio": null,
            "price_fair": 0,
            "eps_avg_yearly": 0,
            "eps_latest_yearly": 0,
            "eps_growth_yearly": 0
        },
        "20044": {
            "year_quarter": 20044,
            "year": 2004,
            "quarter": 4,
            "eps": null,
            "eps_growth_year": null,
            "eps_4q": null,
            "eps_4q_growth_year": null,
            "roe": null,
            "roe_4q": 0,
            "gross_profit": null,
            "gross_margin": null,
            "gross_margin_4q_avg": 0,
            "net_income": null,
            "revenue": null,
            "common_shares": 665000,
            "book_valuer_per_share": 13.3,
            "book_valuer_per_share_4q_avg": 3.33,
            "equity": 884362,
            "current_ratio": 578.92,
            "debt_ratio": 15.15,
            "inventory_turnover_ratio": null,
            "account_receivable_turnover_ratio": null,
            "reinvestment_rate": null,
            "research_to_sale_ratio": null,
            "price_fair": 0,
            "eps_avg_yearly": 0,
            "eps_latest_yearly": 0,
            "eps_growth_yearly": 0
        },
        "20051": {
            "year_quarter": 20051,
            "year": 2005,
            "quarter": 1,
            "eps": null,
            "eps_growth_year": null,
            "eps_4q": null,
            "eps_4q_growth_year": null,
            "roe": null,
            "roe_4q": 0,
            "gross_profit": null,
            "gross_margin": null,
            "gross_margin_4q_avg": 0,
            "net_income": null,
            "revenue": null,
            "common_shares": null,
            "book_valuer_per_share": null,
            "book_valuer_per_share_4q_avg": 3.33,
            "equity": null,
            "current_ratio": null,
            "debt_ratio": null,
            "inventory_turnover_ratio": null,
            "account_receivable_turnover_ratio": null,
            "reinvestment_rate": null,
            "research_to_sale_ratio": null,
            "price_fair": 0,
            "eps_avg_yearly": 0,
            "eps_latest_yearly": 0,
            "eps_growth_yearly": 0
        },
        "20052": {
            "year_quarter": 20052,
            "year": 2005,
            "quarter": 2,
            "eps": null,
            "eps_growth_year": null,
            "eps_4q": null,
            "eps_4q_growth_year": null,
            "roe": null,
            "roe_4q": 0,
            "gross_profit": null,
            "gross_margin": null,
            "gross_margin_4q_avg": 0,
            "net_income": null,
            "revenue": null,
            "common_shares": null,
            "book_valuer_per_share": null,
            "book_valuer_per_share_4q_avg": 3.33,
            "equity": null,
            "current_ratio": null,
            "debt_ratio": null,
            "inventory_turnover_ratio": null,
            "account_receivable_turnover_ratio": null,
            "reinvestment_rate": null,
            "research_to_sale_ratio": null,
            "price_fair": 0,
            "eps_avg_yearly": 0,
            "eps_latest_yearly": 0,
            "eps_growth_yearly": 0
        },
        "20053": {
            "year_quarter": 20053,
            "year": 2005,
            "quarter": 3,
            "eps": null,
            "eps_growth_year": null,
            "eps_4q": null,
            "eps_4q_growth_year": null,
            "roe": null,
            "roe_4q": 0,
            "gross_profit": null,
            "gross_margin": null,
            "gross_margin_4q_avg": 0,
            "net_income": null,
            "revenue": null,
            "common_shares": null,
            "book_valuer_per_share": null,
            "book_valuer_per_share_4q_avg": 3.33,
            "equity": null,
            "current_ratio": null,
            "debt_ratio": null,
            "inventory_turnover_ratio": null,
            "account_receivable_turnover_ratio": null,
            "reinvestment_rate": null,
            "research_to_sale_ratio": null,
            "price_fair": 0,
            "eps_avg_yearly": 0,
            "eps_latest_yearly": 0,
            "eps_growth_yearly": 0
        },
        "20054": {
            "year_quarter": 20054,
            "year": 2005,
            "quarter": 4,
            "eps": null,
            "eps_growth_year": null,
            "eps_4q": null,
            "eps_4q_growth_year": null,
            "roe": null,
            "roe_4q": 0,
            "gross_profit": null,
            "gross_margin": null,
            "gross_margin_4q_avg": 0,
            "net_income": null,
            "revenue": null,
            "common_shares": 772820,
            "book_valuer_per_share": 12.58,
            "book_valuer_per_share_4q_avg": 3.15,
            "equity": 971835,
            "current_ratio": 583.74,
            "debt_ratio": 15.23,
            "inventory_turnover_ratio": null,
            "account_receivable_turnover_ratio": null,
            "reinvestment_rate": null,
            "research_to_sale_ratio": null,
            "price_fair": 0,
            "eps_avg_yearly": 0,
            "eps_latest_yearly": 0,
            "eps_growth_yearly": 0
        },
        "20061": {
            "year_quarter": 20061,
            "year": 2006,
            "quarter": 1,
            "eps": null,
            "eps_growth_year": null,
            "eps_4q": null,
            "eps_4q_growth_year": null,
            "roe": null,
            "roe_4q": 0,
            "gross_profit": null,
            "gross_margin": null,
            "gross_margin_4q_avg": 0,
            "net_income": null,
            "revenue": null,
            "common_shares": null,
            "book_valuer_per_share": null,
            "book_valuer_per_share_4q_avg": 3.15,
            "equity": null,
            "current_ratio": null,
            "debt_ratio": null,
            "inventory_turnover_ratio": null,
            "account_receivable_turnover_ratio": null,
            "reinvestment_rate": null,
            "research_to_sale_ratio": null,
            "price_fair": 0,
            "eps_avg_yearly": 0,
            "eps_latest_yearly": 0,
            "eps_growth_yearly": 0
        },
        "20062": {
            "year_quarter": 20062,
            "year": 2006,
            "quarter": 2,
            "eps": null,
            "eps_growth_year": null,
            "eps_4q": null,
            "eps_4q_growth_year": null,
            "roe": null,
            "roe_4q": 0,
            "gross_profit": null,
            "gross_margin": null,
            "gross_margin_4q_avg": 0,
            "net_income": null,
            "revenue": null,
            "common_shares": null,
            "book_valuer_per_share": null,
            "book_valuer_per_share_4q_avg": 3.15,
            "equity": null,
            "current_ratio": null,
            "debt_ratio": null,
            "inventory_turnover_ratio": null,
            "account_receivable_turnover_ratio": null,
            "reinvestment_rate": null,
            "research_to_sale_ratio": null,
            "price_fair": 0,
            "eps_avg_yearly": 0,
            "eps_latest_yearly": 0,
            "eps_growth_yearly": 0
        },
        "20063": {
            "year_quarter": 20063,
            "year": 2006,
            "quarter": 3,
            "eps": null,
            "eps_growth_year": null,
            "eps_4q": null,
            "eps_4q_growth_year": null,
            "roe": null,
            "roe_4q": 0,
            "gross_profit": null,
            "gross_margin": null,
            "gross_margin_4q_avg": 0,
            "net_income": null,
            "revenue": null,
            "common_shares": null,
            "book_valuer_per_share": null,
            "book_valuer_per_share_4q_avg": 3.15,
            "equity": null,
            "current_ratio": null,
            "debt_ratio": null,
            "inventory_turnover_ratio": null,
            "account_receivable_turnover_ratio": null,
            "reinvestment_rate": null,
            "research_to_sale_ratio": null,
            "price_fair": 0,
            "eps_avg_yearly": 0,
            "eps_latest_yearly": 0,
            "eps_growth_yearly": 0
        },
        "20064": {
            "year_quarter": 20064,
            "year": 2006,
            "quarter": 4,
            "eps": null,
            "eps_growth_year": null,
            "eps_4q": null,
            "eps_4q_growth_year": null,
            "roe": null,
            "roe_4q": 0,
            "gross_profit": null,
            "gross_margin": null,
            "gross_margin_4q_avg": 0,
            "net_income": null,
            "revenue": null,
            "common_shares": 775700,
            "book_valuer_per_share": 11.12,
            "book_valuer_per_share_4q_avg": 2.78,
            "equity": 863288,
            "current_ratio": 1154.08,
            "debt_ratio": 7.39,
            "inventory_turnover_ratio": null,
            "account_receivable_turnover_ratio": null,
            "reinvestment_rate": null,
            "research_to_sale_ratio": null,
            "price_fair": 0,
            "eps_avg_yearly": 0,
            "eps_latest_yearly": 0,
            "eps_growth_yearly": 0
        },
        "20071": {
            "year_quarter": 20071,
            "year": 2007,
            "quarter": 1,
            "eps": null,
            "eps_growth_year": null,
            "eps_4q": null,
            "eps_4q_growth_year": null,
            "roe": null,
            "roe_4q": 0,
            "gross_profit": null,
            "gross_margin": null,
            "gross_margin_4q_avg": 0,
            "net_income": null,
            "revenue": null,
            "common_shares": null,
            "book_valuer_per_share": null,
            "book_valuer_per_share_4q_avg": 2.78,
            "equity": null,
            "current_ratio": null,
            "debt_ratio": null,
            "inventory_turnover_ratio": null,
            "account_receivable_turnover_ratio": null,
            "reinvestment_rate": null,
            "research_to_sale_ratio": null,
            "price_fair": 0,
            "eps_avg_yearly": 0,
            "eps_latest_yearly": 0,
            "eps_growth_yearly": 0
        },
        "20072": {
            "year_quarter": 20072,
            "year": 2007,
            "quarter": 2,
            "eps": null,
            "eps_growth_year": null,
            "eps_4q": null,
            "eps_4q_growth_year": null,
            "roe": null,
            "roe_4q": 0,
            "gross_profit": null,
            "gross_margin": null,
            "gross_margin_4q_avg": 0,
            "net_income": null,
            "revenue": null,
            "common_shares": null,
            "book_valuer_per_share": null,
            "book_valuer_per_share_4q_avg": 2.78,
            "equity": null,
            "current_ratio": null,
            "debt_ratio": null,
            "inventory_turnover_ratio": null,
            "account_receivable_turnover_ratio": null,
            "reinvestment_rate": null,
            "research_to_sale_ratio": null,
            "price_fair": 0,
            "eps_avg_yearly": 0,
            "eps_latest_yearly": 0,
            "eps_growth_yearly": 0
        },
        "20073": {
            "year_quarter": 20073,
            "year": 2007,
            "quarter": 3,
            "eps": null,
            "eps_growth_year": null,
            "eps_4q": null,
            "eps_4q_growth_year": null,
            "roe": null,
            "roe_4q": 0,
            "gross_profit": null,
            "gross_margin": null,
            "gross_margin_4q_avg": 0,
            "net_income": null,
            "revenue": null,
            "common_shares": null,
            "book_valuer_per_share": null,
            "book_valuer_per_share_4q_avg": 2.78,
            "equity": null,
            "current_ratio": null,
            "debt_ratio": null,
            "inventory_turnover_ratio": null,
            "account_receivable_turnover_ratio": null,
            "reinvestment_rate": null,
            "research_to_sale_ratio": null,
            "price_fair": 0,
            "eps_avg_yearly": 0,
            "eps_latest_yearly": 0,
            "eps_growth_yearly": 0
        },
        "20074": {
            "year_quarter": 20074,
            "year": 2007,
            "quarter": 4,
            "eps": null,
            "eps_growth_year": null,
            "eps_4q": null,
            "eps_4q_growth_year": null,
            "roe": null,
            "roe_4q": 0,
            "gross_profit": null,
            "gross_margin": null,
            "gross_margin_4q_avg": 0,
            "net_income": null,
            "revenue": null,
            "common_shares": 780715,
            "book_valuer_per_share": 8.97,
            "book_valuer_per_share_4q_avg": 2.24,
            "equity": 700418,
            "current_ratio": 535.98,
            "debt_ratio": 15.45,
            "inventory_turnover_ratio": null,
            "account_receivable_turnover_ratio": null,
            "reinvestment_rate": null,
            "research_to_sale_ratio": null,
            "price_fair": 0,
            "eps_avg_yearly": 0,
            "eps_latest_yearly": 0,
            "eps_growth_yearly": 0
        },
        "20081": {
            "year_quarter": 20081,
            "year": 2008,
            "quarter": 1,
            "eps": null,
            "eps_growth_year": null,
            "eps_4q": null,
            "eps_4q_growth_year": null,
            "roe": null,
            "roe_4q": 0,
            "gross_profit": null,
            "gross_margin": null,
            "gross_margin_4q_avg": 0,
            "net_income": null,
            "revenue": null,
            "common_shares": null,
            "book_valuer_per_share": null,
            "book_valuer_per_share_4q_avg": 2.24,
            "equity": null,
            "current_ratio": null,
            "debt_ratio": null,
            "inventory_turnover_ratio": null,
            "account_receivable_turnover_ratio": null,
            "reinvestment_rate": null,
            "research_to_sale_ratio": null,
            "price_fair": 0,
            "eps_avg_yearly": 0,
            "eps_latest_yearly": 0,
            "eps_growth_yearly": 0
        },
        "20082": {
            "year_quarter": 20082,
            "year": 2008,
            "quarter": 2,
            "eps": null,
            "eps_growth_year": null,
            "eps_4q": null,
            "eps_4q_growth_year": null,
            "roe": null,
            "roe_4q": 0,
            "gross_profit": null,
            "gross_margin": null,
            "gross_margin_4q_avg": 0,
            "net_income": null,
            "revenue": null,
            "common_shares": null,
            "book_valuer_per_share": null,
            "book_valuer_per_share_4q_avg": 2.24,
            "equity": null,
            "current_ratio": null,
            "debt_ratio": null,
            "inventory_turnover_ratio": null,
            "account_receivable_turnover_ratio": null,
            "reinvestment_rate": null,
            "research_to_sale_ratio": null,
            "price_fair": 0,
            "eps_avg_yearly": 0,
            "eps_latest_yearly": 0,
            "eps_growth_yearly": 0
        },
        "20083": {
            "year_quarter": 20083,
            "year": 2008,
            "quarter": 3,
            "eps": null,
            "eps_growth_year": null,
            "eps_4q": null,
            "eps_4q_growth_year": null,
            "roe": null,
            "roe_4q": 0,
            "gross_profit": null,
            "gross_margin": null,
            "gross_margin_4q_avg": 0,
            "net_income": null,
            "revenue": null,
            "common_shares": null,
            "book_valuer_per_share": null,
            "book_valuer_per_share_4q_avg": 2.24,
            "equity": null,
            "current_ratio": null,
            "debt_ratio": null,
            "inventory_turnover_ratio": null,
            "account_receivable_turnover_ratio": null,
            "reinvestment_rate": null,
            "research_to_sale_ratio": null,
            "price_fair": 0,
            "eps_avg_yearly": 0,
            "eps_latest_yearly": 0,
            "eps_growth_yearly": 0
        },
        "20084": {
            "year_quarter": 20084,
            "year": 2008,
            "quarter": 4,
            "eps": null,
            "eps_growth_year": null,
            "eps_4q": null,
            "eps_4q_growth_year": null,
            "roe": null,
            "roe_4q": 0,
            "gross_profit": null,
            "gross_margin": null,
            "gross_margin_4q_avg": 0,
            "net_income": null,
            "revenue": null,
            "common_shares": 780715,
            "book_valuer_per_share": 7.51,
            "book_valuer_per_share_4q_avg": 1.88,
            "equity": 586630,
            "current_ratio": 639.48,
            "debt_ratio": 12.14,
            "inventory_turnover_ratio": null,
            "account_receivable_turnover_ratio": null,
            "reinvestment_rate": null,
            "research_to_sale_ratio": null,
            "price_fair": 0,
            "eps_avg_yearly": 0,
            "eps_latest_yearly": 0,
            "eps_growth_yearly": 0
        },
        "20091": {
            "year_quarter": 20091,
            "year": 2009,
            "quarter": 1,
            "eps": null,
            "eps_growth_year": null,
            "eps_4q": null,
            "eps_4q_growth_year": null,
            "roe": null,
            "roe_4q": 0,
            "gross_profit": null,
            "gross_margin": null,
            "gross_margin_4q_avg": 0,
            "net_income": null,
            "revenue": null,
            "common_shares": null,
            "book_valuer_per_share": null,
            "book_valuer_per_share_4q_avg": 1.88,
            "equity": null,
            "current_ratio": null,
            "debt_ratio": null,
            "inventory_turnover_ratio": null,
            "account_receivable_turnover_ratio": null,
            "reinvestment_rate": null,
            "research_to_sale_ratio": null,
            "price_fair": 0,
            "eps_avg_yearly": 0,
            "eps_latest_yearly": 0,
            "eps_growth_yearly": 0
        },
        "20092": {
            "year_quarter": 20092,
            "year": 2009,
            "quarter": 2,
            "eps": null,
            "eps_growth_year": null,
            "eps_4q": null,
            "eps_4q_growth_year": null,
            "roe": null,
            "roe_4q": 0,
            "gross_profit": null,
            "gross_margin": null,
            "gross_margin_4q_avg": 0,
            "net_income": null,
            "revenue": null,
            "common_shares": 780715,
            "book_valuer_per_share": null,
            "book_valuer_per_share_4q_avg": 1.88,
            "equity": 568871,
            "current_ratio": null,
            "debt_ratio": null,
            "inventory_turnover_ratio": null,
            "account_receivable_turnover_ratio": null,
            "reinvestment_rate": null,
            "research_to_sale_ratio": null,
            "price_fair": 0,
            "eps_avg_yearly": 0,
            "eps_latest_yearly": 0,
            "eps_growth_yearly": 0
        },
        "20093": {
            "year_quarter": 20093,
            "year": 2009,
            "quarter": 3,
            "eps": null,
            "eps_growth_year": null,
            "eps_4q": null,
            "eps_4q_growth_year": null,
            "roe": null,
            "roe_4q": 0,
            "gross_profit": null,
            "gross_margin": null,
            "gross_margin_4q_avg": 0,
            "net_income": null,
            "revenue": null,
            "common_shares": null,
            "book_valuer_per_share": null,
            "book_valuer_per_share_4q_avg": 1.88,
            "equity": null,
            "current_ratio": null,
            "debt_ratio": null,
            "inventory_turnover_ratio": null,
            "account_receivable_turnover_ratio": null,
            "reinvestment_rate": null,
            "research_to_sale_ratio": null,
            "price_fair": 0,
            "eps_avg_yearly": 0,
            "eps_latest_yearly": 0,
            "eps_growth_yearly": 0
        },
        "20094": {
            "year_quarter": 20094,
            "year": 2009,
            "quarter": 4,
            "eps": null,
            "eps_growth_year": null,
            "eps_4q": null,
            "eps_4q_growth_year": null,
            "roe": null,
            "roe_4q": 0,
            "gross_profit": null,
            "gross_margin": null,
            "gross_margin_4q_avg": 0,
            "net_income": null,
            "revenue": null,
            "common_shares": 581189,
            "book_valuer_per_share": 9.5,
            "book_valuer_per_share_4q_avg": 2.38,
            "equity": 552324,
            "current_ratio": 534.36,
            "debt_ratio": 13.85,
            "inventory_turnover_ratio": null,
            "account_receivable_turnover_ratio": null,
            "reinvestment_rate": null,
            "research_to_sale_ratio": null,
            "price_fair": 0,
            "eps_avg_yearly": 0,
            "eps_latest_yearly": 0,
            "eps_growth_yearly": 0
        },
        "20101": {
            "year_quarter": 20101,
            "year": 2010,
            "quarter": 1,
            "eps": null,
            "eps_growth_year": null,
            "eps_4q": null,
            "eps_4q_growth_year": null,
            "roe": null,
            "roe_4q": 0,
            "gross_profit": null,
            "gross_margin": null,
            "gross_margin_4q_avg": 0,
            "net_income": null,
            "revenue": null,
            "common_shares": null,
            "book_valuer_per_share": null,
            "book_valuer_per_share_4q_avg": 2.38,
            "equity": null,
            "current_ratio": null,
            "debt_ratio": null,
            "inventory_turnover_ratio": null,
            "account_receivable_turnover_ratio": null,
            "reinvestment_rate": null,
            "research_to_sale_ratio": null,
            "price_fair": 0,
            "eps_avg_yearly": 0,
            "eps_latest_yearly": 0,
            "eps_growth_yearly": 0
        },
        "20102": {
            "year_quarter": 20102,
            "year": 2010,
            "quarter": 2,
            "eps": null,
            "eps_growth_year": null,
            "eps_4q": null,
            "eps_4q_growth_year": null,
            "roe": null,
            "roe_4q": 0,
            "gross_profit": null,
            "gross_margin": null,
            "gross_margin_4q_avg": 0,
            "net_income": null,
            "revenue": null,
            "common_shares": 582199,
            "book_valuer_per_share": 9.35,
            "book_valuer_per_share_4q_avg": 4.71,
            "equity": 544479,
            "current_ratio": 519.61,
            "debt_ratio": 14.17,
            "inventory_turnover_ratio": null,
            "account_receivable_turnover_ratio": null,
            "reinvestment_rate": null,
            "research_to_sale_ratio": null,
            "price_fair": 0,
            "eps_avg_yearly": 0,
            "eps_latest_yearly": 0,
            "eps_growth_yearly": 0
        },
        "20103": {
            "year_quarter": 20103,
            "year": 2010,
            "quarter": 3,
            "eps": null,
            "eps_growth_year": null,
            "eps_4q": null,
            "eps_4q_growth_year": null,
            "roe": null,
            "roe_4q": 0,
            "gross_profit": null,
            "gross_margin": null,
            "gross_margin_4q_avg": 0,
            "net_income": null,
            "revenue": null,
            "common_shares": null,
            "book_valuer_per_share": null,
            "book_valuer_per_share_4q_avg": 4.71,
            "equity": null,
            "current_ratio": null,
            "debt_ratio": null,
            "inventory_turnover_ratio": null,
            "account_receivable_turnover_ratio": null,
            "reinvestment_rate": null,
            "research_to_sale_ratio": null,
            "price_fair": 0,
            "eps_avg_yearly": 0,
            "eps_latest_yearly": 0,
            "eps_growth_yearly": 0
        },
        "20104": {
            "year_quarter": 20104,
            "year": 2010,
            "quarter": 4,
            "eps": null,
            "eps_growth_year": null,
            "eps_4q": null,
            "eps_4q_growth_year": null,
            "roe": null,
            "roe_4q": 0,
            "gross_profit": null,
            "gross_margin": null,
            "gross_margin_4q_avg": 0,
            "net_income": null,
            "revenue": null,
            "common_shares": 882199,
            "book_valuer_per_share": 9.65,
            "book_valuer_per_share_4q_avg": 4.75,
            "equity": 851513,
            "current_ratio": 653.61,
            "debt_ratio": 12.71,
            "inventory_turnover_ratio": null,
            "account_receivable_turnover_ratio": null,
            "reinvestment_rate": null,
            "research_to_sale_ratio": null,
            "price_fair": 0,
            "eps_avg_yearly": 0,
            "eps_latest_yearly": 0,
            "eps_growth_yearly": 0
        },
        "20111": {
            "year_quarter": 20111,
            "year": 2011,
            "quarter": 1,
            "eps": null,
            "eps_growth_year": null,
            "eps_4q": null,
            "eps_4q_growth_year": null,
            "roe": null,
            "roe_4q": 0,
            "gross_profit": null,
            "gross_margin": null,
            "gross_margin_4q_avg": 0,
            "net_income": null,
            "revenue": null,
            "common_shares": null,
            "book_valuer_per_share": null,
            "book_valuer_per_share_4q_avg": 4.75,
            "equity": null,
            "current_ratio": null,
            "debt_ratio": null,
            "inventory_turnover_ratio": null,
            "account_receivable_turnover_ratio": null,
            "reinvestment_rate": null,
            "research_to_sale_ratio": null,
            "price_fair": 0,
            "eps_avg_yearly": 0,
            "eps_latest_yearly": 0,
            "eps_growth_yearly": 0
        },
        "20112": {
            "year_quarter": 20112,
            "year": 2011,
            "quarter": 2,
            "eps": null,
            "eps_growth_year": null,
            "eps_4q": null,
            "eps_4q_growth_year": null,
            "roe": null,
            "roe_4q": 0,
            "gross_profit": null,
            "gross_margin": null,
            "gross_margin_4q_avg": 0,
            "net_income": null,
            "revenue": null,
            "common_shares": 882854,
            "book_valuer_per_share": 9.51,
            "book_valuer_per_share_4q_avg": 4.79,
            "equity": 839924,
            "current_ratio": 652.57,
            "debt_ratio": 12.61,
            "inventory_turnover_ratio": null,
            "account_receivable_turnover_ratio": null,
            "reinvestment_rate": null,
            "research_to_sale_ratio": null,
            "price_fair": 0,
            "eps_avg_yearly": 0,
            "eps_latest_yearly": 0,
            "eps_growth_yearly": 0
        },
        "20113": {
            "year_quarter": 20113,
            "year": 2011,
            "quarter": 3,
            "eps": null,
            "eps_growth_year": null,
            "eps_4q": null,
            "eps_4q_growth_year": null,
            "roe": null,
            "roe_4q": 0,
            "gross_profit": null,
            "gross_margin": null,
            "gross_margin_4q_avg": 0,
            "net_income": null,
            "revenue": null,
            "common_shares": null,
            "book_valuer_per_share": null,
            "book_valuer_per_share_4q_avg": 4.79,
            "equity": null,
            "current_ratio": null,
            "debt_ratio": null,
            "inventory_turnover_ratio": null,
            "account_receivable_turnover_ratio": null,
            "reinvestment_rate": null,
            "research_to_sale_ratio": null,
            "price_fair": 0,
            "eps_avg_yearly": 0,
            "eps_latest_yearly": 0,
            "eps_growth_yearly": 0
        },
        "20114": {
            "year_quarter": 20114,
            "year": 2011,
            "quarter": 4,
            "eps": null,
            "eps_growth_year": null,
            "eps_4q": null,
            "eps_4q_growth_year": null,
            "roe": null,
            "roe_4q": 0,
            "gross_profit": null,
            "gross_margin": null,
            "gross_margin_4q_avg": 0,
            "net_income": null,
            "revenue": null,
            "common_shares": 883184,
            "book_valuer_per_share": 9.45,
            "book_valuer_per_share_4q_avg": 4.74,
            "equity": 834721,
            "current_ratio": 670.15,
            "debt_ratio": 12.49,
            "inventory_turnover_ratio": null,
            "account_receivable_turnover_ratio": null,
            "reinvestment_rate": null,
            "research_to_sale_ratio": null,
            "price_fair": 0,
            "eps_avg_yearly": 0,
            "eps_latest_yearly": 0,
            "eps_growth_yearly": 0
        },
        "20121": {
            "year_quarter": 20121,
            "year": 2012,
            "quarter": 1,
            "eps": null,
            "eps_growth_year": null,
            "eps_4q": null,
            "eps_4q_growth_year": null,
            "roe": null,
            "roe_4q": 0,
            "gross_profit": 68427,
            "gross_margin": null,
            "gross_margin_4q_avg": 0,
            "net_income": 3432,
            "revenue": 167500,
            "common_shares": 883184,
            "book_valuer_per_share": null,
            "book_valuer_per_share_4q_avg": 4.74,
            "equity": 835600,
            "current_ratio": null,
            "debt_ratio": null,
            "inventory_turnover_ratio": null,
            "account_receivable_turnover_ratio": null,
            "reinvestment_rate": null,
            "research_to_sale_ratio": null,
            "price_fair": 0,
            "eps_avg_yearly": 0,
            "eps_latest_yearly": 0,
            "eps_growth_yearly": 0
        },
        "20122": {
            "year_quarter": 20122,
            "year": 2012,
            "quarter": 2,
            "eps": null,
            "eps_growth_year": null,
            "eps_4q": null,
            "eps_4q_growth_year": null,
            "roe": null,
            "roe_4q": 0,
            "gross_profit": 70978,
            "gross_margin": null,
            "gross_margin_4q_avg": 0,
            "net_income": 7339,
            "revenue": 218174,
            "common_shares": 883184,
            "book_valuer_per_share": 9.58,
            "book_valuer_per_share_4q_avg": 4.76,
            "equity": 845733,
            "current_ratio": 625.66,
            "debt_ratio": 13.14,
            "inventory_turnover_ratio": null,
            "account_receivable_turnover_ratio": null,
            "reinvestment_rate": null,
            "research_to_sale_ratio": null,
            "price_fair": 0,
            "eps_avg_yearly": 0,
            "eps_latest_yearly": 0,
            "eps_growth_yearly": 0
        },
        "20123": {
            "year_quarter": 20123,
            "year": 2012,
            "quarter": 3,
            "eps": null,
            "eps_growth_year": null,
            "eps_4q": null,
            "eps_4q_growth_year": null,
            "roe": null,
            "roe_4q": 0,
            "gross_profit": 105205,
            "gross_margin": null,
            "gross_margin_4q_avg": 0,
            "net_income": 25223,
            "revenue": 254321,
            "common_shares": 883184,
            "book_valuer_per_share": null,
            "book_valuer_per_share_4q_avg": 4.76,
            "equity": 869428,
            "current_ratio": null,
            "debt_ratio": null,
            "inventory_turnover_ratio": null,
            "account_receivable_turnover_ratio": null,
            "reinvestment_rate": null,
            "research_to_sale_ratio": null,
            "price_fair": 0,
            "eps_avg_yearly": 0,
            "eps_latest_yearly": 0,
            "eps_growth_yearly": 0
        },
        "20124": {
            "year_quarter": 20124,
            "year": 2012,
            "quarter": 4,
            "eps": null,
            "eps_growth_year": null,
            "eps_4q": null,
            "eps_4q_growth_year": null,
            "roe": null,
            "roe_4q": 0,
            "gross_profit": 104609,
            "gross_margin": null,
            "gross_margin_4q_avg": 0,
            "net_income": 21467,
            "revenue": 235717,
            "common_shares": 883184,
            "book_valuer_per_share": 10.11,
            "book_valuer_per_share_4q_avg": 4.92,
            "equity": 893158,
            "current_ratio": 742.14,
            "debt_ratio": 11.15,
            "inventory_turnover_ratio": null,
            "account_receivable_turnover_ratio": null,
            "reinvestment_rate": null,
            "research_to_sale_ratio": null,
            "price_fair": 0,
            "eps_avg_yearly": 0,
            "eps_latest_yearly": 0,
            "eps_growth_yearly": 0
        },
        "20131": {
            "year_quarter": 20131,
            "year": 2013,
            "quarter": 1,
            "eps": 0.17,
            "eps_growth_year": null,
            "eps_4q": 0.17,
            "eps_4q_growth_year": null,
            "roe": 1.65,
            "roe_4q": 1.65,
            "gross_profit": 91957,
            "gross_margin": 43.67,
            "gross_margin_4q_avg": 10.92,
            "net_income": 14864,
            "revenue": 210557,
            "common_shares": 883184,
            "book_valuer_per_share": 10.27,
            "book_valuer_per_share_4q_avg": 7.49,
            "equity": 906880,
            "current_ratio": 580.54,
            "debt_ratio": 14.04,
            "inventory_turnover_ratio": 0.65,
            "account_receivable_turnover_ratio": 2.49,
            "reinvestment_rate": null,
            "research_to_sale_ratio": 20.48,
            "price_fair": 0,
            "eps_avg_yearly": 0,
            "eps_latest_yearly": 0,
            "eps_growth_yearly": 0
        },
        "20132": {
            "year_quarter": 20132,
            "year": 2013,
            "quarter": 2,
            "eps": 0.08,
            "eps_growth_year": null,
            "eps_4q": 0.25,
            "eps_4q_growth_year": null,
            "roe": 0.82,
            "roe_4q": 2.4699999999999998,
            "gross_profit": 87063,
            "gross_margin": 39.09,
            "gross_margin_4q_avg": 20.69,
            "net_income": 7496,
            "revenue": 222708,
            "common_shares": 883184,
            "book_valuer_per_share": 10.37,
            "book_valuer_per_share_4q_avg": 7.69,
            "equity": 914292,
            "current_ratio": 613.58,
            "debt_ratio": 13.25,
            "inventory_turnover_ratio": 0.74,
            "account_receivable_turnover_ratio": 2.61,
            "reinvestment_rate": null,
            "research_to_sale_ratio": 19.54,
            "price_fair": 0.96,
            "eps_avg_yearly": 0.32,
            "eps_latest_yearly": 0.32,
            "eps_growth_yearly": -211.76
        },
        "20133": {
            "year_quarter": 20133,
            "year": 2013,
            "quarter": 3,
            "eps": 0.26,
            "eps_growth_year": null,
            "eps_4q": 0.51,
            "eps_4q_growth_year": null,
            "roe": 2.46,
            "roe_4q": 4.93,
            "gross_profit": 116351,
            "gross_margin": 45.97,
            "gross_margin_4q_avg": 32.18,
            "net_income": 22765,
            "revenue": 253108,
            "common_shares": 883184,
            "book_valuer_per_share": 10.62,
            "book_valuer_per_share_4q_avg": 10.34,
            "equity": 933600,
            "current_ratio": 625.87,
            "debt_ratio": 12.93,
            "inventory_turnover_ratio": 0.82,
            "account_receivable_turnover_ratio": 2.76,
            "reinvestment_rate": null,
            "research_to_sale_ratio": 18.46,
            "price_fair": 23.8,
            "eps_avg_yearly": 0.68,
            "eps_latest_yearly": 1.04,
            "eps_growth_yearly": 344.12
        },
        "20134": {
            "year_quarter": 20134,
            "year": 2013,
            "quarter": 4,
            "eps": 0.12,
            "eps_growth_year": null,
            "eps_4q": 0.63,
            "eps_4q_growth_year": null,
            "roe": 1.09,
            "roe_4q": 6.02,
            "gross_profit": 96559,
            "gross_margin": 44.34,
            "gross_margin_4q_avg": 43.27,
            "net_income": 10195,
            "revenue": 217754,
            "common_shares": 883184,
            "book_valuer_per_share": 10.74,
            "book_valuer_per_share_4q_avg": 10.5,
            "equity": 943491,
            "current_ratio": 521.45,
            "debt_ratio": 15.58,
            "inventory_turnover_ratio": 0.79,
            "account_receivable_turnover_ratio": 2.86,
            "reinvestment_rate": null,
            "research_to_sale_ratio": 24.42,
            "price_fair": 21.47,
            "eps_avg_yearly": 0.61,
            "eps_latest_yearly": 0.48,
            "eps_growth_yearly": 157.62
        },
        "20141": {
            "year_quarter": 20141,
            "year": 2014,
            "quarter": 1,
            "eps": 0.1,
            "eps_growth_year": -41.18,
            "eps_4q": 0.5,
            "eps_4q_growth_year": 195.19,
            "roe": 0.87,
            "roe_4q": 5.24,
            "gross_profit": 96826,
            "gross_margin": 44.58,
            "gross_margin_4q_avg": 43.5,
            "net_income": 8792,
            "revenue": 217220,
            "common_shares": 991454,
            "book_valuer_per_share": 10.98,
            "book_valuer_per_share_4q_avg": 10.68,
            "equity": 1088182,
            "current_ratio": 712.03,
            "debt_ratio": 11.55,
            "inventory_turnover_ratio": 0.82,
            "account_receivable_turnover_ratio": 2.87,
            "reinvestment_rate": null,
            "research_to_sale_ratio": 21.45,
            "price_fair": 19.6,
            "eps_avg_yearly": 0.56,
            "eps_latest_yearly": 0.4,
            "eps_growth_yearly": 101.55
        },
        "20142": {
            "year_quarter": 20142,
            "year": 2014,
            "quarter": 2,
            "eps": 0.24,
            "eps_growth_year": 200,
            "eps_4q": 0.66,
            "eps_4q_growth_year": 160.96,
            "roe": 2.2,
            "roe_4q": 6.62,
            "gross_profit": 122089,
            "gross_margin": 45.72,
            "gross_margin_4q_avg": 45.15,
            "net_income": 24000,
            "revenue": 267035,
            "common_shares": 994003,
            "book_valuer_per_share": 10.97,
            "book_valuer_per_share_4q_avg": 10.83,
            "equity": 1089215,
            "current_ratio": 486.18,
            "debt_ratio": 17.02,
            "inventory_turnover_ratio": 0.95,
            "account_receivable_turnover_ratio": 2.83,
            "reinvestment_rate": null,
            "research_to_sale_ratio": 17.65,
            "price_fair": 22.4,
            "eps_avg_yearly": 0.64,
            "eps_latest_yearly": 0.96,
            "eps_growth_yearly": 193.24
        },
        "20143": {
            "year_quarter": 20143,
            "year": 2014,
            "quarter": 3,
            "eps": 0.35,
            "eps_growth_year": 34.62,
            "eps_4q": 0.78,
            "eps_4q_growth_year": 51.84,
            "roe": 3.14,
            "roe_4q": 7.3,
            "gross_profit": 124648,
            "gross_margin": 45.75,
            "gross_margin_4q_avg": 45.1,
            "net_income": 34831,
            "revenue": 272437,
            "common_shares": 996529,
            "book_valuer_per_share": 11.34,
            "book_valuer_per_share_4q_avg": 11.01,
            "equity": 1130515,
            "current_ratio": 604.83,
            "debt_ratio": 13.71,
            "inventory_turnover_ratio": 0.84,
            "account_receivable_turnover_ratio": 2.3,
            "reinvestment_rate": null,
            "research_to_sale_ratio": 18.57,
            "price_fair": 26.83,
            "eps_avg_yearly": 0.77,
            "eps_latest_yearly": 1.4,
            "eps_growth_yearly": 191.59
        },
        "20144": {
            "year_quarter": 20144,
            "year": 2014,
            "quarter": 4,
            "eps": 0.38,
            "eps_growth_year": 228.29,
            "eps_4q": 1.06,
            "eps_4q_growth_year": 67.76,
            "roe": 3.31,
            "roe_4q": 9.52,
            "gross_profit": 120650,
            "gross_margin": 48.42,
            "gross_margin_4q_avg": 46.12,
            "net_income": 38144,
            "revenue": 249161,
            "common_shares": 1001106,
            "book_valuer_per_share": 11.75,
            "book_valuer_per_share_4q_avg": 11.26,
            "equity": 1175099,
            "current_ratio": 577.23,
            "debt_ratio": 14.38,
            "inventory_turnover_ratio": 0.63,
            "account_receivable_turnover_ratio": 1.87,
            "reinvestment_rate": null,
            "research_to_sale_ratio": 22.69,
            "price_fair": 30.6,
            "eps_avg_yearly": 0.87,
            "eps_latest_yearly": 1.52,
            "eps_growth_yearly": 169.11
        },
        "20151": {
            "year_quarter": 20151,
            "year": 2015,
            "quarter": 1,
            "eps": 0.22,
            "eps_growth_year": 120,
            "eps_4q": 1.19,
            "eps_4q_growth_year": 138.81,
            "roe": 1.85,
            "roe_4q": 10.5,
            "gross_profit": 116243,
            "gross_margin": 48.41,
            "gross_margin_4q_avg": 47.08,
            "net_income": 21945,
            "revenue": 240116,
            "common_shares": 1004565,
            "book_valuer_per_share": 11.96,
            "book_valuer_per_share_4q_avg": 11.51,
            "equity": 1198758,
            "current_ratio": 671.03,
            "debt_ratio": 12.16,
            "inventory_turnover_ratio": 0.53,
            "account_receivable_turnover_ratio": 1.85,
            "reinvestment_rate": null,
            "research_to_sale_ratio": 21.33,
            "price_fair": 30.63,
            "eps_avg_yearly": 0.88,
            "eps_latest_yearly": 0.88,
            "eps_growth_yearly": 126.92
        },
        "20152": {
            "year_quarter": 20152,
            "year": 2015,
            "quarter": 2,
            "eps": 0.17,
            "eps_growth_year": -29.17,
            "eps_4q": 1.09,
            "eps_4q_growth_year": 65.42,
            "roe": 1.48,
            "roe_4q": 9.780000000000001,
            "gross_profit": 116358,
            "gross_margin": 44.02,
            "gross_margin_4q_avg": 46.65,
            "net_income": 17576,
            "revenue": 264325,
            "common_shares": 1006661,
            "book_valuer_per_share": 11.47,
            "book_valuer_per_share_4q_avg": 11.63,
            "equity": 1178104,
            "current_ratio": 455.67,
            "debt_ratio": 18.28,
            "inventory_turnover_ratio": 0.58,
            "account_receivable_turnover_ratio": 2.02,
            "reinvestment_rate": null,
            "research_to_sale_ratio": 20.19,
            "price_fair": 29.87,
            "eps_avg_yearly": 0.85,
            "eps_latest_yearly": 0.68,
            "eps_growth_yearly": 102.72
        },
        "20153": {
            "year_quarter": 20153,
            "year": 2015,
            "quarter": 3,
            "eps": 0.29,
            "eps_growth_year": -17.14,
            "eps_4q": 1.04,
            "eps_4q_growth_year": 33.45,
            "roe": 2.47,
            "roe_4q": 9.110000000000001,
            "gross_profit": 124840,
            "gross_margin": 42.24,
            "gross_margin_4q_avg": 45.77,
            "net_income": 29504,
            "revenue": 295516,
            "common_shares": 1031099,
            "book_valuer_per_share": 11.8,
            "book_valuer_per_share_4q_avg": 11.75,
            "equity": 1215075,
            "current_ratio": 620.8,
            "debt_ratio": 13.7,
            "inventory_turnover_ratio": 0.64,
            "account_receivable_turnover_ratio": 2,
            "reinvestment_rate": null,
            "research_to_sale_ratio": 21.4,
            "price_fair": 30.94,
            "eps_avg_yearly": 0.88,
            "eps_latest_yearly": 1.16,
            "eps_growth_yearly": 120.68
        },
        "20154": {
            "year_quarter": 20154,
            "year": 2015,
            "quarter": 4,
            "eps": 0.23,
            "eps_growth_year": -40.81,
            "eps_4q": 1.34,
            "eps_4q_growth_year": 26.79,
            "roe": 1.37,
            "roe_4q": 7.17,
            "gross_profit": 131423,
            "gross_margin": 45.01,
            "gross_margin_4q_avg": 44.92,
            "net_income": 13974,
            "revenue": 291996,
            "common_shares": 624348,
            "book_valuer_per_share": 13.15,
            "book_valuer_per_share_4q_avg": 12.1,
            "equity": 818064,
            "current_ratio": 360.96,
            "debt_ratio": 21.06,
            "inventory_turnover_ratio": 0.59,
            "account_receivable_turnover_ratio": 1.88,
            "reinvestment_rate": 2.69,
            "research_to_sale_ratio": 23.71,
            "price_fair": 31.05,
            "eps_avg_yearly": 0.89,
            "eps_latest_yearly": 0.92,
            "eps_growth_yearly": 102.19
        },
        "20161": {
            "year_quarter": 20161,
            "year": 2016,
            "quarter": 1,
            "eps": 0.69,
            "eps_growth_year": 213.64,
            "eps_4q": 1.65,
            "eps_4q_growth_year": 39.25,
            "roe": 5.04,
            "roe_4q": 10.360000000000001,
            "gross_profit": 152326,
            "gross_margin": 49.58,
            "gross_margin_4q_avg": 45.21,
            "net_income": 42536,
            "revenue": 307245,
            "common_shares": 625185,
            "book_valuer_per_share": 13.86,
            "book_valuer_per_share_4q_avg": 12.57,
            "equity": 868785,
            "current_ratio": 384.26,
            "debt_ratio": 20.01,
            "inventory_turnover_ratio": 0.52,
            "account_receivable_turnover_ratio": 1.81,
            "reinvestment_rate": 11.33,
            "research_to_sale_ratio": 18.4,
            "price_fair": 36.52,
            "eps_avg_yearly": 1.04,
            "eps_latest_yearly": 2.76,
            "eps_growth_yearly": 160.34
        },
        "20162": {
            "year_quarter": 20162,
            "year": 2016,
            "quarter": 2,
            "eps": 0.9,
            "eps_growth_year": 429.41,
            "eps_4q": 2.24,
            "eps_4q_growth_year": 104.99,
            "roe": 6.24,
            "roe_4q": 15.120000000000003,
            "gross_profit": 164283,
            "gross_margin": 46.63,
            "gross_margin_4q_avg": 45.87,
            "net_income": 55588,
            "revenue": 352297,
            "common_shares": 628485,
            "book_valuer_per_share": 14.46,
            "book_valuer_per_share_4q_avg": 13.32,
            "equity": 911445,
            "current_ratio": 382.98,
            "debt_ratio": 20.48,
            "inventory_turnover_ratio": 0.61,
            "account_receivable_turnover_ratio": 1.78,
            "reinvestment_rate": 5.09,
            "research_to_sale_ratio": 16.62,
            "price_fair": 43.4,
            "eps_avg_yearly": 1.24,
            "eps_latest_yearly": 3.6,
            "eps_growth_yearly": 157.37
        },
        "20163": {
            "year_quarter": 20163,
            "year": 2016,
            "quarter": 3,
            "eps": 0.41,
            "eps_growth_year": 41.38,
            "eps_4q": 2.18,
            "eps_4q_growth_year": 109.44,
            "roe": 2.76,
            "roe_4q": 15.41,
            "gross_profit": 131077,
            "gross_margin": 42.63,
            "gross_margin_4q_avg": 45.96,
            "net_income": 25538,
            "revenue": 307462,
            "common_shares": 628837,
            "book_valuer_per_share": 14.9,
            "book_valuer_per_share_4q_avg": 14.09,
            "equity": 938564,
            "current_ratio": 412.3,
            "debt_ratio": 19.13,
            "inventory_turnover_ratio": 0.57,
            "account_receivable_turnover_ratio": 1.58,
            "reinvestment_rate": 10.17,
            "research_to_sale_ratio": 19.36,
            "price_fair": 44.4,
            "eps_avg_yearly": 1.27,
            "eps_latest_yearly": 1.64,
            "eps_growth_yearly": 130.57
        },
        "20164": {
            "year_quarter": 20164,
            "year": 2016,
            "quarter": 4,
            "eps": 0.27,
            "eps_growth_year": 21.76,
            "eps_4q": 2.23,
            "eps_4q_growth_year": 66.62,
            "roe": 1.83,
            "roe_4q": 15.870000000000001,
            "gross_profit": 135260,
            "gross_margin": 47.52,
            "gross_margin_4q_avg": 46.59,
            "net_income": 17349,
            "revenue": 284661,
            "common_shares": 632087,
            "book_valuer_per_share": 15.14,
            "book_valuer_per_share_4q_avg": 14.59,
            "equity": 956024,
            "current_ratio": 409.9,
            "debt_ratio": 19.75,
            "inventory_turnover_ratio": 0.46,
            "account_receivable_turnover_ratio": 1.58,
            "reinvestment_rate": 2.68,
            "research_to_sale_ratio": 29.06,
            "price_fair": 43.96,
            "eps_avg_yearly": 1.26,
            "eps_latest_yearly": 1.08,
            "eps_growth_yearly": 112.76
        },
        "20171": {
            "year_quarter": 20171,
            "year": 2017,
            "quarter": 1,
            "eps": 0.07,
            "eps_growth_year": -89.86,
            "eps_4q": 1.62,
            "eps_4q_growth_year": -1.91,
            "roe": 0.42,
            "roe_4q": 11.25,
            "gross_profit": 115439,
            "gross_margin": 44.62,
            "gross_margin_4q_avg": 45.35,
            "net_income": 4047,
            "revenue": 258703,
            "common_shares": 631434,
            "book_valuer_per_share": 15.14,
            "book_valuer_per_share_4q_avg": 14.91,
            "equity": 957308,
            "current_ratio": 482.85,
            "debt_ratio": 16.54,
            "inventory_turnover_ratio": 0.43,
            "account_receivable_turnover_ratio": 1.56,
            "reinvestment_rate": 5.2,
            "research_to_sale_ratio": 23.99,
            "price_fair": 41.83,
            "eps_avg_yearly": 1.2,
            "eps_latest_yearly": 0.28,
            "eps_growth_yearly": 87.2
        },
        "20172": {
            "year_quarter": 20172,
            "year": 2017,
            "quarter": 2,
            "eps": 0.23,
            "eps_growth_year": -74.44,
            "eps_4q": 0.97,
            "eps_4q_growth_year": -56.94,
            "roe": 1.49,
            "roe_4q": 6.5,
            "gross_profit": 119762,
            "gross_margin": 41.66,
            "gross_margin_4q_avg": 44.11,
            "net_income": 14132,
            "revenue": 287476,
            "common_shares": 631956,
            "book_valuer_per_share": 14.84,
            "book_valuer_per_share_4q_avg": 15.01,
            "equity": 938054,
            "current_ratio": 386.87,
            "debt_ratio": 20.48,
            "inventory_turnover_ratio": 0.53,
            "account_receivable_turnover_ratio": 1.76,
            "reinvestment_rate": 12.53,
            "research_to_sale_ratio": 17.66,
            "price_fair": 43.14,
            "eps_avg_yearly": 1.23,
            "eps_latest_yearly": 0.92,
            "eps_growth_yearly": 157.57
        },
        "20173": {
            "year_quarter": 20173,
            "year": 2017,
            "quarter": 3,
            "eps": 0.71,
            "eps_growth_year": 73.17,
            "eps_4q": 1.26,
            "eps_4q_growth_year": -42.32,
            "roe": 4.61,
            "roe_4q": 8.350000000000001,
            "gross_profit": 147657,
            "gross_margin": 43.59,
            "gross_margin_4q_avg": 44.35,
            "net_income": 44463,
            "revenue": 338727,
            "common_shares": 631660,
            "book_valuer_per_share": 15.59,
            "book_valuer_per_share_4q_avg": 15.18,
            "equity": 988960,
            "current_ratio": 448.12,
            "debt_ratio": 17.76,
            "inventory_turnover_ratio": 0.67,
            "account_receivable_turnover_ratio": 1.79,
            "reinvestment_rate": 12.48,
            "research_to_sale_ratio": 16.96,
            "price_fair": 47.08,
            "eps_avg_yearly": 1.35,
            "eps_latest_yearly": 2.84,
            "eps_growth_yearly": 153.5
        },
        "20174": {
            "year_quarter": 20174,
            "year": 2017,
            "quarter": 4,
            "eps": 0.44,
            "eps_growth_year": 59.62,
            "eps_4q": 1.43,
            "eps_4q_growth_year": -36.03,
            "roe": 2.77,
            "roe_4q": 9.290000000000001,
            "gross_profit": 139359,
            "gross_margin": 43.21,
            "gross_margin_4q_avg": 43.27,
            "net_income": 27748,
            "revenue": 322527,
            "common_shares": 634927,
            "book_valuer_per_share": 15.92,
            "book_valuer_per_share_4q_avg": 15.37,
            "equity": 1013997,
            "current_ratio": 414.38,
            "debt_ratio": 19.85,
            "inventory_turnover_ratio": 0.67,
            "account_receivable_turnover_ratio": 1.64,
            "reinvestment_rate": 6.23,
            "research_to_sale_ratio": 22.35,
            "price_fair": 49.88,
            "eps_avg_yearly": 1.43,
            "eps_latest_yearly": 1.76,
            "eps_growth_yearly": 157.45
        },
        "20181": {
            "year_quarter": 20181,
            "year": 2018,
            "quarter": 1,
            "eps": 0.22,
            "eps_growth_year": 214.29,
            "eps_4q": 1.58,
            "eps_4q_growth_year": -2.53,
            "roe": 1.36,
            "roe_4q": 10.23,
            "gross_profit": 110373,
            "gross_margin": 41.23,
            "gross_margin_4q_avg": 42.42,
            "net_income": 13852,
            "revenue": 267676,
            "common_shares": 638275,
            "book_valuer_per_share": 16.12,
            "book_valuer_per_share_4q_avg": 15.62,
            "equity": 1030511,
            "current_ratio": 476.11,
            "debt_ratio": 17.4,
            "inventory_turnover_ratio": 0.55,
            "account_receivable_turnover_ratio": 1.6,
            "reinvestment_rate": 2.17,
            "research_to_sale_ratio": 20.83,
            "price_fair": 50.93,
            "eps_avg_yearly": 1.46,
            "eps_latest_yearly": 0.88,
            "eps_growth_yearly": 149.12
        },
        "20182": {
            "year_quarter": 20182,
            "year": 2018,
            "quarter": 2,
            "eps": 0.79,
            "eps_growth_year": 243.48,
            "eps_4q": 2.15,
            "eps_4q_growth_year": 122.54,
            "roe": 4.91,
            "roe_4q": 13.650000000000002,
            "gross_profit": 149466,
            "gross_margin": 44.09,
            "gross_margin_4q_avg": 43.03,
            "net_income": 50291,
            "revenue": 339016,
            "common_shares": 639515,
            "book_valuer_per_share": 15.91,
            "book_valuer_per_share_4q_avg": 15.89,
            "equity": 1017500,
            "current_ratio": 344.39,
            "debt_ratio": 24.35,
            "inventory_turnover_ratio": 0.65,
            "account_receivable_turnover_ratio": 1.91,
            "reinvestment_rate": -2.04,
            "research_to_sale_ratio": 19.46,
            "price_fair": 55.74,
            "eps_avg_yearly": 1.59,
            "eps_latest_yearly": 3.16,
            "eps_growth_yearly": 178.89
        },
        "20183": {
            "year_quarter": 20183,
            "year": 2018,
            "quarter": 3,
            "eps": 1.26,
            "eps_growth_year": 77.46,
            "eps_4q": 2.71,
            "eps_4q_growth_year": 115.7,
            "roe": 7.57,
            "roe_4q": 16.61,
            "gross_profit": 179484,
            "gross_margin": 47.37,
            "gross_margin_4q_avg": 43.98,
            "net_income": 80022,
            "revenue": 378913,
            "common_shares": 634175,
            "book_valuer_per_share": 17.3,
            "book_valuer_per_share_4q_avg": 16.31,
            "equity": 1097085,
            "current_ratio": 386.36,
            "debt_ratio": 21.25,
            "inventory_turnover_ratio": 0.71,
            "account_receivable_turnover_ratio": 1.76,
            "reinvestment_rate": -4.01,
            "research_to_sale_ratio": 15.57,
            "price_fair": 63.7,
            "eps_avg_yearly": 1.82,
            "eps_latest_yearly": 5.04,
            "eps_growth_yearly": 182.31
        },
        "20184": {
            "year_quarter": 20184,
            "year": 2018,
            "quarter": 4,
            "eps": 0.52,
            "eps_growth_year": 18.03,
            "eps_4q": 2.79,
            "eps_4q_growth_year": 95.43,
            "roe": 2.94,
            "roe_4q": 16.78,
            "gross_profit": 137118,
            "gross_margin": 44.36,
            "gross_margin_4q_avg": 44.26,
            "net_income": 32812,
            "revenue": 309106,
            "common_shares": 634175,
            "book_valuer_per_share": 17.84,
            "book_valuer_per_share_4q_avg": 16.79,
            "equity": 1131462,
            "current_ratio": 396.58,
            "debt_ratio": 20.72,
            "inventory_turnover_ratio": 0.56,
            "account_receivable_turnover_ratio": 1.44,
            "reinvestment_rate": -2.04,
            "research_to_sale_ratio": 21.5,
            "price_fair": 64.93,
            "eps_avg_yearly": 1.86,
            "eps_latest_yearly": 2.08,
            "eps_growth_yearly": 165.48
        },
        "20191": {
            "year_quarter": 20191,
            "year": 2019,
            "quarter": 1,
            "eps": 0.45,
            "eps_growth_year": 104.55,
            "eps_4q": 3.02,
            "eps_4q_growth_year": 91.09,
            "roe": 2.47,
            "roe_4q": 17.89,
            "gross_profit": 121772,
            "gross_margin": 37.35,
            "gross_margin_4q_avg": 43.29,
            "net_income": 28290,
            "revenue": 326056,
            "common_shares": 634175,
            "book_valuer_per_share": 18.29,
            "book_valuer_per_share_4q_avg": 17.34,
            "equity": 1159702,
            "current_ratio": 392.72,
            "debt_ratio": 20.74,
            "inventory_turnover_ratio": 0.6,
            "account_receivable_turnover_ratio": 1.45,
            "reinvestment_rate": -2.91,
            "research_to_sale_ratio": 16.94,
            "price_fair": 66.94,
            "eps_avg_yearly": 1.91,
            "eps_latest_yearly": 1.8,
            "eps_growth_yearly": 172.64
        },
        "20192": {
            "year_quarter": 20192,
            "year": 2019,
            "quarter": 2,
            "eps": 0.25,
            "eps_growth_year": -68.35,
            "eps_4q": 2.47,
            "eps_4q_growth_year": 14.98,
            "roe": 1.4,
            "roe_4q": 14.38,
            "gross_profit": 108780,
            "gross_margin": 39.58,
            "gross_margin_4q_avg": 42.17,
            "net_income": 15655,
            "revenue": 274826,
            "common_shares": 634175,
            "book_valuer_per_share": 17.02,
            "book_valuer_per_share_4q_avg": 17.61,
            "equity": 1079331,
            "current_ratio": 291.02,
            "debt_ratio": 25.19,
            "inventory_turnover_ratio": 0.45,
            "account_receivable_turnover_ratio": 1.4,
            "reinvestment_rate": 8.41,
            "research_to_sale_ratio": 19.88,
            "price_fair": 67.64,
            "eps_avg_yearly": 1.93,
            "eps_latest_yearly": 1,
            "eps_growth_yearly": 167.21
        },
        "20193": {
            "year_quarter": 20193,
            "year": 2019,
            "quarter": 3,
            "eps": 0.36,
            "eps_growth_year": -71.43,
            "eps_4q": 1.56,
            "eps_4q_growth_year": -42.51,
            "roe": 2.11,
            "roe_4q": 8.92,
            "gross_profit": 115205,
            "gross_margin": 39.33,
            "gross_margin_4q_avg": 40.16,
            "net_income": 22847,
            "revenue": 292894,
            "common_shares": 639175,
            "book_valuer_per_share": 17.02,
            "book_valuer_per_share_4q_avg": 17.54,
            "equity": 1088000,
            "current_ratio": 380.23,
            "debt_ratio": 18.98,
            "inventory_turnover_ratio": 0.48,
            "account_receivable_turnover_ratio": 1.65,
            "reinvestment_rate": 5.61,
            "research_to_sale_ratio": 19.84,
            "price_fair": 68.25,
            "eps_avg_yearly": 1.95,
            "eps_latest_yearly": 1.44,
            "eps_growth_yearly": 160.57
        },
        "20194": {
            "year_quarter": 20194,
            "year": 2019,
            "quarter": 4,
            "eps": 0.18,
            "eps_growth_year": -65.78,
            "eps_4q": 1.22,
            "eps_4q_growth_year": -56.21,
            "roe": 1.04,
            "roe_4q": 7.02,
            "gross_profit": 109609,
            "gross_margin": 36.28,
            "gross_margin_4q_avg": 38.14,
            "net_income": 11318,
            "revenue": 302153,
            "common_shares": 639175,
            "book_valuer_per_share": 17.16,
            "book_valuer_per_share_4q_avg": 17.37,
            "equity": 1097001,
            "current_ratio": 403.41,
            "debt_ratio": 17.62,
            "inventory_turnover_ratio": 0.55,
            "account_receivable_turnover_ratio": 1.44,
            "reinvestment_rate": 5.64,
            "research_to_sale_ratio": 17.34,
            "price_fair": 67.81,
            "eps_avg_yearly": 1.94,
            "eps_latest_yearly": 0.72,
            "eps_growth_yearly": 153.24
        },
        "20201": {
            "year_quarter": 20201,
            "year": 2020,
            "quarter": 1,
            "eps": 0.26,
            "eps_growth_year": -42.22,
            "eps_4q": 1.03,
            "eps_4q_growth_year": -65.73,
            "roe": 1.49,
            "roe_4q": 6.040000000000001,
            "gross_profit": 111337,
            "gross_margin": 39.65,
            "gross_margin_4q_avg": 38.71,
            "net_income": 16292,
            "revenue": 280828,
            "common_shares": 639175,
            "book_valuer_per_share": 17.12,
            "book_valuer_per_share_4q_avg": 17.08,
            "equity": 1094405,
            "current_ratio": 380.36,
            "debt_ratio": 19.06,
            "inventory_turnover_ratio": 0.46,
            "account_receivable_turnover_ratio": 1.3,
            "reinvestment_rate": 3.8,
            "research_to_sale_ratio": 19.14,
            "price_fair": 64.05,
            "eps_avg_yearly": 1.83,
            "eps_latest_yearly": 1.04,
            "eps_growth_yearly": 114.35
        },
        "20202": {
            "year_quarter": 20202,
            "year": 2020,
            "quarter": 2,
            "eps": 0.27,
            "eps_growth_year": 8,
            "eps_4q": 1.06,
            "eps_4q_growth_year": -57.3,
            "roe": 1.54,
            "roe_4q": 6.18,
            "gross_profit": 98196,
            "gross_margin": 37.86,
            "gross_margin_4q_avg": 38.28,
            "net_income": 17010,
            "revenue": 259394,
            "common_shares": 639175,
            "book_valuer_per_share": 17.4,
            "book_valuer_per_share_4q_avg": 17.18,
            "equity": 1112232,
            "current_ratio": 346.55,
            "debt_ratio": 21.3,
            "inventory_turnover_ratio": 0.41,
            "account_receivable_turnover_ratio": 1.3,
            "reinvestment_rate": 2.81,
            "research_to_sale_ratio": 18.75,
            "price_fair": 58.54,
            "eps_avg_yearly": 1.67,
            "eps_latest_yearly": 1.08,
            "eps_growth_yearly": 107.7
        },
        "20203": {
            "year_quarter": 20203,
            "year": 2020,
            "quarter": 3,
            "eps": 0.46,
            "eps_growth_year": 27.78,
            "eps_4q": 1.14,
            "eps_4q_growth_year": -26.52,
            "roe": 2.5,
            "roe_4q": 6.57,
            "gross_profit": 135336,
            "gross_margin": 37.91,
            "gross_margin_4q_avg": 37.93,
            "net_income": 28417,
            "revenue": 356972,
            "common_shares": 655175,
            "book_valuer_per_share": 17.17,
            "book_valuer_per_share_4q_avg": 17.21,
            "equity": 1164669,
            "current_ratio": 331.26,
            "debt_ratio": 24.69,
            "inventory_turnover_ratio": 0.62,
            "account_receivable_turnover_ratio": 1.8,
            "reinvestment_rate": -1.04,
            "research_to_sale_ratio": 16.48,
            "price_fair": 58.98,
            "eps_avg_yearly": 1.69,
            "eps_latest_yearly": 1.84,
            "eps_growth_yearly": 138.91
        },
        "20204": {
            "year_quarter": 20204,
            "year": 2020,
            "quarter": 4,
            "eps": 0.77,
            "eps_growth_year": 337.08,
            "eps_4q": 1.76,
            "eps_4q_growth_year": 44.14,
            "roe": 4.96,
            "roe_4q": 10.49,
            "gross_profit": 191659,
            "gross_margin": 43.39,
            "gross_margin_4q_avg": 39.7,
            "net_income": 59469,
            "revenue": 441678,
            "common_shares": 653675,
            "book_valuer_per_share": 18.27,
            "book_valuer_per_share_4q_avg": 17.49,
            "equity": 1234238,
            "current_ratio": 328.63,
            "debt_ratio": 39.59,
            "inventory_turnover_ratio": 0.84,
            "account_receivable_turnover_ratio": 1.99,
            "reinvestment_rate": 57.04,
            "research_to_sale_ratio": 18.33,
            "price_fair": 63.35,
            "eps_avg_yearly": 1.81,
            "eps_latest_yearly": 3.08,
            "eps_growth_yearly": 164.29
        },
        "20211": {
            "year_quarter": 20211,
            "year": 2021,
            "quarter": 1,
            "eps": 1.12,
            "eps_growth_year": 330.77,
            "eps_4q": 2.62,
            "eps_4q_growth_year": 153.75,
            "roe": 5.34,
            "roe_4q": 14.34,
            "gross_profit": 208295,
            "gross_margin": 41.53,
            "gross_margin_4q_avg": 40.17,
            "net_income": 68057,
            "revenue": 501584,
            "common_shares": 653591,
            "book_valuer_per_share": 19.6,
            "book_valuer_per_share_4q_avg": 18.11,
            "equity": 1315705,
            "current_ratio": 345.11,
            "debt_ratio": 38.1,
            "inventory_turnover_ratio": 1.14,
            "account_receivable_turnover_ratio": 2.03,
            "reinvestment_rate": 45.7,
            "research_to_sale_ratio": 17.22,
            "price_fair": 72.54,
            "eps_avg_yearly": 2.07,
            "eps_latest_yearly": 4.48,
            "eps_growth_yearly": 194.17
        },
        "20212": {
            "year_quarter": 20212,
            "year": 2021,
            "quarter": 2,
            "eps": 1.68,
            "eps_growth_year": 522.22,
            "eps_4q": 3.68,
            "eps_4q_growth_year": 248.39,
            "roe": 7.12,
            "roe_4q": 19.92,
            "gross_profit": 266783,
            "gross_margin": 46.74,
            "gross_margin_4q_avg": 42.39,
            "net_income": 106375,
            "revenue": 570758,
            "common_shares": 655305,
            "book_valuer_per_share": 25.14,
            "book_valuer_per_share_4q_avg": 20.05,
            "equity": 1672865,
            "current_ratio": 288.14,
            "debt_ratio": 27.22,
            "inventory_turnover_ratio": 1.13,
            "account_receivable_turnover_ratio": 2.05,
            "reinvestment_rate": 35.64,
            "research_to_sale_ratio": 14.89,
            "price_fair": 85.23,
            "eps_avg_yearly": 2.44,
            "eps_latest_yearly": 6.72,
            "eps_growth_yearly": 149.53
        },
        "20213": {
            "year_quarter": 20213,
            "year": 2021,
            "quarter": 3,
            "eps": 3.61,
            "eps_growth_year": 684.78,
            "eps_4q": 6.75,
            "eps_4q_growth_year": 489.53,
            "roe": 14.24,
            "roe_4q": 31.66,
            "gross_profit": 466555,
            "gross_margin": 56.84,
            "gross_margin_4q_avg": 47.13,
            "net_income": 260843,
            "revenue": 820767,
            "common_shares": 736032,
            "book_valuer_per_share": 26.45,
            "book_valuer_per_share_4q_avg": 22.37,
            "equity": 1990635,
            "current_ratio": 247.16,
            "debt_ratio": 28.76,
            "inventory_turnover_ratio": 1.03,
            "account_receivable_turnover_ratio": 2.33,
            "reinvestment_rate": 31.96,
            "research_to_sale_ratio": 12.33,
            "price_fair": 110.6,
            "eps_avg_yearly": 3.16,
            "eps_latest_yearly": 14.44,
            "eps_growth_yearly": 126.08
        },
        "20214": {
            "year_quarter": 20214,
            "year": 2021,
            "quarter": 4,
            "eps": 3.13,
            "eps_growth_year": 304.62,
            "eps_4q": 9.15,
            "eps_4q_growth_year": 419.55,
            "roe": 10.64,
            "roe_4q": 37.34,
            "gross_profit": 463084,
            "gross_margin": 58.23,
            "gross_margin_4q_avg": 50.84,
            "net_income": 225321,
            "revenue": 795249,
            "common_shares": 744500,
            "book_valuer_per_share": 29.88,
            "book_valuer_per_share_4q_avg": 25.27,
            "equity": 2244335,
            "current_ratio": 263.86,
            "debt_ratio": 46.9,
            "inventory_turnover_ratio": 0.71,
            "account_receivable_turnover_ratio": 1.8,
            "reinvestment_rate": 30.01,
            "research_to_sale_ratio": 13.86,
            "price_fair": 134.14,
            "eps_avg_yearly": 3.83,
            "eps_latest_yearly": 12.52,
            "eps_growth_yearly": 132.26
        },
        "20221": {
            "year_quarter": 20221,
            "year": 2022,
            "quarter": 1,
            "eps": 3.23,
            "eps_growth_year": 188.39,
            "eps_4q": 11.44,
            "eps_4q_growth_year": 335.98,
            "roe": 9.76,
            "roe_4q": 41.76,
            "gross_profit": 393652,
            "gross_margin": 53.72,
            "gross_margin_4q_avg": 53.88,
            "net_income": 230502,
            "revenue": 732743,
            "common_shares": 747861,
            "book_valuer_per_share": 33.14,
            "book_valuer_per_share_4q_avg": 28.65,
            "equity": 2478453,
            "current_ratio": 295.47,
            "debt_ratio": 42.98,
            "inventory_turnover_ratio": 0.51,
            "account_receivable_turnover_ratio": 1.7,
            "reinvestment_rate": 26.7,
            "research_to_sale_ratio": 14.11,
            "price_fair": 160.48,
            "eps_avg_yearly": 4.59,
            "eps_latest_yearly": 12.92,
            "eps_growth_yearly": 145.56
        },
        "20222": {
            "year_quarter": 20222,
            "year": 2022,
            "quarter": 2,
            "eps": 3.2,
            "eps_growth_year": 90.48,
            "eps_4q": 13.16,
            "eps_4q_growth_year": 257.8,
            "roe": 9.22,
            "roe_4q": 43.86,
            "gross_profit": 399123,
            "gross_margin": 52.09,
            "gross_margin_4q_avg": 55.22,
            "net_income": 225636,
            "revenue": 766177,
            "common_shares": 747861,
            "book_valuer_per_share": 32.33,
            "book_valuer_per_share_4q_avg": 30.45,
            "equity": 2415325,
            "current_ratio": 244.97,
            "debt_ratio": 47.59,
            "inventory_turnover_ratio": 0.37,
            "account_receivable_turnover_ratio": 1.92,
            "reinvestment_rate": 23.73,
            "research_to_sale_ratio": 13,
            "price_fair": 181.56,
            "eps_avg_yearly": 5.19,
            "eps_latest_yearly": 12.8,
            "eps_growth_yearly": 80.55
        },
        "20223": {
            "year_quarter": 20223,
            "year": 2022,
            "quarter": 3,
            "eps": 1.29,
            "eps_growth_year": -64.27,
            "eps_4q": 10.84,
            "eps_4q_growth_year": 60.52,
            "roe": 3.44,
            "roe_4q": 33.06,
            "gross_profit": 271752,
            "gross_margin": 43.9,
            "gross_margin_4q_avg": 51.99,
            "net_income": 84611,
            "revenue": 618994,
            "common_shares": 749861,
            "book_valuer_per_share": 33.57,
            "book_valuer_per_share_4q_avg": 32.23,
            "equity": 2503300,
            "current_ratio": 346.95,
            "debt_ratio": 40.22,
            "inventory_turnover_ratio": 0.27,
            "account_receivable_turnover_ratio": 1.66,
            "reinvestment_rate": 24.6,
            "research_to_sale_ratio": 18.09,
            "price_fair": 181.83,
            "eps_avg_yearly": 5.2,
            "eps_latest_yearly": 5.16,
            "eps_growth_yearly": 50.76
        },
        "20224": {
            "year_quarter": 20224,
            "year": 2022,
            "quarter": 4,
            "eps": -0.69,
            "eps_growth_year": -122.14,
            "eps_4q": 6.89,
            "eps_4q_growth_year": -24.67,
            "roe": -2.41,
            "roe_4q": 20.009999999999998,
            "gross_profit": 17497,
            "gross_margin": 4.39,
            "gross_margin_4q_avg": 38.53,
            "net_income": -60185,
            "revenue": 398217,
            "common_shares": 750263,
            "book_valuer_per_share": 32.94,
            "book_valuer_per_share_4q_avg": 33,
            "equity": 2483039,
            "current_ratio": 185.12,
            "debt_ratio": 40.22,
            "inventory_turnover_ratio": 0.27,
            "account_receivable_turnover_ratio": 1.53,
            "reinvestment_rate": 26.99,
            "research_to_sale_ratio": 26.7,
            "price_fair": 189.09,
            "eps_avg_yearly": 5.4,
            "eps_latest_yearly": 5.16,
            "eps_growth_yearly": 69.8
        },
        "20231": {
            "year_quarter": 20231,
            "year": 2023,
            "quarter": 1,
            "eps": 0.22,
            "eps_growth_year": -93.19,
            "eps_4q": 3.94,
            "eps_4q_growth_year": -65.54,
            "roe": 1.53,
            "roe_4q": 11.780000000000001,
            "gross_profit": 180533,
            "gross_margin": 30.91,
            "gross_margin_4q_avg": 32.82,
            "net_income": 38221,
            "revenue": 583991,
            "common_shares": 750897,
            "book_valuer_per_share": 33.17,
            "book_valuer_per_share_4q_avg": 33,
            "equity": 2522125,
            "current_ratio": 210.46,
            "debt_ratio": 34.55,
            "inventory_turnover_ratio": 0.31,
            "account_receivable_turnover_ratio": 2.32,
            "reinvestment_rate": 26.65,
            "research_to_sale_ratio": 14.58,
            "price_fair": 198.1,
            "eps_avg_yearly": 5.66,
            "eps_latest_yearly": 5.16,
            "eps_growth_yearly": 78.64
        }
    },
    "months": {
        "2003-12": {
            "month": "2003-12",
            "price": "66.24",
            "revenue": 100334
        },
        "2004-01": {
            "month": "2004-01",
            "price": "64.24",
            "revenue": 122468
        },
        "2004-02": {
            "month": "2004-02",
            "price": "76.82",
            "revenue": 145145
        },
        "2004-03": {
            "month": "2004-03",
            "price": "82.64",
            "revenue": 147479
        },
        "2004-04": {
            "month": "2004-04",
            "price": "82.05",
            "revenue": 152687
        },
        "2004-05": {
            "month": "2004-05",
            "price": "68.05",
            "revenue": 170583
        },
        "2004-06": {
            "month": "2004-06",
            "price": "60.64",
            "revenue": 196714
        },
        "2004-07": {
            "month": "2004-07",
            "price": "44.32",
            "revenue": 205961
        },
        "2004-08": {
            "month": "2004-08",
            "price": "27.87",
            "revenue": 164768
        },
        "2004-09": {
            "month": "2004-09",
            "price": "28.73",
            "revenue": 132973
        },
        "2004-10": {
            "month": "2004-10",
            "price": "32.58",
            "revenue": 108849
        },
        "2004-11": {
            "month": "2004-11",
            "price": "29.91",
            "revenue": 119595
        },
        "2004-12": {
            "month": "2004-12",
            "price": "30.19",
            "revenue": 128760
        },
        "2005-01": {
            "month": "2005-01",
            "price": "24.68",
            "revenue": 101514
        },
        "2005-02": {
            "month": "2005-02",
            "price": "27.45",
            "revenue": 111465
        },
        "2005-03": {
            "month": "2005-03",
            "price": "30.10",
            "revenue": 125798
        },
        "2005-04": {
            "month": "2005-04",
            "price": "29.79",
            "revenue": 130150
        },
        "2005-05": {
            "month": "2005-05",
            "price": "26.01",
            "revenue": 104077
        },
        "2005-06": {
            "month": "2005-06",
            "price": "23.54",
            "revenue": 93874
        },
        "2005-07": {
            "month": "2005-07",
            "price": "18.59",
            "revenue": 106691
        },
        "2005-08": {
            "month": "2005-08",
            "price": "16.45",
            "revenue": 119174
        },
        "2005-09": {
            "month": "2005-09",
            "price": "16.43",
            "revenue": 183697
        },
        "2005-10": {
            "month": "2005-10",
            "price": "15.80",
            "revenue": 131826
        },
        "2005-11": {
            "month": "2005-11",
            "price": "13.58",
            "revenue": 151567
        },
        "2005-12": {
            "month": "2005-12",
            "price": "15.75",
            "revenue": 138479
        },
        "2006-01": {
            "month": "2006-01",
            "price": "16.83",
            "revenue": 116076
        },
        "2006-02": {
            "month": "2006-02",
            "price": "16.38",
            "revenue": 98664
        },
        "2006-03": {
            "month": "2006-03",
            "price": "15.40",
            "revenue": 154976
        },
        "2006-04": {
            "month": "2006-04",
            "price": "13.87",
            "revenue": 125199
        },
        "2006-05": {
            "month": "2006-05",
            "price": "13.63",
            "revenue": 97807
        },
        "2006-06": {
            "month": "2006-06",
            "price": "12.58",
            "revenue": 85294
        },
        "2006-07": {
            "month": "2006-07",
            "price": "11.31",
            "revenue": 66914
        },
        "2006-08": {
            "month": "2006-08",
            "price": "8.95",
            "revenue": 59484
        },
        "2006-09": {
            "month": "2006-09",
            "price": "7.56",
            "revenue": 67985
        },
        "2006-10": {
            "month": "2006-10",
            "price": "7.91",
            "revenue": 65815
        },
        "2006-11": {
            "month": "2006-11",
            "price": "9.37",
            "revenue": 67483
        },
        "2006-12": {
            "month": "2006-12",
            "price": "10.57",
            "revenue": 55210
        },
        "2007-01": {
            "month": "2007-01",
            "price": "9.90",
            "revenue": 55910
        },
        "2007-02": {
            "month": "2007-02",
            "price": "9.16",
            "revenue": 30649
        },
        "2007-03": {
            "month": "2007-03",
            "price": "8.51",
            "revenue": 50856
        },
        "2007-04": {
            "month": "2007-04",
            "price": "9.14",
            "revenue": 65945
        },
        "2007-05": {
            "month": "2007-05",
            "price": "8.80",
            "revenue": 53429
        },
        "2007-06": {
            "month": "2007-06",
            "price": "11.57",
            "revenue": 53109
        },
        "2007-07": {
            "month": "2007-07",
            "price": "17.80",
            "revenue": 52865
        },
        "2007-08": {
            "month": "2007-08",
            "price": "15.84",
            "revenue": 50180
        },
        "2007-09": {
            "month": "2007-09",
            "price": "12.28",
            "revenue": 54455
        },
        "2007-10": {
            "month": "2007-10",
            "price": "11.13",
            "revenue": 52717
        },
        "2007-11": {
            "month": "2007-11",
            "price": "8.67",
            "revenue": 72691
        },
        "2007-12": {
            "month": "2007-12",
            "price": "8.04",
            "revenue": 60375
        },
        "2008-01": {
            "month": "2008-01",
            "price": "7.82",
            "revenue": 46059
        },
        "2008-02": {
            "month": "2008-02",
            "price": "6.99",
            "revenue": 29537
        },
        "2008-03": {
            "month": "2008-03",
            "price": "6.48",
            "revenue": 52906
        },
        "2008-04": {
            "month": "2008-04",
            "price": "5.80",
            "revenue": 40980
        },
        "2008-05": {
            "month": "2008-05",
            "price": "5.58",
            "revenue": 44856
        },
        "2008-06": {
            "month": "2008-06",
            "price": "6.31",
            "revenue": 30473
        },
        "2008-07": {
            "month": "2008-07",
            "price": "5.17",
            "revenue": 39543
        },
        "2008-08": {
            "month": "2008-08",
            "price": "4.43",
            "revenue": 54462
        },
        "2008-09": {
            "month": "2008-09",
            "price": "4.28",
            "revenue": 65265
        },
        "2008-10": {
            "month": "2008-10",
            "price": "4.10",
            "revenue": 55269
        },
        "2008-11": {
            "month": "2008-11",
            "price": "3.23",
            "revenue": 42413
        },
        "2008-12": {
            "month": "2008-12",
            "price": "1.73",
            "revenue": 31063
        },
        "2009-01": {
            "month": "2009-01",
            "price": "1.83",
            "revenue": 32310
        },
        "2009-02": {
            "month": "2009-02",
            "price": "2.73",
            "revenue": 42701
        },
        "2009-03": {
            "month": "2009-03",
            "price": "5.28",
            "revenue": 60230
        },
        "2009-04": {
            "month": "2009-04",
            "price": "5.03",
            "revenue": 46500
        },
        "2009-05": {
            "month": "2009-05",
            "price": "5.48",
            "revenue": 56305
        },
        "2009-06": {
            "month": "2009-06",
            "price": "5.52",
            "revenue": 32058
        },
        "2009-07": {
            "month": "2009-07",
            "price": "5.03",
            "revenue": 55298
        },
        "2009-08": {
            "month": "2009-08",
            "price": "6.00",
            "revenue": 52685
        },
        "2009-09": {
            "month": "2009-09",
            "price": "8.97",
            "revenue": 70342
        },
        "2009-10": {
            "month": "2009-10",
            "price": "12.14",
            "revenue": 51246
        },
        "2009-11": {
            "month": "2009-11",
            "price": "14.59",
            "revenue": 58042
        },
        "2009-12": {
            "month": "2009-12",
            "price": "13.63",
            "revenue": 45414
        },
        "2010-01": {
            "month": "2010-01",
            "price": "17.08",
            "revenue": 62508
        },
        "2010-02": {
            "month": "2010-02",
            "price": "16.13",
            "revenue": 42195
        },
        "2010-03": {
            "month": "2010-03",
            "price": "15.28",
            "revenue": 53352
        },
        "2010-04": {
            "month": "2010-04",
            "price": "13.97",
            "revenue": 57891
        },
        "2010-05": {
            "month": "2010-05",
            "price": "12.86",
            "revenue": 63074
        },
        "2010-06": {
            "month": "2010-06",
            "price": "12.58",
            "revenue": 66252
        },
        "2010-07": {
            "month": "2010-07",
            "price": "12.97",
            "revenue": 61615
        },
        "2010-08": {
            "month": "2010-08",
            "price": "12.52",
            "revenue": 60160
        },
        "2010-09": {
            "month": "2010-09",
            "price": "11.31",
            "revenue": 63115
        },
        "2010-10": {
            "month": "2010-10",
            "price": "13.66",
            "revenue": 59500
        },
        "2010-11": {
            "month": "2010-11",
            "price": "12.99",
            "revenue": 57550
        },
        "2010-12": {
            "month": "2010-12",
            "price": "16.11",
            "revenue": 59846
        },
        "2011-01": {
            "month": "2011-01",
            "price": "16.52",
            "revenue": 55089
        },
        "2011-02": {
            "month": "2011-02",
            "price": "17.58",
            "revenue": 38520
        },
        "2011-03": {
            "month": "2011-03",
            "price": "17.12",
            "revenue": 58899
        },
        "2011-04": {
            "month": "2011-04",
            "price": "15.66",
            "revenue": 64569
        },
        "2011-05": {
            "month": "2011-05",
            "price": "14.93",
            "revenue": 74176
        },
        "2011-06": {
            "month": "2011-06",
            "price": "14.40",
            "revenue": 70541
        },
        "2011-07": {
            "month": "2011-07",
            "price": "13.67",
            "revenue": 69165
        },
        "2011-08": {
            "month": "2011-08",
            "price": "10.49",
            "revenue": 79692
        },
        "2011-09": {
            "month": "2011-09",
            "price": "9.25",
            "revenue": 132715
        },
        "2011-10": {
            "month": "2011-10",
            "price": "11.50",
            "revenue": 91999
        },
        "2011-11": {
            "month": "2011-11",
            "price": "10.37",
            "revenue": 58411
        },
        "2011-12": {
            "month": "2011-12",
            "price": "7.82",
            "revenue": 54534
        },
        "2012-01": {
            "month": "2012-01",
            "price": "7.16",
            "revenue": 54181
        },
        "2012-02": {
            "month": "2012-02",
            "price": "7.27",
            "revenue": 48835
        },
        "2012-03": {
            "month": "2012-03",
            "price": "8.51",
            "revenue": 64396
        },
        "2012-04": {
            "month": "2012-04",
            "price": "7.73",
            "revenue": 70359
        },
        "2012-05": {
            "month": "2012-05",
            "price": "7.78",
            "revenue": 70170
        },
        "2012-06": {
            "month": "2012-06",
            "price": "7.07",
            "revenue": 77733
        },
        "2012-07": {
            "month": "2012-07",
            "price": "7.02",
            "revenue": 76581
        },
        "2012-08": {
            "month": "2012-08",
            "price": "7.08",
            "revenue": 82866
        },
        "2012-09": {
            "month": "2012-09",
            "price": "6.99",
            "revenue": 94874
        },
        "2012-10": {
            "month": "2012-10",
            "price": "6.79",
            "revenue": 73574
        },
        "2012-11": {
            "month": "2012-11",
            "price": "6.61",
            "revenue": 77875
        },
        "2012-12": {
            "month": "2012-12",
            "price": "7.05",
            "revenue": 79664
        },
        "2013-01": {
            "month": "2013-01",
            "price": "7.68",
            "revenue": 80339
        },
        "2013-02": {
            "month": "2013-02",
            "price": "9.41",
            "revenue": 52638
        },
        "2013-03": {
            "month": "2013-03",
            "price": "10.96",
            "revenue": 77581
        },
        "2013-04": {
            "month": "2013-04",
            "price": "12.31",
            "revenue": 81847
        },
        "2013-05": {
            "month": "2013-05",
            "price": "13.11",
            "revenue": 70640
        },
        "2013-06": {
            "month": "2013-06",
            "price": "12.77",
            "revenue": 70221
        },
        "2013-07": {
            "month": "2013-07",
            "price": "11.19",
            "revenue": 74870
        },
        "2013-08": {
            "month": "2013-08",
            "price": "10.64",
            "revenue": 87728
        },
        "2013-09": {
            "month": "2013-09",
            "price": "10.62",
            "revenue": 90509
        },
        "2013-10": {
            "month": "2013-10",
            "price": "12.93",
            "revenue": 72936
        },
        "2013-11": {
            "month": "2013-11",
            "price": "12.37",
            "revenue": 70510
        },
        "2013-12": {
            "month": "2013-12",
            "price": "13.14",
            "revenue": 74308
        },
        "2014-01": {
            "month": "2014-01",
            "price": "13.84",
            "revenue": 67210
        },
        "2014-02": {
            "month": "2014-02",
            "price": "14.77",
            "revenue": 62079
        },
        "2014-03": {
            "month": "2014-03",
            "price": "19.80",
            "revenue": 87931
        },
        "2014-04": {
            "month": "2014-04",
            "price": "23.10",
            "revenue": 90189
        },
        "2014-05": {
            "month": "2014-05",
            "price": "21.37",
            "revenue": 91156
        },
        "2014-06": {
            "month": "2014-06",
            "price": "22.97",
            "revenue": 85691
        },
        "2014-07": {
            "month": "2014-07",
            "price": "22.15",
            "revenue": 102470
        },
        "2014-08": {
            "month": "2014-08",
            "price": "23.24",
            "revenue": 90852
        },
        "2014-09": {
            "month": "2014-09",
            "price": "22.83",
            "revenue": 79114
        },
        "2014-10": {
            "month": "2014-10",
            "price": "17.62",
            "revenue": 88336
        },
        "2014-11": {
            "month": "2014-11",
            "price": "16.36",
            "revenue": 82862
        },
        "2014-12": {
            "month": "2014-12",
            "price": "19.16",
            "revenue": 77963
        },
        "2015-01": {
            "month": "2015-01",
            "price": "19.72",
            "revenue": 99720
        },
        "2015-02": {
            "month": "2015-02",
            "price": "19.80",
            "revenue": 52760
        },
        "2015-03": {
            "month": "2015-03",
            "price": "22.84",
            "revenue": 87636
        },
        "2015-04": {
            "month": "2015-04",
            "price": "25.05",
            "revenue": 79802
        },
        "2015-05": {
            "month": "2015-05",
            "price": "20.44",
            "revenue": 90049
        },
        "2015-06": {
            "month": "2015-06",
            "price": "19.43",
            "revenue": 94473
        },
        "2015-07": {
            "month": "2015-07",
            "price": "21.68",
            "revenue": 109181
        },
        "2015-08": {
            "month": "2015-08",
            "price": "18.83",
            "revenue": 91378
        },
        "2015-09": {
            "month": "2015-09",
            "price": "17.97",
            "revenue": 94957
        },
        "2015-10": {
            "month": "2015-10",
            "price": "19.60",
            "revenue": 97917
        },
        "2015-11": {
            "month": "2015-11",
            "price": "18.78",
            "revenue": 97582
        },
        "2015-12": {
            "month": "2015-12",
            "price": "20.31",
            "revenue": 96498
        },
        "2016-01": {
            "month": "2016-01",
            "price": "24.74",
            "revenue": 117334
        },
        "2016-02": {
            "month": "2016-02",
            "price": "28.43",
            "revenue": 61032
        },
        "2016-03": {
            "month": "2016-03",
            "price": "34.49",
            "revenue": 128879
        },
        "2016-04": {
            "month": "2016-04",
            "price": "41.07",
            "revenue": 108051
        },
        "2016-05": {
            "month": "2016-05",
            "price": "42.38",
            "revenue": 125789
        },
        "2016-06": {
            "month": "2016-06",
            "price": "52.80",
            "revenue": 118457
        },
        "2016-07": {
            "month": "2016-07",
            "price": "50.66",
            "revenue": 99672
        },
        "2016-08": {
            "month": "2016-08",
            "price": "47.57",
            "revenue": 101769
        },
        "2016-09": {
            "month": "2016-09",
            "price": "44.67",
            "revenue": 106021
        },
        "2016-10": {
            "month": "2016-10",
            "price": "39.90",
            "revenue": 92130
        },
        "2016-11": {
            "month": "2016-11",
            "price": "34.04",
            "revenue": 96574
        },
        "2016-12": {
            "month": "2016-12",
            "price": "36.40",
            "revenue": 96183
        },
        "2017-01": {
            "month": "2017-01",
            "price": "39.37",
            "revenue": 95827
        },
        "2017-02": {
            "month": "2017-02",
            "price": "39.18",
            "revenue": 72921
        },
        "2017-03": {
            "month": "2017-03",
            "price": "36.65",
            "revenue": 90057
        },
        "2017-04": {
            "month": "2017-04",
            "price": "34.20",
            "revenue": 96010
        },
        "2017-05": {
            "month": "2017-05",
            "price": "34.08",
            "revenue": 98744
        },
        "2017-06": {
            "month": "2017-06",
            "price": "35.22",
            "revenue": 92605
        },
        "2017-07": {
            "month": "2017-07",
            "price": "32.99",
            "revenue": 103262
        },
        "2017-08": {
            "month": "2017-08",
            "price": "31.84",
            "revenue": 111274
        },
        "2017-09": {
            "month": "2017-09",
            "price": "33.76",
            "revenue": 124206
        },
        "2017-10": {
            "month": "2017-10",
            "price": "38.76",
            "revenue": 106327
        },
        "2017-11": {
            "month": "2017-11",
            "price": "40.42",
            "revenue": 121356
        },
        "2017-12": {
            "month": "2017-12",
            "price": "40.83",
            "revenue": 94843
        },
        "2018-01": {
            "month": "2018-01",
            "price": "38.45",
            "revenue": 119034
        },
        "2018-02": {
            "month": "2018-02",
            "price": "37.55",
            "revenue": 59875
        },
        "2018-03": {
            "month": "2018-03",
            "price": "34.90",
            "revenue": 88767
        },
        "2018-04": {
            "month": "2018-04",
            "price": "31.42",
            "revenue": 100921
        },
        "2018-05": {
            "month": "2018-05",
            "price": "31.06",
            "revenue": 117209
        },
        "2018-06": {
            "month": "2018-06",
            "price": "35.08",
            "revenue": 120886
        },
        "2018-07": {
            "month": "2018-07",
            "price": "35.61",
            "revenue": 119960
        },
        "2018-08": {
            "month": "2018-08",
            "price": "37.91",
            "revenue": 121240
        },
        "2018-09": {
            "month": "2018-09",
            "price": "36.89",
            "revenue": 137713
        },
        "2018-10": {
            "month": "2018-10",
            "price": "35.22",
            "revenue": 107224
        },
        "2018-11": {
            "month": "2018-11",
            "price": "36.78",
            "revenue": 91686
        },
        "2018-12": {
            "month": "2018-12",
            "price": "36.12",
            "revenue": 110196
        },
        "2019-01": {
            "month": "2019-01",
            "price": "36.13",
            "revenue": 125795
        },
        "2019-02": {
            "month": "2019-02",
            "price": "39.38",
            "revenue": 93583
        },
        "2019-03": {
            "month": "2019-03",
            "price": "43.32",
            "revenue": 106678
        },
        "2019-04": {
            "month": "2019-04",
            "price": "43.36",
            "revenue": 87695
        },
        "2019-05": {
            "month": "2019-05",
            "price": "37.03",
            "revenue": 97845
        },
        "2019-06": {
            "month": "2019-06",
            "price": "33.87",
            "revenue": 89286
        },
        "2019-07": {
            "month": "2019-07",
            "price": "34.46",
            "revenue": 84332
        },
        "2019-08": {
            "month": "2019-08",
            "price": "31.22",
            "revenue": 95661
        },
        "2019-09": {
            "month": "2019-09",
            "price": "33.93",
            "revenue": 112901
        },
        "2019-10": {
            "month": "2019-10",
            "price": "31.61",
            "revenue": 86250
        },
        "2019-11": {
            "month": "2019-11",
            "price": "30.21",
            "revenue": 101101
        },
        "2019-12": {
            "month": "2019-12",
            "price": "30.19",
            "revenue": 114802
        },
        "2020-01": {
            "month": "2020-01",
            "price": "29.38",
            "revenue": 69774
        },
        "2020-02": {
            "month": "2020-02",
            "price": "25.77",
            "revenue": 80560
        },
        "2020-03": {
            "month": "2020-03",
            "price": "20.50",
            "revenue": 130494
        },
        "2020-04": {
            "month": "2020-04",
            "price": "21.00",
            "revenue": 74021
        },
        "2020-05": {
            "month": "2020-05",
            "price": "22.34",
            "revenue": 89770
        },
        "2020-06": {
            "month": "2020-06",
            "price": "23.66",
            "revenue": 95603
        },
        "2020-07": {
            "month": "2020-07",
            "price": "25.10",
            "revenue": 100678
        },
        "2020-08": {
            "month": "2020-08",
            "price": "25.91",
            "revenue": 117896
        },
        "2020-09": {
            "month": "2020-09",
            "price": "29.12",
            "revenue": 138399
        },
        "2020-10": {
            "month": "2020-10",
            "price": "29.02",
            "revenue": 131628
        },
        "2020-11": {
            "month": "2020-11",
            "price": "34.36",
            "revenue": 157786
        },
        "2020-12": {
            "month": "2020-12",
            "price": "41.58",
            "revenue": 152263
        },
        "2021-01": {
            "month": "2021-01",
            "price": "41.35",
            "revenue": 159469
        },
        "2021-02": {
            "month": "2021-02",
            "price": "46.88",
            "revenue": 157571
        },
        "2021-03": {
            "month": "2021-03",
            "price": "61.30",
            "revenue": 184544
        },
        "2021-04": {
            "month": "2021-04",
            "price": "71.77",
            "revenue": 186991
        },
        "2021-05": {
            "month": "2021-05",
            "price": "58.08",
            "revenue": 190264
        },
        "2021-06": {
            "month": "2021-06",
            "price": "96.03",
            "revenue": 193503
        },
        "2021-07": {
            "month": "2021-07",
            "price": "153.18",
            "revenue": 266583
        },
        "2021-08": {
            "month": "2021-08",
            "price": "148.02",
            "revenue": 264275
        },
        "2021-09": {
            "month": "2021-09",
            "price": "164.82",
            "revenue": 289909
        },
        "2021-10": {
            "month": "2021-10",
            "price": "173.60",
            "revenue": 274366
        },
        "2021-11": {
            "month": "2021-11",
            "price": "241.68",
            "revenue": 271692
        },
        "2021-12": {
            "month": "2021-12",
            "price": "258.20",
            "revenue": 249190
        },
        "2022-01": {
            "month": "2022-01",
            "price": "213.75",
            "revenue": 260389
        },
        "2022-02": {
            "month": "2022-02",
            "price": "194.47",
            "revenue": 223098
        },
        "2022-03": {
            "month": "2022-03",
            "price": "176.54",
            "revenue": 249256
        },
        "2022-04": {
            "month": "2022-04",
            "price": "153.03",
            "revenue": 250985
        },
        "2022-05": {
            "month": "2022-05",
            "price": "159.76",
            "revenue": 258928
        },
        "2022-06": {
            "month": "2022-06",
            "price": "154.93",
            "revenue": 256273
        },
        "2022-07": {
            "month": "2022-07",
            "price": "120.55",
            "revenue": 228353
        },
        "2022-08": {
            "month": "2022-08",
            "price": "123.65",
            "revenue": 208757
        },
        "2022-09": {
            "month": "2022-09",
            "price": "107.13",
            "revenue": 181876
        },
        "2022-10": {
            "month": "2022-10",
            "price": "81.00",
            "revenue": 104036
        },
        "2022-11": {
            "month": "2022-11",
            "price": "87.56",
            "revenue": 103955
        },
        "2022-12": {
            "month": "2022-12",
            "price": "84.67",
            "revenue": 190224
        },
        "2023-01": {
            "month": "2023-01",
            "price": "88.40",
            "revenue": 191433
        },
        "2023-02": {
            "month": "2023-02",
            "price": "106.33",
            "revenue": 179850
        },
        "2023-03": {
            "month": "2023-03",
            "price": "110.57",
            "revenue": 212708
        },
        "2023-04": {
            "month": "2023-04",
            "price": "104.15",
            "revenue": 125697
        },
        "2023-05": {
            "month": "2023-05",
            "price": "100.43",
            "revenue": 132418
        }
    }
}
