{
    "summary": {
        "stock_name": "新揚科",
        "stock_id": "3144",
        "category": "電子零組件",
        "main_business": "電子零組件<br>合成樹脂及塑膠<br>國際貿易業",
        "website_url": "http://www.thinflex.com.tw",
        "ceo": "吳介宏",
        "pe_ratio": 17,
        "report_year_from": 2001,
        "report_year_to": 2021,
        "age": 22,
        "eps_negative_percentage": 21,
        "eps_growth_avg": {
            "last_all": -6.62,
            "last_2y": 6.84,
            "last_4y": 14.52,
            "last_8y": 5.02,
            "last_12y": 8.32,
            "last_16y": -6.62,
            "last_20y": null,
            "at_2006_last_3y": null,
            "at_2007_last_3y": -61.41,
            "at_2008_last_3y": -61.41,
            "at_2009_last_3y": -87.07,
            "at_2010_last_3y": -100,
            "at_2011_last_3y": -29.58,
            "at_2012_last_3y": 23.21,
            "at_2013_last_3y": 24,
            "at_2014_last_3y": 19.02,
            "at_2015_last_3y": 14.78,
            "at_2016_last_3y": -6.86,
            "at_2017_last_3y": 1.06,
            "at_2018_last_3y": -1.26,
            "at_2019_last_3y": 6.72,
            "at_2020_last_3y": 29.36,
            "at_2021_last_3y": 3.83,
            "at_2022_last_3y": 3.83,
            "at_2023_last_3y": 3.83,
            "at_2006_last_all": -42.11,
            "at_2007_last_all": -61.41,
            "at_2008_last_all": -61.41,
            "at_2009_last_all": -61.41,
            "at_2010_last_all": -61.41,
            "at_2011_last_all": -53.45,
            "at_2012_last_all": -27.56,
            "at_2013_last_all": -18.7,
            "at_2014_last_all": -15.45,
            "at_2015_last_all": -19.33,
            "at_2016_last_all": -18.36,
            "at_2017_last_all": -10.8,
            "at_2018_last_all": -10.29,
            "at_2019_last_all": -10.65,
            "at_2020_last_all": -3.68,
            "at_2021_last_all": -6.62,
            "at_2022_last_all": -6.62,
            "at_2023_last_all": -6.62
        },
        "latest_eps": 2.3,
        "latest_price": 38.2,
        "latest_roe": 14.36,
        "latest_gross_margin": 12.47,
        "latest_equity": 1653751,
        "latest_revenue": 673909,
        "latest_gross_profit": 84040,
        "latest_net_income": 23056,
        "latest_debt_ratio": 59.8,
        "latest_current_ratio": 186.35,
        "latest_account_receivable_turnover_ratio": 0.42,
        "latest_inventory_turnover_ratio": 0.9,
        "latest_reinvestment_rate": 51.15,
        "latest_research_to_sale_ratio": 2.61
    },
    "eps_dividends": {
        "2001": {
            "cash": 0,
            "stock": 0,
            "eps": 0
        },
        "2002": {
            "cash": 0,
            "stock": 0,
            "eps": 0
        },
        "2003": {
            "cash": 0,
            "stock": 0,
            "eps": -0.21
        },
        "2004": {
            "cash": 0,
            "stock": 0,
            "eps": 2.58
        },
        "2005": {
            "cash": 0,
            "stock": 1,
            "eps": 2.32
        },
        "2006": {
            "cash": 1,
            "stock": 0,
            "eps": 0.6
        },
        "2007": {
            "cash": 0,
            "stock": 1,
            "eps": -5.15
        },
        "2008": {
            "cash": 0,
            "stock": 0,
            "eps": -6.49
        },
        "2009": {
            "cash": 0,
            "stock": 0,
            "eps": -1.21
        },
        "2010": {
            "cash": 0,
            "stock": 0,
            "eps": 1.42
        },
        "2011": {
            "cash": 0,
            "stock": 0,
            "eps": 1
        },
        "2012": {
            "cash": 0,
            "stock": 0,
            "eps": 1.76
        },
        "2013": {
            "cash": 0,
            "stock": 1,
            "eps": 2.21
        },
        "2014": {
            "cash": 2,
            "stock": 0,
            "eps": 2.3
        },
        "2015": {
            "cash": 2,
            "stock": 0,
            "eps": 1.23
        },
        "2016": {
            "cash": 1,
            "stock": 0,
            "eps": 1.1
        },
        "2017": {
            "cash": 1,
            "stock": 0,
            "eps": 1.73
        },
        "2018": {
            "cash": 1,
            "stock": 0,
            "eps": 1.64
        },
        "2019": {
            "cash": 1,
            "stock": 0,
            "eps": 1.4
        },
        "2020": {
            "cash": 1,
            "stock": 0,
            "eps": 2.52
        },
        "2021": {
            "cash": 2,
            "stock": 0,
            "eps": 1.39
        }
    },
    "dividends": {
        "2005-03-25": {
            "cash": 0,
            "stock": 0.7
        },
        "2006-03-15": {
            "cash": 0.98,
            "stock": 0.2
        },
        "2007-04-25": {
            "cash": 0,
            "stock": 0.59
        },
        "2013-05-14": {
            "cash": 0.15,
            "stock": 0.85
        },
        "2014-05-14": {
            "cash": 1.5,
            "stock": 0
        },
        "2015-08-11": {
            "cash": 1.5,
            "stock": 0
        },
        "2016-07-28": {
            "cash": 0.8,
            "stock": 0
        },
        "2017-07-28": {
            "cash": 0.7,
            "stock": 0
        },
        "2018-08-10": {
            "cash": 1.1,
            "stock": 0
        },
        "2019-09-26": {
            "cash": 1,
            "stock": 0
        },
        "2020-09-25": {
            "cash": 0.9,
            "stock": 0
        },
        "2021-09-30": {
            "cash": 1.6,
            "stock": 0
        }
    },
    "prices": {
        "200101": "無",
        "200102": "無",
        "200103": "無",
        "200104": "無",
        "200105": "無",
        "200106": "無",
        "200107": "無",
        "200108": "無",
        "200109": "無",
        "200110": "無",
        "200111": "無",
        "200112": "無",
        "200201": "無",
        "200202": "無",
        "200203": "無",
        "200204": "無",
        "200205": "無",
        "200206": "無",
        "200207": "無",
        "200208": "無",
        "200209": "無",
        "200210": "無",
        "200211": "無",
        "200212": "無",
        "200301": "無",
        "200302": "無",
        "200303": "無",
        "200304": "無",
        "200305": "無",
        "200306": "無",
        "200307": "無",
        "200308": "無",
        "200309": "無",
        "200310": "無",
        "200311": "無",
        "200312": "20.11",
        "200401": "33.36",
        "200402": "39.54",
        "200403": "39.91",
        "200404": "39.25",
        "200405": "35.48",
        "200406": "36.28",
        "200407": "32.18",
        "200408": "28.24",
        "200409": "29.12",
        "200410": "28.13",
        "200411": "27.40",
        "200412": "22.90",
        "200501": "20.93",
        "200502": "23.44",
        "200503": "26.82",
        "200504": "22.65",
        "200505": "19.82",
        "200506": "21.34",
        "200507": "23.29",
        "200508": "21.48",
        "200509": "20.33",
        "200510": "23.30",
        "200511": "23.17",
        "200512": "21.88",
        "200601": "24.22",
        "200602": "25.63",
        "200603": "24.30",
        "200604": "26.96",
        "200605": "25.38",
        "200606": "21.80",
        "200607": "20.72",
        "200608": "20.06",
        "200609": "20.46",
        "200610": "24.62",
        "200611": "23.44",
        "200612": "23.54",
        "200701": "21.70",
        "200702": "20.72",
        "200703": "21.54",
        "200704": "21.71",
        "200705": "20.72",
        "200706": "22.34",
        "200707": "22.96",
        "200708": "21.75",
        "200709": "20.29",
        "200710": "19.67",
        "200711": "14.67",
        "200712": "14.35",
        "200801": "14.59",
        "200802": "13.19",
        "200803": "12.90",
        "200804": "13.52",
        "200805": "13.01",
        "200806": "6.99",
        "200807": "4.41",
        "200808": "無",
        "200809": "無",
        "200810": "無",
        "200811": "無",
        "200812": "無",
        "200901": "無",
        "200902": "無",
        "200903": "1.68",
        "200904": "1.73",
        "200905": "2.00",
        "200906": "2.66",
        "200907": "3.36",
        "200908": "3.43",
        "200909": "8.33",
        "200910": "12.00",
        "200911": "13.39",
        "200912": "13.99",
        "201001": "15.98",
        "201002": "14.44",
        "201003": "14.84",
        "201004": "16.48",
        "201005": "12.92",
        "201006": "13.17",
        "201007": "11.87",
        "201008": "11.03",
        "201009": "11.32",
        "201010": "12.09",
        "201011": "14.73",
        "201012": "16.80",
        "201101": "16.38",
        "201102": "16.08",
        "201103": "15.84",
        "201104": "15.47",
        "201105": "15.03",
        "201106": "14.46",
        "201107": "13.79",
        "201108": "14.14",
        "201109": "14.00",
        "201110": "14.54",
        "201111": "14.08",
        "201112": "12.75",
        "201201": "12.34",
        "201202": "13.15",
        "201203": "13.60",
        "201204": "12.86",
        "201205": "12.98",
        "201206": "12.56",
        "201207": "12.34",
        "201208": "12.13",
        "201209": "21.75",
        "201210": "21.30",
        "201211": "21.93",
        "201212": "24.42",
        "201301": "22.72",
        "201302": "22.68",
        "201303": "24.21",
        "201304": "27.74",
        "201305": "26.26",
        "201306": "26.75",
        "201307": "25.24",
        "201308": "26.51",
        "201309": "26.58",
        "201310": "25.99",
        "201311": "25.34",
        "201312": "24.88",
        "201401": "25.42",
        "201402": "26.00",
        "201403": "25.64",
        "201404": "25.21",
        "201405": "27.23",
        "201406": "27.08",
        "201407": "27.22",
        "201408": "30.24",
        "201409": "30.84",
        "201410": "29.46",
        "201411": "26.97",
        "201412": "26.70",
        "201501": "27.30",
        "201502": "26.68",
        "201503": "26.63",
        "201504": "25.59",
        "201505": "24.88",
        "201506": "23.27",
        "201507": "20.63",
        "201508": "15.34",
        "201509": "15.23",
        "201510": "16.75",
        "201511": "16.16",
        "201512": "15.10",
        "201601": "14.30",
        "201602": "15.10",
        "201603": "16.38",
        "201604": "15.22",
        "201605": "14.43",
        "201606": "14.35",
        "201607": "14.32",
        "201608": "13.93",
        "201609": "13.86",
        "201610": "16.89",
        "201611": "16.65",
        "201612": "16.22",
        "201701": "17.77",
        "201702": "19.02",
        "201703": "18.47",
        "201704": "20.44",
        "201705": "26.43",
        "201706": "24.25",
        "201707": "23.61",
        "201708": "25.95",
        "201709": "27.88",
        "201710": "27.16",
        "201711": "25.83",
        "201712": "25.20",
        "201801": "27.88",
        "201802": "26.17",
        "201803": "25.54",
        "201804": "24.17",
        "201805": "26.93",
        "201806": "32.04",
        "201807": "32.39",
        "201808": "28.86",
        "201809": "24.82",
        "201810": "21.41",
        "201811": "22.65",
        "201812": "23.35",
        "201901": "22.17",
        "201902": "24.38",
        "201903": "27.58",
        "201904": "28.00",
        "201905": "28.04",
        "201906": "27.12",
        "201907": "29.50",
        "201908": "32.53",
        "201909": "35.40",
        "201910": "31.90",
        "201911": "29.81",
        "201912": "34.41",
        "202001": "33.76",
        "202002": "28.42",
        "202003": "22.02",
        "202004": "24.07",
        "202005": "25.60",
        "202006": "24.90",
        "202007": "26.07",
        "202008": "26.93",
        "202009": "25.40",
        "202010": "27.14",
        "202011": "30.28",
        "202012": "35.56",
        "202101": "35.74",
        "202102": "35.95",
        "202103": "37.19",
        "202104": "42.72",
        "202105": "36.96",
        "202106": "37.99",
        "202107": "38.01",
        "202108": "39.46",
        "202109": "38.55",
        "202110": "38.09",
        "202111": "38.18",
        "202112": "38.15",
        "202201": "無",
        "202202": "無",
        "202203": "無",
        "202204": "無",
        "202205": "無",
        "202206": "無",
        "202207": "無",
        "202208": "無",
        "202209": "無",
        "202210": "無",
        "202211": "無",
        "202212": "無",
        "202301": "無",
        "202302": "無",
        "202303": "無",
        "202304": "無",
        "202305": "無"
    },
    "quarters": {
        "20011": {
            "year_quarter": 20011,
            "year": 2001,
            "quarter": 1,
            "eps": null,
            "eps_growth_year": null,
            "eps_4q": null,
            "eps_4q_growth_year": null,
            "roe": null,
            "roe_4q": 0,
            "gross_profit": null,
            "gross_margin": null,
            "gross_margin_4q_avg": 0,
            "net_income": null,
            "revenue": null,
            "common_shares": null,
            "book_valuer_per_share": null,
            "book_valuer_per_share_4q_avg": 0,
            "equity": null,
            "current_ratio": null,
            "debt_ratio": null,
            "inventory_turnover_ratio": null,
            "account_receivable_turnover_ratio": null,
            "reinvestment_rate": null,
            "research_to_sale_ratio": null,
            "price_fair": 0,
            "eps_avg_yearly": 0,
            "eps_latest_yearly": 0,
            "eps_growth_yearly": 0
        },
        "20012": {
            "year_quarter": 20012,
            "year": 2001,
            "quarter": 2,
            "eps": null,
            "eps_growth_year": null,
            "eps_4q": null,
            "eps_4q_growth_year": null,
            "roe": null,
            "roe_4q": 0,
            "gross_profit": null,
            "gross_margin": null,
            "gross_margin_4q_avg": 0,
            "net_income": null,
            "revenue": null,
            "common_shares": null,
            "book_valuer_per_share": null,
            "book_valuer_per_share_4q_avg": 0,
            "equity": null,
            "current_ratio": null,
            "debt_ratio": null,
            "inventory_turnover_ratio": null,
            "account_receivable_turnover_ratio": null,
            "reinvestment_rate": null,
            "research_to_sale_ratio": null,
            "price_fair": 0,
            "eps_avg_yearly": 0,
            "eps_latest_yearly": 0,
            "eps_growth_yearly": 0
        },
        "20013": {
            "year_quarter": 20013,
            "year": 2001,
            "quarter": 3,
            "eps": null,
            "eps_growth_year": null,
            "eps_4q": null,
            "eps_4q_growth_year": null,
            "roe": null,
            "roe_4q": 0,
            "gross_profit": null,
            "gross_margin": null,
            "gross_margin_4q_avg": 0,
            "net_income": null,
            "revenue": null,
            "common_shares": null,
            "book_valuer_per_share": null,
            "book_valuer_per_share_4q_avg": 0,
            "equity": null,
            "current_ratio": null,
            "debt_ratio": null,
            "inventory_turnover_ratio": null,
            "account_receivable_turnover_ratio": null,
            "reinvestment_rate": null,
            "research_to_sale_ratio": null,
            "price_fair": 0,
            "eps_avg_yearly": 0,
            "eps_latest_yearly": 0,
            "eps_growth_yearly": 0
        },
        "20014": {
            "year_quarter": 20014,
            "year": 2001,
            "quarter": 4,
            "eps": null,
            "eps_growth_year": null,
            "eps_4q": null,
            "eps_4q_growth_year": null,
            "roe": null,
            "roe_4q": 0,
            "gross_profit": null,
            "gross_margin": null,
            "gross_margin_4q_avg": 0,
            "net_income": null,
            "revenue": null,
            "common_shares": 363600,
            "book_valuer_per_share": 9.67,
            "book_valuer_per_share_4q_avg": 2.42,
            "equity": 351524,
            "current_ratio": 678.9,
            "debt_ratio": 2.85,
            "inventory_turnover_ratio": null,
            "account_receivable_turnover_ratio": null,
            "reinvestment_rate": null,
            "research_to_sale_ratio": null,
            "price_fair": 0,
            "eps_avg_yearly": 0,
            "eps_latest_yearly": 0,
            "eps_growth_yearly": 0
        },
        "20021": {
            "year_quarter": 20021,
            "year": 2002,
            "quarter": 1,
            "eps": null,
            "eps_growth_year": null,
            "eps_4q": null,
            "eps_4q_growth_year": null,
            "roe": null,
            "roe_4q": 0,
            "gross_profit": null,
            "gross_margin": null,
            "gross_margin_4q_avg": 0,
            "net_income": null,
            "revenue": null,
            "common_shares": null,
            "book_valuer_per_share": null,
            "book_valuer_per_share_4q_avg": 2.42,
            "equity": null,
            "current_ratio": null,
            "debt_ratio": null,
            "inventory_turnover_ratio": null,
            "account_receivable_turnover_ratio": null,
            "reinvestment_rate": null,
            "research_to_sale_ratio": null,
            "price_fair": 0,
            "eps_avg_yearly": 0,
            "eps_latest_yearly": 0,
            "eps_growth_yearly": 0
        },
        "20022": {
            "year_quarter": 20022,
            "year": 2002,
            "quarter": 2,
            "eps": null,
            "eps_growth_year": null,
            "eps_4q": null,
            "eps_4q_growth_year": null,
            "roe": null,
            "roe_4q": 0,
            "gross_profit": null,
            "gross_margin": null,
            "gross_margin_4q_avg": 0,
            "net_income": null,
            "revenue": null,
            "common_shares": null,
            "book_valuer_per_share": null,
            "book_valuer_per_share_4q_avg": 2.42,
            "equity": null,
            "current_ratio": null,
            "debt_ratio": null,
            "inventory_turnover_ratio": null,
            "account_receivable_turnover_ratio": null,
            "reinvestment_rate": null,
            "research_to_sale_ratio": null,
            "price_fair": 0,
            "eps_avg_yearly": 0,
            "eps_latest_yearly": 0,
            "eps_growth_yearly": 0
        },
        "20023": {
            "year_quarter": 20023,
            "year": 2002,
            "quarter": 3,
            "eps": null,
            "eps_growth_year": null,
            "eps_4q": null,
            "eps_4q_growth_year": null,
            "roe": null,
            "roe_4q": 0,
            "gross_profit": null,
            "gross_margin": null,
            "gross_margin_4q_avg": 0,
            "net_income": null,
            "revenue": null,
            "common_shares": null,
            "book_valuer_per_share": null,
            "book_valuer_per_share_4q_avg": 2.42,
            "equity": null,
            "current_ratio": null,
            "debt_ratio": null,
            "inventory_turnover_ratio": null,
            "account_receivable_turnover_ratio": null,
            "reinvestment_rate": null,
            "research_to_sale_ratio": null,
            "price_fair": 0,
            "eps_avg_yearly": 0,
            "eps_latest_yearly": 0,
            "eps_growth_yearly": 0
        },
        "20024": {
            "year_quarter": 20024,
            "year": 2002,
            "quarter": 4,
            "eps": null,
            "eps_growth_year": null,
            "eps_4q": null,
            "eps_4q_growth_year": null,
            "roe": null,
            "roe_4q": 0,
            "gross_profit": null,
            "gross_margin": null,
            "gross_margin_4q_avg": 0,
            "net_income": null,
            "revenue": null,
            "common_shares": 423600,
            "book_valuer_per_share": 9.2,
            "book_valuer_per_share_4q_avg": 2.3,
            "equity": 389767,
            "current_ratio": 378.8,
            "debt_ratio": 9.47,
            "inventory_turnover_ratio": null,
            "account_receivable_turnover_ratio": null,
            "reinvestment_rate": null,
            "research_to_sale_ratio": null,
            "price_fair": 0,
            "eps_avg_yearly": 0,
            "eps_latest_yearly": 0,
            "eps_growth_yearly": 0
        },
        "20031": {
            "year_quarter": 20031,
            "year": 2003,
            "quarter": 1,
            "eps": -0.11,
            "eps_growth_year": null,
            "eps_4q": null,
            "eps_4q_growth_year": null,
            "roe": -1.2,
            "roe_4q": -1.2,
            "gross_profit": 4720,
            "gross_margin": 24.41,
            "gross_margin_4q_avg": 6.1,
            "net_income": -4643,
            "revenue": 19338,
            "common_shares": 423600,
            "book_valuer_per_share": 9.09,
            "book_valuer_per_share_4q_avg": 4.57,
            "equity": 385124,
            "current_ratio": 463.58,
            "debt_ratio": 8.25,
            "inventory_turnover_ratio": 0.37,
            "account_receivable_turnover_ratio": null,
            "reinvestment_rate": null,
            "research_to_sale_ratio": null,
            "price_fair": 0,
            "eps_avg_yearly": 0,
            "eps_latest_yearly": 0,
            "eps_growth_yearly": 0
        },
        "20032": {
            "year_quarter": 20032,
            "year": 2003,
            "quarter": 2,
            "eps": -0.1,
            "eps_growth_year": null,
            "eps_4q": null,
            "eps_4q_growth_year": null,
            "roe": -1.06,
            "roe_4q": -2.26,
            "gross_profit": 2369,
            "gross_margin": 9.62,
            "gross_margin_4q_avg": 8.51,
            "net_income": -4072,
            "revenue": 24632,
            "common_shares": 423600,
            "book_valuer_per_share": 9,
            "book_valuer_per_share_4q_avg": 6.82,
            "equity": 381052,
            "current_ratio": 322.55,
            "debt_ratio": 10.43,
            "inventory_turnover_ratio": 0.51,
            "account_receivable_turnover_ratio": null,
            "reinvestment_rate": null,
            "research_to_sale_ratio": null,
            "price_fair": 0,
            "eps_avg_yearly": 0,
            "eps_latest_yearly": 0,
            "eps_growth_yearly": 0
        },
        "20033": {
            "year_quarter": 20033,
            "year": 2003,
            "quarter": 3,
            "eps": null,
            "eps_growth_year": null,
            "eps_4q": null,
            "eps_4q_growth_year": null,
            "roe": null,
            "roe_4q": -2.26,
            "gross_profit": null,
            "gross_margin": null,
            "gross_margin_4q_avg": 8.51,
            "net_income": null,
            "revenue": null,
            "common_shares": null,
            "book_valuer_per_share": null,
            "book_valuer_per_share_4q_avg": 6.82,
            "equity": null,
            "current_ratio": null,
            "debt_ratio": null,
            "inventory_turnover_ratio": null,
            "account_receivable_turnover_ratio": null,
            "reinvestment_rate": null,
            "research_to_sale_ratio": null,
            "price_fair": 0,
            "eps_avg_yearly": 0,
            "eps_latest_yearly": 0,
            "eps_growth_yearly": 0
        },
        "20034": {
            "year_quarter": 20034,
            "year": 2003,
            "quarter": 4,
            "eps": null,
            "eps_growth_year": null,
            "eps_4q": null,
            "eps_4q_growth_year": null,
            "roe": null,
            "roe_4q": -2.26,
            "gross_profit": null,
            "gross_margin": null,
            "gross_margin_4q_avg": 8.51,
            "net_income": null,
            "revenue": null,
            "common_shares": 423600,
            "book_valuer_per_share": 8.86,
            "book_valuer_per_share_4q_avg": 6.74,
            "equity": 375240,
            "current_ratio": 265.07,
            "debt_ratio": 24.33,
            "inventory_turnover_ratio": null,
            "account_receivable_turnover_ratio": null,
            "reinvestment_rate": null,
            "research_to_sale_ratio": null,
            "price_fair": 0,
            "eps_avg_yearly": 0,
            "eps_latest_yearly": 0,
            "eps_growth_yearly": 0
        },
        "20041": {
            "year_quarter": 20041,
            "year": 2004,
            "quarter": 1,
            "eps": 0.7,
            "eps_growth_year": null,
            "eps_4q": null,
            "eps_4q_growth_year": null,
            "roe": 7.11,
            "roe_4q": 6.050000000000001,
            "gross_profit": 51745,
            "gross_margin": 38.07,
            "gross_margin_4q_avg": 11.92,
            "net_income": 30012,
            "revenue": 135918,
            "common_shares": 450000,
            "book_valuer_per_share": 10.41,
            "book_valuer_per_share_4q_avg": 7.07,
            "equity": 468612,
            "current_ratio": 241.72,
            "debt_ratio": 26.76,
            "inventory_turnover_ratio": 1.79,
            "account_receivable_turnover_ratio": null,
            "reinvestment_rate": null,
            "research_to_sale_ratio": null,
            "price_fair": 0,
            "eps_avg_yearly": 0,
            "eps_latest_yearly": 0,
            "eps_growth_yearly": 0
        },
        "20042": {
            "year_quarter": 20042,
            "year": 2004,
            "quarter": 2,
            "eps": 0.72,
            "eps_growth_year": null,
            "eps_4q": null,
            "eps_4q_growth_year": null,
            "roe": 6.54,
            "roe_4q": 13.65,
            "gross_profit": 57430,
            "gross_margin": 42.13,
            "gross_margin_4q_avg": 20.05,
            "net_income": 31694,
            "revenue": 136318,
            "common_shares": 450000,
            "book_valuer_per_share": 11.12,
            "book_valuer_per_share_4q_avg": 7.6,
            "equity": 500306,
            "current_ratio": 247.94,
            "debt_ratio": 28.35,
            "inventory_turnover_ratio": 1.13,
            "account_receivable_turnover_ratio": null,
            "reinvestment_rate": null,
            "research_to_sale_ratio": null,
            "price_fair": 61.71,
            "eps_avg_yearly": 2.88,
            "eps_latest_yearly": 2.88,
            "eps_growth_yearly": 11.43
        },
        "20043": {
            "year_quarter": 20043,
            "year": 2004,
            "quarter": 3,
            "eps": 0.53,
            "eps_growth_year": null,
            "eps_4q": null,
            "eps_4q_growth_year": null,
            "roe": 4.87,
            "roe_4q": 18.52,
            "gross_profit": 54354,
            "gross_margin": 40.84,
            "gross_margin_4q_avg": 30.26,
            "net_income": 24997,
            "revenue": 133085,
            "common_shares": 450000,
            "book_valuer_per_share": 11.67,
            "book_valuer_per_share_4q_avg": 10.52,
            "equity": 525303,
            "current_ratio": 265.14,
            "debt_ratio": 29.73,
            "inventory_turnover_ratio": 0.8,
            "account_receivable_turnover_ratio": null,
            "reinvestment_rate": null,
            "research_to_sale_ratio": null,
            "price_fair": 7.5,
            "eps_avg_yearly": 2.5,
            "eps_latest_yearly": 2.12,
            "eps_growth_yearly": -47.06
        },
        "20044": {
            "year_quarter": 20044,
            "year": 2004,
            "quarter": 4,
            "eps": 0.63,
            "eps_growth_year": null,
            "eps_4q": 2.59,
            "eps_4q_growth_year": null,
            "roe": 4.54,
            "roe_4q": 23.06,
            "gross_profit": 53576,
            "gross_margin": 36.56,
            "gross_margin_4q_avg": 39.4,
            "net_income": 27899,
            "revenue": 146538,
            "common_shares": 510000,
            "book_valuer_per_share": 13.79,
            "book_valuer_per_share_4q_avg": 11.75,
            "equity": 703202,
            "current_ratio": 345.84,
            "debt_ratio": 23.74,
            "inventory_turnover_ratio": 0.76,
            "account_receivable_turnover_ratio": null,
            "reinvestment_rate": null,
            "research_to_sale_ratio": null,
            "price_fair": 7.52,
            "eps_avg_yearly": 2.51,
            "eps_latest_yearly": 2.52,
            "eps_growth_yearly": -6.22
        },
        "20051": {
            "year_quarter": 20051,
            "year": 2005,
            "quarter": 1,
            "eps": 0.57,
            "eps_growth_year": -18.57,
            "eps_4q": 2.24,
            "eps_4q_growth_year": null,
            "roe": 4.02,
            "roe_4q": 19.97,
            "gross_profit": 45626,
            "gross_margin": 32.75,
            "gross_margin_4q_avg": 38.07,
            "net_income": 28843,
            "revenue": 139314,
            "common_shares": 510000,
            "book_valuer_per_share": 14.36,
            "book_valuer_per_share_4q_avg": 12.74,
            "equity": 732517,
            "current_ratio": 309.62,
            "debt_ratio": 24.99,
            "inventory_turnover_ratio": 0.63,
            "account_receivable_turnover_ratio": null,
            "reinvestment_rate": null,
            "research_to_sale_ratio": null,
            "price_fair": 7.35,
            "eps_avg_yearly": 2.45,
            "eps_latest_yearly": 2.28,
            "eps_growth_yearly": -14.19
        },
        "20052": {
            "year_quarter": 20052,
            "year": 2005,
            "quarter": 2,
            "eps": 0.1,
            "eps_growth_year": -86.11,
            "eps_4q": 1.63,
            "eps_4q_growth_year": null,
            "roe": 0.73,
            "roe_4q": 14.16,
            "gross_profit": 42171,
            "gross_margin": 30.4,
            "gross_margin_4q_avg": 35.14,
            "net_income": 5341,
            "revenue": 138716,
            "common_shares": 510000,
            "book_valuer_per_share": 14.41,
            "book_valuer_per_share_4q_avg": 13.56,
            "equity": 734683,
            "current_ratio": 416.53,
            "debt_ratio": 42.94,
            "inventory_turnover_ratio": 0.56,
            "account_receivable_turnover_ratio": null,
            "reinvestment_rate": null,
            "research_to_sale_ratio": null,
            "price_fair": 6.12,
            "eps_avg_yearly": 2.04,
            "eps_latest_yearly": 0.4,
            "eps_growth_yearly": -77.32
        },
        "20053": {
            "year_quarter": 20053,
            "year": 2005,
            "quarter": 3,
            "eps": 0.79,
            "eps_growth_year": 49.06,
            "eps_4q": 1.9,
            "eps_4q_growth_year": null,
            "roe": 5.52,
            "roe_4q": 14.809999999999999,
            "gross_profit": 83612,
            "gross_margin": 39.03,
            "gross_margin_4q_avg": 34.69,
            "net_income": 44056,
            "revenue": 214230,
            "common_shares": 592716,
            "book_valuer_per_share": 14.54,
            "book_valuer_per_share_4q_avg": 14.28,
            "equity": 861726,
            "current_ratio": 312.47,
            "debt_ratio": 37.91,
            "inventory_turnover_ratio": 0.67,
            "account_receivable_turnover_ratio": null,
            "reinvestment_rate": null,
            "research_to_sale_ratio": null,
            "price_fair": 77.93,
            "eps_avg_yearly": 2.23,
            "eps_latest_yearly": 3.16,
            "eps_growth_yearly": 395.57
        },
        "20054": {
            "year_quarter": 20054,
            "year": 2005,
            "quarter": 4,
            "eps": 0.86,
            "eps_growth_year": 36.51,
            "eps_4q": 2.22,
            "eps_4q_growth_year": -14.12,
            "roe": 5.12,
            "roe_4q": 15.39,
            "gross_profit": 81103,
            "gross_margin": 41.38,
            "gross_margin_4q_avg": 35.89,
            "net_income": 49382,
            "revenue": 195991,
            "common_shares": 646203,
            "book_valuer_per_share": 15.72,
            "book_valuer_per_share_4q_avg": 14.76,
            "equity": 1066889,
            "current_ratio": 309.84,
            "debt_ratio": 33.27,
            "inventory_turnover_ratio": 0.52,
            "account_receivable_turnover_ratio": null,
            "reinvestment_rate": null,
            "research_to_sale_ratio": null,
            "price_fair": 84,
            "eps_avg_yearly": 2.4,
            "eps_latest_yearly": 3.44,
            "eps_growth_yearly": 344.12
        },
        "20061": {
            "year_quarter": 20061,
            "year": 2006,
            "quarter": 1,
            "eps": 0.27,
            "eps_growth_year": -52.63,
            "eps_4q": 1.73,
            "eps_4q_growth_year": -22.85,
            "roe": 1.67,
            "roe_4q": 13.04,
            "gross_profit": 48031,
            "gross_margin": 31.86,
            "gross_margin_4q_avg": 35.67,
            "net_income": 18273,
            "revenue": 150777,
            "common_shares": 691587,
            "book_valuer_per_share": 16.22,
            "book_valuer_per_share_4q_avg": 15.22,
            "equity": 1121517,
            "current_ratio": 283.71,
            "debt_ratio": 23.32,
            "inventory_turnover_ratio": 0.44,
            "account_receivable_turnover_ratio": null,
            "reinvestment_rate": null,
            "research_to_sale_ratio": null,
            "price_fair": 78.23,
            "eps_avg_yearly": 2.24,
            "eps_latest_yearly": 1.08,
            "eps_growth_yearly": 266.81
        },
        "20062": {
            "year_quarter": 20062,
            "year": 2006,
            "quarter": 2,
            "eps": 0.12,
            "eps_growth_year": 20,
            "eps_4q": 1.7,
            "eps_4q_growth_year": 4.57,
            "roe": 0.77,
            "roe_4q": 13.08,
            "gross_profit": 41633,
            "gross_margin": 29.16,
            "gross_margin_4q_avg": 35.36,
            "net_income": 8458,
            "revenue": 142784,
            "common_shares": 704407,
            "book_valuer_per_share": 15.32,
            "book_valuer_per_share_4q_avg": 15.45,
            "equity": 1079487,
            "current_ratio": 181.09,
            "debt_ratio": 29.05,
            "inventory_turnover_ratio": 0.41,
            "account_receivable_turnover_ratio": null,
            "reinvestment_rate": null,
            "research_to_sale_ratio": null,
            "price_fair": 71.4,
            "eps_avg_yearly": 2.04,
            "eps_latest_yearly": 0.48,
            "eps_growth_yearly": 212.47
        },
        "20063": {
            "year_quarter": 20063,
            "year": 2006,
            "quarter": 3,
            "eps": 0.26,
            "eps_growth_year": -67.09,
            "eps_4q": 1.34,
            "eps_4q_growth_year": -29.75,
            "roe": 1.68,
            "roe_4q": 9.24,
            "gross_profit": 60396,
            "gross_margin": 30.49,
            "gross_margin_4q_avg": 33.22,
            "net_income": 18375,
            "revenue": 198072,
            "common_shares": 728964,
            "book_valuer_per_share": 15.15,
            "book_valuer_per_share_4q_avg": 15.6,
            "equity": 1104617,
            "current_ratio": 147.94,
            "debt_ratio": 33.04,
            "inventory_turnover_ratio": 0.52,
            "account_receivable_turnover_ratio": null,
            "reinvestment_rate": null,
            "research_to_sale_ratio": null,
            "price_fair": 67.9,
            "eps_avg_yearly": 1.94,
            "eps_latest_yearly": 1.04,
            "eps_growth_yearly": 237.89
        },
        "20064": {
            "year_quarter": 20064,
            "year": 2006,
            "quarter": 4,
            "eps": -0.05,
            "eps_growth_year": -105.81,
            "eps_4q": 0.59,
            "eps_4q_growth_year": -73.39,
            "roe": -0.34,
            "roe_4q": 3.78,
            "gross_profit": 30783,
            "gross_margin": 16.72,
            "gross_margin_4q_avg": 27.06,
            "net_income": -3957,
            "revenue": 184130,
            "common_shares": 704407,
            "book_valuer_per_share": 16.14,
            "book_valuer_per_share_4q_avg": 15.71,
            "equity": 1192156,
            "current_ratio": 194.84,
            "debt_ratio": 40.22,
            "inventory_turnover_ratio": 0.46,
            "account_receivable_turnover_ratio": null,
            "reinvestment_rate": null,
            "research_to_sale_ratio": null,
            "price_fair": 67.9,
            "eps_avg_yearly": 1.94,
            "eps_latest_yearly": 1.04,
            "eps_growth_yearly": 237.89
        },
        "20071": {
            "year_quarter": 20071,
            "year": 2007,
            "quarter": 1,
            "eps": -0.51,
            "eps_growth_year": -288.89,
            "eps_4q": -0.19,
            "eps_4q_growth_year": -111.23,
            "roe": -3.21,
            "roe_4q": -1.0999999999999999,
            "gross_profit": 26940,
            "gross_margin": 16.36,
            "gross_margin_4q_avg": 23.18,
            "net_income": -36945,
            "revenue": 164632,
            "common_shares": 730664,
            "book_valuer_per_share": 15.14,
            "book_valuer_per_share_4q_avg": 15.44,
            "equity": 1106391,
            "current_ratio": 180.82,
            "debt_ratio": 42.26,
            "inventory_turnover_ratio": 0.34,
            "account_receivable_turnover_ratio": null,
            "reinvestment_rate": null,
            "research_to_sale_ratio": null,
            "price_fair": 67.9,
            "eps_avg_yearly": 1.94,
            "eps_latest_yearly": 1.04,
            "eps_growth_yearly": 237.89
        },
        "20072": {
            "year_quarter": 20072,
            "year": 2007,
            "quarter": 2,
            "eps": -0.5,
            "eps_growth_year": -516.67,
            "eps_4q": -0.81,
            "eps_4q_growth_year": -147.25,
            "roe": -3.36,
            "roe_4q": -5.23,
            "gross_profit": 7013,
            "gross_margin": 3.93,
            "gross_margin_4q_avg": 16.88,
            "net_income": -36822,
            "revenue": 178515,
            "common_shares": 736683,
            "book_valuer_per_share": 14.71,
            "book_valuer_per_share_4q_avg": 15.29,
            "equity": 1083474,
            "current_ratio": 170.42,
            "debt_ratio": 42.5,
            "inventory_turnover_ratio": 0.4,
            "account_receivable_turnover_ratio": null,
            "reinvestment_rate": null,
            "research_to_sale_ratio": null,
            "price_fair": 67.9,
            "eps_avg_yearly": 1.94,
            "eps_latest_yearly": 1.04,
            "eps_growth_yearly": 237.89
        },
        "20073": {
            "year_quarter": 20073,
            "year": 2007,
            "quarter": 3,
            "eps": -0.85,
            "eps_growth_year": -426.92,
            "eps_4q": -1.81,
            "eps_4q_growth_year": -235.73,
            "roe": -6.26,
            "roe_4q": -13.169999999999998,
            "gross_profit": -10329,
            "gross_margin": -4.88,
            "gross_margin_4q_avg": 8.03,
            "net_income": -66330,
            "revenue": 211569,
            "common_shares": 793807,
            "book_valuer_per_share": 13.03,
            "book_valuer_per_share_4q_avg": 14.76,
            "equity": 1034327,
            "current_ratio": 160.67,
            "debt_ratio": 44.25,
            "inventory_turnover_ratio": 0.56,
            "account_receivable_turnover_ratio": null,
            "reinvestment_rate": null,
            "research_to_sale_ratio": null,
            "price_fair": 67.9,
            "eps_avg_yearly": 1.94,
            "eps_latest_yearly": 1.04,
            "eps_growth_yearly": 237.89
        },
        "20074": {
            "year_quarter": 20074,
            "year": 2007,
            "quarter": 4,
            "eps": -3.29,
            "eps_growth_year": null,
            "eps_4q": -4.9,
            "eps_4q_growth_year": -928.78,
            "roe": -27.66,
            "roe_4q": -40.49,
            "gross_profit": -25814,
            "gross_margin": -14.03,
            "gross_margin_4q_avg": 0.35,
            "net_income": -258054,
            "revenue": 183970,
            "common_shares": 794064,
            "book_valuer_per_share": 9.78,
            "book_valuer_per_share_4q_avg": 13.17,
            "equity": 831467,
            "current_ratio": 87.02,
            "debt_ratio": 57.09,
            "inventory_turnover_ratio": 0.6,
            "account_receivable_turnover_ratio": null,
            "reinvestment_rate": null,
            "research_to_sale_ratio": null,
            "price_fair": 67.9,
            "eps_avg_yearly": 1.94,
            "eps_latest_yearly": 1.04,
            "eps_growth_yearly": 237.89
        },
        "20081": {
            "year_quarter": 20081,
            "year": 2008,
            "quarter": 1,
            "eps": -0.78,
            "eps_growth_year": null,
            "eps_4q": -5.14,
            "eps_4q_growth_year": null,
            "roe": -7.76,
            "roe_4q": -45.04,
            "gross_profit": -23259,
            "gross_margin": -11.87,
            "gross_margin_4q_avg": -6.71,
            "net_income": -64215,
            "revenue": 195868,
            "common_shares": 794064,
            "book_valuer_per_share": 9.75,
            "book_valuer_per_share_4q_avg": 11.82,
            "equity": 823703,
            "current_ratio": 106.5,
            "debt_ratio": 57.01,
            "inventory_turnover_ratio": 0.7,
            "account_receivable_turnover_ratio": null,
            "reinvestment_rate": null,
            "research_to_sale_ratio": null,
            "price_fair": 67.9,
            "eps_avg_yearly": 1.94,
            "eps_latest_yearly": 1.04,
            "eps_growth_yearly": 237.89
        },
        "20082": {
            "year_quarter": 20082,
            "year": 2008,
            "quarter": 2,
            "eps": -4.86,
            "eps_growth_year": null,
            "eps_4q": -8.78,
            "eps_4q_growth_year": null,
            "roe": -67.65,
            "roe_4q": -109.33000000000001,
            "gross_profit": -122455,
            "gross_margin": -88.41,
            "gross_margin_4q_avg": -29.8,
            "net_income": -427658,
            "revenue": 138501,
            "common_shares": 899064,
            "book_valuer_per_share": 4.62,
            "book_valuer_per_share_4q_avg": 9.3,
            "equity": 440553,
            "current_ratio": 66.05,
            "debt_ratio": 72.46,
            "inventory_turnover_ratio": 1.01,
            "account_receivable_turnover_ratio": null,
            "reinvestment_rate": null,
            "research_to_sale_ratio": null,
            "price_fair": 64.24,
            "eps_avg_yearly": 1.84,
            "eps_latest_yearly": 1.04,
            "eps_growth_yearly": 263.05
        },
        "20083": {
            "year_quarter": 20083,
            "year": 2008,
            "quarter": 3,
            "eps": -0.06,
            "eps_growth_year": null,
            "eps_4q": -8.1,
            "eps_4q_growth_year": null,
            "roe": -1.93,
            "roe_4q": -105.00000000000001,
            "gross_profit": 10877,
            "gross_margin": 4.62,
            "gross_margin_4q_avg": -27.42,
            "net_income": -8529,
            "revenue": 235635,
            "common_shares": 899064,
            "book_valuer_per_share": 4.64,
            "book_valuer_per_share_4q_avg": 7.2,
            "equity": 442925,
            "current_ratio": 61.43,
            "debt_ratio": 69.57,
            "inventory_turnover_ratio": 1.28,
            "account_receivable_turnover_ratio": null,
            "reinvestment_rate": null,
            "research_to_sale_ratio": null,
            "price_fair": 63,
            "eps_avg_yearly": 1.8,
            "eps_latest_yearly": 1.04,
            "eps_growth_yearly": 309.13
        },
        "20084": {
            "year_quarter": 20084,
            "year": 2008,
            "quarter": 4,
            "eps": -0.79,
            "eps_growth_year": null,
            "eps_4q": -5.85,
            "eps_4q_growth_year": null,
            "roe": -17.36,
            "roe_4q": -94.7,
            "gross_profit": -16505,
            "gross_margin": -13.47,
            "gross_margin_4q_avg": -27.28,
            "net_income": -71278,
            "revenue": 122508,
            "common_shares": 899064,
            "book_valuer_per_share": 3.99,
            "book_valuer_per_share_4q_avg": 5.75,
            "equity": 378012,
            "current_ratio": 104.36,
            "debt_ratio": 71.12,
            "inventory_turnover_ratio": 1.14,
            "account_receivable_turnover_ratio": 0.93,
            "reinvestment_rate": null,
            "research_to_sale_ratio": null,
            "price_fair": 59.4,
            "eps_avg_yearly": 1.7,
            "eps_latest_yearly": 1.04,
            "eps_growth_yearly": 342.51
        },
        "20091": {
            "year_quarter": 20091,
            "year": 2009,
            "quarter": 1,
            "eps": 0.07,
            "eps_growth_year": null,
            "eps_4q": -6.52,
            "eps_4q_growth_year": null,
            "roe": 1.32,
            "roe_4q": -85.62,
            "gross_profit": 8396,
            "gross_margin": 9.37,
            "gross_margin_4q_avg": -21.97,
            "net_income": 5044,
            "revenue": 89571,
            "common_shares": 899064,
            "book_valuer_per_share": 4.11,
            "book_valuer_per_share_4q_avg": 4.34,
            "equity": 388884,
            "current_ratio": 168,
            "debt_ratio": 68.09,
            "inventory_turnover_ratio": 0.72,
            "account_receivable_turnover_ratio": 0.39,
            "reinvestment_rate": null,
            "research_to_sale_ratio": null,
            "price_fair": 56,
            "eps_avg_yearly": 1.6,
            "eps_latest_yearly": 1.04,
            "eps_growth_yearly": 405.94
        },
        "20092": {
            "year_quarter": 20092,
            "year": 2009,
            "quarter": 2,
            "eps": -0.7,
            "eps_growth_year": null,
            "eps_4q": -0.81,
            "eps_4q_growth_year": null,
            "roe": -9.55,
            "roe_4q": -27.52,
            "gross_profit": -6006,
            "gross_margin": -4.44,
            "gross_margin_4q_avg": -0.98,
            "net_income": -37519,
            "revenue": 135330,
            "common_shares": 1256207,
            "book_valuer_per_share": 3.03,
            "book_valuer_per_share_4q_avg": 3.94,
            "equity": 397025,
            "current_ratio": 108.66,
            "debt_ratio": 67.96,
            "inventory_turnover_ratio": 1.19,
            "account_receivable_turnover_ratio": 0.65,
            "reinvestment_rate": null,
            "research_to_sale_ratio": null,
            "price_fair": 64.4,
            "eps_avg_yearly": 1.84,
            "eps_latest_yearly": 1.04,
            "eps_growth_yearly": 553.09
        },
        "20093": {
            "year_quarter": 20093,
            "year": 2009,
            "quarter": 3,
            "eps": 0.22,
            "eps_growth_year": null,
            "eps_4q": -1.4,
            "eps_4q_growth_year": null,
            "roe": 3.26,
            "roe_4q": -22.33,
            "gross_profit": 22150,
            "gross_margin": 14.03,
            "gross_margin_4q_avg": 1.37,
            "net_income": 13364,
            "revenue": 157828,
            "common_shares": 690914,
            "book_valuer_per_share": 5.72,
            "book_valuer_per_share_4q_avg": 4.21,
            "equity": 423632,
            "current_ratio": 110.61,
            "debt_ratio": 65.49,
            "inventory_turnover_ratio": 0.95,
            "account_receivable_turnover_ratio": 0.64,
            "reinvestment_rate": null,
            "research_to_sale_ratio": null,
            "price_fair": 17.16,
            "eps_avg_yearly": 1.51,
            "eps_latest_yearly": 1.04,
            "eps_growth_yearly": 1.37
        },
        "20094": {
            "year_quarter": 20094,
            "year": 2009,
            "quarter": 4,
            "eps": -0.8,
            "eps_growth_year": null,
            "eps_4q": -0.87,
            "eps_4q_growth_year": null,
            "roe": -8.13,
            "roe_4q": -13.100000000000001,
            "gross_profit": -4388,
            "gross_margin": -3.25,
            "gross_margin_4q_avg": 3.93,
            "net_income": -44962,
            "revenue": 134860,
            "common_shares": 690914,
            "book_valuer_per_share": 4.24,
            "book_valuer_per_share_4q_avg": 4.28,
            "equity": 682105,
            "current_ratio": 164.87,
            "debt_ratio": 52.81,
            "inventory_turnover_ratio": 0.82,
            "account_receivable_turnover_ratio": 0.69,
            "reinvestment_rate": null,
            "research_to_sale_ratio": null,
            "price_fair": 2.6,
            "eps_avg_yearly": 0.87,
            "eps_latest_yearly": 1.04,
            "eps_growth_yearly": -9.99
        },
        "20101": {
            "year_quarter": 20101,
            "year": 2010,
            "quarter": 1,
            "eps": -0.36,
            "eps_growth_year": -614.29,
            "eps_4q": -1.26,
            "eps_4q_growth_year": null,
            "roe": -3.12,
            "roe_4q": -17.54,
            "gross_profit": 13213,
            "gross_margin": 8.09,
            "gross_margin_4q_avg": 3.61,
            "net_income": -20926,
            "revenue": 163377,
            "common_shares": 690914,
            "book_valuer_per_share": 4.1,
            "book_valuer_per_share_4q_avg": 4.27,
            "equity": 659810,
            "current_ratio": 153.9,
            "debt_ratio": 53.59,
            "inventory_turnover_ratio": 0.86,
            "account_receivable_turnover_ratio": 0.42,
            "reinvestment_rate": null,
            "research_to_sale_ratio": 3.45,
            "price_fair": 26.6,
            "eps_avg_yearly": 0.76,
            "eps_latest_yearly": 1.04,
            "eps_growth_yearly": 122.22
        },
        "20102": {
            "year_quarter": 20102,
            "year": 2010,
            "quarter": 2,
            "eps": 0.1,
            "eps_growth_year": null,
            "eps_4q": -0.64,
            "eps_4q_growth_year": null,
            "roe": 1.21,
            "roe_4q": -6.780000000000001,
            "gross_profit": 39289,
            "gross_margin": 18.22,
            "gross_margin_4q_avg": 9.27,
            "net_income": 8055,
            "revenue": 215668,
            "common_shares": 690914,
            "book_valuer_per_share": 4.18,
            "book_valuer_per_share_4q_avg": 4.56,
            "equity": 674145,
            "current_ratio": 189.97,
            "debt_ratio": 51.77,
            "inventory_turnover_ratio": 1.01,
            "account_receivable_turnover_ratio": 0.49,
            "reinvestment_rate": null,
            "research_to_sale_ratio": 4.58,
            "price_fair": 36.4,
            "eps_avg_yearly": 1.04,
            "eps_latest_yearly": 1.04,
            "eps_growth_yearly": 466.67
        },
        "20103": {
            "year_quarter": 20103,
            "year": 2010,
            "quarter": 3,
            "eps": 2.03,
            "eps_growth_year": 821.57,
            "eps_4q": 1.2,
            "eps_4q_growth_year": null,
            "roe": 19.93,
            "roe_4q": 9.889999999999999,
            "gross_profit": 48865,
            "gross_margin": 23.42,
            "gross_margin_4q_avg": 11.62,
            "net_income": 148504,
            "revenue": 208646,
            "common_shares": 690914,
            "book_valuer_per_share": 5.05,
            "book_valuer_per_share_4q_avg": 4.39,
            "equity": 816385,
            "current_ratio": 202.2,
            "debt_ratio": 48.07,
            "inventory_turnover_ratio": 0.94,
            "account_receivable_turnover_ratio": 0.38,
            "reinvestment_rate": null,
            "research_to_sale_ratio": 3.36,
            "price_fair": 284.2,
            "eps_avg_yearly": 8.12,
            "eps_latest_yearly": 8.12,
            "eps_growth_yearly": 7720
        },
        "20104": {
            "year_quarter": 20104,
            "year": 2010,
            "quarter": 4,
            "eps": -0.35,
            "eps_growth_year": null,
            "eps_4q": 1.48,
            "eps_4q_growth_year": null,
            "roe": -3.02,
            "roe_4q": 15,
            "gross_profit": 25904,
            "gross_margin": 15.37,
            "gross_margin_4q_avg": 16.28,
            "net_income": -24068,
            "revenue": 168560,
            "common_shares": 690914,
            "book_valuer_per_share": 4.79,
            "book_valuer_per_share_4q_avg": 4.53,
            "equity": 775258,
            "current_ratio": 206.18,
            "debt_ratio": 46.76,
            "inventory_turnover_ratio": 0.98,
            "account_receivable_turnover_ratio": 0.32,
            "reinvestment_rate": null,
            "research_to_sale_ratio": 2.73,
            "price_fair": 284.2,
            "eps_avg_yearly": 8.12,
            "eps_latest_yearly": 8.12,
            "eps_growth_yearly": 7720
        },
        "20111": {
            "year_quarter": 20111,
            "year": 2011,
            "quarter": 1,
            "eps": 0.23,
            "eps_growth_year": null,
            "eps_4q": 1.83,
            "eps_4q_growth_year": null,
            "roe": 2.21,
            "roe_4q": 20.330000000000002,
            "gross_profit": 45905,
            "gross_margin": 24.46,
            "gross_margin_4q_avg": 20.37,
            "net_income": 18744,
            "revenue": 187651,
            "common_shares": 770914,
            "book_valuer_per_share": 5.43,
            "book_valuer_per_share_4q_avg": 4.86,
            "equity": 918935,
            "current_ratio": 217.94,
            "debt_ratio": 46.09,
            "inventory_turnover_ratio": 1.07,
            "account_receivable_turnover_ratio": 0.36,
            "reinvestment_rate": null,
            "research_to_sale_ratio": 2.13,
            "price_fair": 284.2,
            "eps_avg_yearly": 8.12,
            "eps_latest_yearly": 8.12,
            "eps_growth_yearly": 7720
        },
        "20112": {
            "year_quarter": 20112,
            "year": 2011,
            "quarter": 2,
            "eps": 0.11,
            "eps_growth_year": 4.02,
            "eps_4q": 1.84,
            "eps_4q_growth_year": null,
            "roe": 1.09,
            "roe_4q": 20.21,
            "gross_profit": 53261,
            "gross_margin": 27.21,
            "gross_margin_4q_avg": 22.62,
            "net_income": 10020,
            "revenue": 195720,
            "common_shares": 770914,
            "book_valuer_per_share": 5.47,
            "book_valuer_per_share_4q_avg": 5.19,
            "equity": 925616,
            "current_ratio": 216.96,
            "debt_ratio": 45.8,
            "inventory_turnover_ratio": 0.98,
            "account_receivable_turnover_ratio": 0.42,
            "reinvestment_rate": null,
            "research_to_sale_ratio": 2.81,
            "price_fair": 149.8,
            "eps_avg_yearly": 4.28,
            "eps_latest_yearly": 0.44,
            "eps_growth_yearly": 3755.65
        },
        "20113": {
            "year_quarter": 20113,
            "year": 2011,
            "quarter": 3,
            "eps": 0.56,
            "eps_growth_year": -72.57,
            "eps_4q": 0.58,
            "eps_4q_growth_year": -51.87,
            "roe": 4.6,
            "roe_4q": 4.879999999999999,
            "gross_profit": 60636,
            "gross_margin": 26.52,
            "gross_margin_4q_avg": 23.39,
            "net_income": 44174,
            "revenue": 228648,
            "common_shares": 770914,
            "book_valuer_per_share": 5.88,
            "book_valuer_per_share_4q_avg": 5.39,
            "equity": 997085,
            "current_ratio": 217.55,
            "debt_ratio": 44.38,
            "inventory_turnover_ratio": 0.95,
            "account_receivable_turnover_ratio": 0.42,
            "reinvestment_rate": null,
            "research_to_sale_ratio": 3.01,
            "price_fair": 126,
            "eps_avg_yearly": 3.6,
            "eps_latest_yearly": 2.24,
            "eps_growth_yearly": 3049.22
        },
        "20114": {
            "year_quarter": 20114,
            "year": 2011,
            "quarter": 4,
            "eps": 0.1,
            "eps_growth_year": null,
            "eps_4q": 1,
            "eps_4q_growth_year": -32.29,
            "roe": 0.66,
            "roe_4q": 8.559999999999999,
            "gross_profit": 48140,
            "gross_margin": 23.72,
            "gross_margin_4q_avg": 25.48,
            "net_income": 6572,
            "revenue": 202939,
            "common_shares": 770914,
            "book_valuer_per_share": 5.93,
            "book_valuer_per_share_4q_avg": 5.68,
            "equity": 1003538,
            "current_ratio": 236.08,
            "debt_ratio": 42.21,
            "inventory_turnover_ratio": 0.82,
            "account_receivable_turnover_ratio": 0.34,
            "reinvestment_rate": null,
            "research_to_sale_ratio": 3,
            "price_fair": 98,
            "eps_avg_yearly": 2.8,
            "eps_latest_yearly": 0.4,
            "eps_growth_yearly": 2204.77
        },
        "20121": {
            "year_quarter": 20121,
            "year": 2012,
            "quarter": 1,
            "eps": -0.1,
            "eps_growth_year": -143.48,
            "eps_4q": 0.68,
            "eps_4q_growth_year": -62.48,
            "roe": -0.75,
            "roe_4q": 5.6,
            "gross_profit": 38654,
            "gross_margin": 17.36,
            "gross_margin_4q_avg": 23.7,
            "net_income": -7433,
            "revenue": 222648,
            "common_shares": 770914,
            "book_valuer_per_share": 5.84,
            "book_valuer_per_share_4q_avg": 5.78,
            "equity": 986681,
            "current_ratio": 211.3,
            "debt_ratio": 42.66,
            "inventory_turnover_ratio": 1.14,
            "account_receivable_turnover_ratio": 0.37,
            "reinvestment_rate": null,
            "research_to_sale_ratio": 3.68,
            "price_fair": 98,
            "eps_avg_yearly": 2.8,
            "eps_latest_yearly": 0.4,
            "eps_growth_yearly": 2204.77
        },
        "20122": {
            "year_quarter": 20122,
            "year": 2012,
            "quarter": 2,
            "eps": 0.63,
            "eps_growth_year": 480.95,
            "eps_4q": 1.21,
            "eps_4q_growth_year": -34.38,
            "roe": 4.6,
            "roe_4q": 9.11,
            "gross_profit": 82018,
            "gross_margin": 25.9,
            "gross_margin_4q_avg": 23.38,
            "net_income": 46486,
            "revenue": 316678,
            "common_shares": 770914,
            "book_valuer_per_share": 6.15,
            "book_valuer_per_share_4q_avg": 5.95,
            "equity": 1036071,
            "current_ratio": 195,
            "debt_ratio": 44.3,
            "inventory_turnover_ratio": 1.46,
            "account_receivable_turnover_ratio": 0.46,
            "reinvestment_rate": 226.38,
            "research_to_sale_ratio": 1.8,
            "price_fair": 98,
            "eps_avg_yearly": 2.8,
            "eps_latest_yearly": 0.4,
            "eps_growth_yearly": 2204.77
        },
        "20123": {
            "year_quarter": 20123,
            "year": 2012,
            "quarter": 3,
            "eps": 0.79,
            "eps_growth_year": 42.74,
            "eps_4q": 1.93,
            "eps_4q_growth_year": 233.85,
            "roe": 3.31,
            "roe_4q": 7.82,
            "gross_profit": 89370,
            "gross_margin": 25.68,
            "gross_margin_4q_avg": 23.17,
            "net_income": 34797,
            "revenue": 347974,
            "common_shares": 440399,
            "book_valuer_per_share": 11.11,
            "book_valuer_per_share_4q_avg": 7.26,
            "equity": 1066336,
            "current_ratio": 205.8,
            "debt_ratio": 44.35,
            "inventory_turnover_ratio": 1.42,
            "account_receivable_turnover_ratio": 0.44,
            "reinvestment_rate": 136.87,
            "research_to_sale_ratio": 2.44,
            "price_fair": 100.52,
            "eps_avg_yearly": 2.87,
            "eps_latest_yearly": 3.16,
            "eps_growth_yearly": 1784.14
        },
        "20124": {
            "year_quarter": 20124,
            "year": 2012,
            "quarter": 4,
            "eps": 0.44,
            "eps_growth_year": 320.17,
            "eps_4q": 1.27,
            "eps_4q_growth_year": 26.83,
            "roe": 3.9,
            "roe_4q": 11.059999999999999,
            "gross_profit": 102147,
            "gross_margin": 26.35,
            "gross_margin_4q_avg": 23.82,
            "net_income": 42163,
            "revenue": 387717,
            "common_shares": 927537,
            "book_valuer_per_share": 11.42,
            "book_valuer_per_share_4q_avg": 8.63,
            "equity": 1097176,
            "current_ratio": 199.25,
            "debt_ratio": 47.66,
            "inventory_turnover_ratio": 1.42,
            "account_receivable_turnover_ratio": 0.46,
            "reinvestment_rate": 75.63,
            "research_to_sale_ratio": 1.92,
            "price_fair": 94.03,
            "eps_avg_yearly": 2.69,
            "eps_latest_yearly": 1.76,
            "eps_growth_yearly": 1457.24
        },
        "20131": {
            "year_quarter": 20131,
            "year": 2013,
            "quarter": 1,
            "eps": 0.47,
            "eps_growth_year": null,
            "eps_4q": 1.8,
            "eps_4q_growth_year": 163.43,
            "roe": 3.9,
            "roe_4q": 15.709999999999999,
            "gross_profit": 81662,
            "gross_margin": 25.08,
            "gross_margin_4q_avg": 25.75,
            "net_income": 43798,
            "revenue": 325641,
            "common_shares": 927537,
            "book_valuer_per_share": 11.96,
            "book_valuer_per_share_4q_avg": 10.16,
            "equity": 1148946,
            "current_ratio": 181.54,
            "debt_ratio": 47.02,
            "inventory_turnover_ratio": 1.11,
            "account_receivable_turnover_ratio": 0.44,
            "reinvestment_rate": -45.22,
            "research_to_sale_ratio": 2.19,
            "price_fair": 90,
            "eps_avg_yearly": 2.57,
            "eps_latest_yearly": 1.88,
            "eps_growth_yearly": 1252.96
        },
        "20132": {
            "year_quarter": 20132,
            "year": 2013,
            "quarter": 2,
            "eps": 0.57,
            "eps_growth_year": -9.75,
            "eps_4q": 1.75,
            "eps_4q_growth_year": 45.07,
            "roe": 5.05,
            "roe_4q": 16.16,
            "gross_profit": 105740,
            "gross_margin": 27.52,
            "gross_margin_4q_avg": 26.16,
            "net_income": 59363,
            "revenue": 384269,
            "common_shares": 927537,
            "book_valuer_per_share": 12.49,
            "book_valuer_per_share_4q_avg": 11.75,
            "equity": 1201014,
            "current_ratio": 168.14,
            "debt_ratio": 48.33,
            "inventory_turnover_ratio": 1.25,
            "account_receivable_turnover_ratio": 0.51,
            "reinvestment_rate": -27.04,
            "research_to_sale_ratio": 2.07,
            "price_fair": 88.73,
            "eps_avg_yearly": 2.54,
            "eps_latest_yearly": 2.28,
            "eps_growth_yearly": 1106.98
        },
        "20133": {
            "year_quarter": 20133,
            "year": 2013,
            "quarter": 3,
            "eps": 0.43,
            "eps_growth_year": -45.83,
            "eps_4q": 1.83,
            "eps_4q_growth_year": -5.36,
            "roe": 3.6,
            "roe_4q": 16.45,
            "gross_profit": 108721,
            "gross_margin": 25.53,
            "gross_margin_4q_avg": 26.12,
            "net_income": 43869,
            "revenue": 425859,
            "common_shares": 1006378,
            "book_valuer_per_share": 11.89,
            "book_valuer_per_share_4q_avg": 11.94,
            "equity": 1239356,
            "current_ratio": 160.4,
            "debt_ratio": 49.7,
            "inventory_turnover_ratio": 1.5,
            "account_receivable_turnover_ratio": 0.53,
            "reinvestment_rate": -19.94,
            "research_to_sale_ratio": 1.97,
            "price_fair": 85.56,
            "eps_avg_yearly": 2.44,
            "eps_latest_yearly": 1.72,
            "eps_growth_yearly": 973.07
        },
        "20134": {
            "year_quarter": 20134,
            "year": 2013,
            "quarter": 4,
            "eps": 0.74,
            "eps_growth_year": 69.55,
            "eps_4q": 2.17,
            "eps_4q_growth_year": 70.91,
            "roe": 5.9,
            "roe_4q": 18.45,
            "gross_profit": 115274,
            "gross_margin": 27.39,
            "gross_margin_4q_avg": 26.38,
            "net_income": 75592,
            "revenue": 420892,
            "common_shares": 1006378,
            "book_valuer_per_share": 12.7,
            "book_valuer_per_share_4q_avg": 12.26,
            "equity": 1323532,
            "current_ratio": 159.23,
            "debt_ratio": 49.87,
            "inventory_turnover_ratio": 1.5,
            "account_receivable_turnover_ratio": 0.48,
            "reinvestment_rate": -20.93,
            "research_to_sale_ratio": 2.55,
            "price_fair": 87.36,
            "eps_avg_yearly": 2.5,
            "eps_latest_yearly": 2.96,
            "eps_growth_yearly": 904.6
        },
        "20141": {
            "year_quarter": 20141,
            "year": 2014,
            "quarter": 1,
            "eps": 0.35,
            "eps_growth_year": -25.53,
            "eps_4q": 2.09,
            "eps_4q_growth_year": 16.06,
            "roe": 2.58,
            "roe_4q": 17.13,
            "gross_profit": 97807,
            "gross_margin": 26.25,
            "gross_margin_4q_avg": 26.67,
            "net_income": 34504,
            "revenue": 372620,
            "common_shares": 1006378,
            "book_valuer_per_share": 13.04,
            "book_valuer_per_share_4q_avg": 12.53,
            "equity": 1351356,
            "current_ratio": 176.22,
            "debt_ratio": 47.13,
            "inventory_turnover_ratio": 1.23,
            "account_receivable_turnover_ratio": 0.42,
            "reinvestment_rate": -18.38,
            "research_to_sale_ratio": 1.98,
            "price_fair": 83.87,
            "eps_avg_yearly": 2.4,
            "eps_latest_yearly": 1.4,
            "eps_growth_yearly": 803.2
        },
        "20142": {
            "year_quarter": 20142,
            "year": 2014,
            "quarter": 2,
            "eps": 0.62,
            "eps_growth_year": 8.77,
            "eps_4q": 2.15,
            "eps_4q_growth_year": 22.44,
            "roe": 4.85,
            "roe_4q": 16.93,
            "gross_profit": 128473,
            "gross_margin": 27.04,
            "gross_margin_4q_avg": 26.55,
            "net_income": 63205,
            "revenue": 475169,
            "common_shares": 1006378,
            "book_valuer_per_share": 12.09,
            "book_valuer_per_share_4q_avg": 12.43,
            "equity": 1255448,
            "current_ratio": 148.61,
            "debt_ratio": 54.67,
            "inventory_turnover_ratio": 1.39,
            "account_receivable_turnover_ratio": 0.51,
            "reinvestment_rate": -15.7,
            "research_to_sale_ratio": 2.18,
            "price_fair": 84.12,
            "eps_avg_yearly": 2.4,
            "eps_latest_yearly": 2.48,
            "eps_growth_yearly": 761.98
        },
        "20143": {
            "year_quarter": 20143,
            "year": 2014,
            "quarter": 3,
            "eps": 0.87,
            "eps_growth_year": 102.33,
            "eps_4q": 2.59,
            "eps_4q_growth_year": 41.42,
            "roe": 6.81,
            "roe_4q": 20.14,
            "gross_profit": 149173,
            "gross_margin": 24.23,
            "gross_margin_4q_avg": 26.23,
            "net_income": 89016,
            "revenue": 615722,
            "common_shares": 1006378,
            "book_valuer_per_share": 13.08,
            "book_valuer_per_share_4q_avg": 12.73,
            "equity": 1357633,
            "current_ratio": 142.37,
            "debt_ratio": 56.18,
            "inventory_turnover_ratio": 1.77,
            "account_receivable_turnover_ratio": 0.55,
            "reinvestment_rate": -40.06,
            "research_to_sale_ratio": 1.51,
            "price_fair": 70.58,
            "eps_avg_yearly": 2.02,
            "eps_latest_yearly": 3.48,
            "eps_growth_yearly": 132.09
        },
        "20144": {
            "year_quarter": 20144,
            "year": 2014,
            "quarter": 4,
            "eps": 0.46,
            "eps_growth_year": -37.45,
            "eps_4q": 2.31,
            "eps_4q_growth_year": 6.58,
            "roe": 3.3,
            "roe_4q": 17.54,
            "gross_profit": 114025,
            "gross_margin": 21.23,
            "gross_margin_4q_avg": 24.69,
            "net_income": 45766,
            "revenue": 537168,
            "common_shares": 1006378,
            "book_valuer_per_share": 13.67,
            "book_valuer_per_share_4q_avg": 12.97,
            "equity": 1416922,
            "current_ratio": 145.87,
            "debt_ratio": 56.16,
            "inventory_turnover_ratio": 1.71,
            "account_receivable_turnover_ratio": 0.44,
            "reinvestment_rate": -34.32,
            "research_to_sale_ratio": 2.17,
            "price_fair": 70.11,
            "eps_avg_yearly": 2,
            "eps_latest_yearly": 1.84,
            "eps_growth_yearly": 107.42
        },
        "20151": {
            "year_quarter": 20151,
            "year": 2015,
            "quarter": 1,
            "eps": 0.32,
            "eps_growth_year": -8.57,
            "eps_4q": 2.28,
            "eps_4q_growth_year": 8.66,
            "roe": 2.23,
            "roe_4q": 17.189999999999998,
            "gross_profit": 94720,
            "gross_margin": 22.67,
            "gross_margin_4q_avg": 23.79,
            "net_income": 31876,
            "revenue": 417776,
            "common_shares": 1006378,
            "book_valuer_per_share": 13.94,
            "book_valuer_per_share_4q_avg": 13.2,
            "equity": 1443892,
            "current_ratio": 162.49,
            "debt_ratio": 53.42,
            "inventory_turnover_ratio": 1.31,
            "account_receivable_turnover_ratio": 0.37,
            "reinvestment_rate": -37.78,
            "research_to_sale_ratio": 2.83,
            "price_fair": 68.3,
            "eps_avg_yearly": 1.95,
            "eps_latest_yearly": 1.28,
            "eps_growth_yearly": 91.06
        },
        "20152": {
            "year_quarter": 20152,
            "year": 2015,
            "quarter": 2,
            "eps": 0.39,
            "eps_growth_year": -37.1,
            "eps_4q": 2.05,
            "eps_4q_growth_year": -4.54,
            "roe": 2.94,
            "roe_4q": 15.279999999999998,
            "gross_profit": 117131,
            "gross_margin": 22.56,
            "gross_margin_4q_avg": 22.67,
            "net_income": 40142,
            "revenue": 519280,
            "common_shares": 1006378,
            "book_valuer_per_share": 12.76,
            "book_valuer_per_share_4q_avg": 13.36,
            "equity": 1284608,
            "current_ratio": 147.93,
            "debt_ratio": 57.33,
            "inventory_turnover_ratio": 1.5,
            "account_receivable_turnover_ratio": 0.48,
            "reinvestment_rate": -31.49,
            "research_to_sale_ratio": 2.4,
            "price_fair": 71.1,
            "eps_avg_yearly": 2.03,
            "eps_latest_yearly": 1.56,
            "eps_growth_yearly": 112.21
        },
        "20153": {
            "year_quarter": 20153,
            "year": 2015,
            "quarter": 3,
            "eps": 0.5,
            "eps_growth_year": -42.53,
            "eps_4q": 1.68,
            "eps_4q_growth_year": -35.18,
            "roe": 3.82,
            "roe_4q": 12.29,
            "gross_profit": 121041,
            "gross_margin": 21.38,
            "gross_margin_4q_avg": 21.96,
            "net_income": 50367,
            "revenue": 566179,
            "common_shares": 1006378,
            "book_valuer_per_share": 13.44,
            "book_valuer_per_share_4q_avg": 13.45,
            "equity": 1352554,
            "current_ratio": 162.2,
            "debt_ratio": 50.7,
            "inventory_turnover_ratio": 1.64,
            "account_receivable_turnover_ratio": 0.51,
            "reinvestment_rate": -41.24,
            "research_to_sale_ratio": 2.19,
            "price_fair": 26.97,
            "eps_avg_yearly": 2.01,
            "eps_latest_yearly": 2,
            "eps_growth_yearly": 3.39
        },
        "20154": {
            "year_quarter": 20154,
            "year": 2015,
            "quarter": 4,
            "eps": 0.02,
            "eps_growth_year": -95.22,
            "eps_4q": 1.24,
            "eps_4q_growth_year": -46.5,
            "roe": 0.17,
            "roe_4q": 9.16,
            "gross_profit": 82481,
            "gross_margin": 16.23,
            "gross_margin_4q_avg": 20.71,
            "net_income": 2228,
            "revenue": 508078,
            "common_shares": 1006378,
            "book_valuer_per_share": 13.36,
            "book_valuer_per_share_4q_avg": 13.38,
            "equity": 1344679,
            "current_ratio": 185.37,
            "debt_ratio": 45.58,
            "inventory_turnover_ratio": 1.57,
            "account_receivable_turnover_ratio": 0.49,
            "reinvestment_rate": -37.1,
            "research_to_sale_ratio": 2.53,
            "price_fair": 5.97,
            "eps_avg_yearly": 1.99,
            "eps_latest_yearly": 0.08,
            "eps_growth_yearly": -0.57
        },
        "20161": {
            "year_quarter": 20161,
            "year": 2016,
            "quarter": 1,
            "eps": 0.03,
            "eps_growth_year": -90.62,
            "eps_4q": 0.95,
            "eps_4q_growth_year": -58.45,
            "roe": 0.2,
            "roe_4q": 7.129999999999999,
            "gross_profit": 67147,
            "gross_margin": 13.94,
            "gross_margin_4q_avg": 18.53,
            "net_income": 2618,
            "revenue": 481596,
            "common_shares": 1006378,
            "book_valuer_per_share": 13.32,
            "book_valuer_per_share_4q_avg": 13.22,
            "equity": 1340505,
            "current_ratio": 192.88,
            "debt_ratio": 44.89,
            "inventory_turnover_ratio": 1.48,
            "account_receivable_turnover_ratio": 0.54,
            "reinvestment_rate": -43.52,
            "research_to_sale_ratio": 2.53,
            "price_fair": 42.56,
            "eps_avg_yearly": 1.87,
            "eps_latest_yearly": 0.12,
            "eps_growth_yearly": 12.8
        },
        "20162": {
            "year_quarter": 20162,
            "year": 2016,
            "quarter": 2,
            "eps": 0.17,
            "eps_growth_year": -56.41,
            "eps_4q": 0.73,
            "eps_4q_growth_year": -64.55,
            "roe": 1.37,
            "roe_4q": 5.56,
            "gross_profit": 90395,
            "gross_margin": 17.94,
            "gross_margin_4q_avg": 17.37,
            "net_income": 17844,
            "revenue": 503871,
            "common_shares": 1006378,
            "book_valuer_per_share": 12.6,
            "book_valuer_per_share_4q_avg": 13.18,
            "equity": 1267898,
            "current_ratio": 168.51,
            "debt_ratio": 45.21,
            "inventory_turnover_ratio": 1.54,
            "account_receivable_turnover_ratio": 0.6,
            "reinvestment_rate": -47.88,
            "research_to_sale_ratio": 1.99,
            "price_fair": 62.74,
            "eps_avg_yearly": 1.79,
            "eps_latest_yearly": 0.68,
            "eps_growth_yearly": 128.67
        },
        "20163": {
            "year_quarter": 20163,
            "year": 2016,
            "quarter": 3,
            "eps": 0.36,
            "eps_growth_year": -28,
            "eps_4q": 0.58,
            "eps_4q_growth_year": -65.45,
            "roe": 2.79,
            "roe_4q": 4.53,
            "gross_profit": 114320,
            "gross_margin": 18.19,
            "gross_margin_4q_avg": 16.58,
            "net_income": 35654,
            "revenue": 628509,
            "common_shares": 1006378,
            "book_valuer_per_share": 12.83,
            "book_valuer_per_share_4q_avg": 13.03,
            "equity": 1290889,
            "current_ratio": 154.71,
            "debt_ratio": 49.46,
            "inventory_turnover_ratio": 2.1,
            "account_receivable_turnover_ratio": 0.68,
            "reinvestment_rate": -45.36,
            "research_to_sale_ratio": 1.57,
            "price_fair": 58.98,
            "eps_avg_yearly": 1.69,
            "eps_latest_yearly": 1.44,
            "eps_growth_yearly": 150.26
        },
        "20164": {
            "year_quarter": 20164,
            "year": 2016,
            "quarter": 4,
            "eps": 0.54,
            "eps_growth_year": 2327.44,
            "eps_4q": 1.1,
            "eps_4q_growth_year": -11.46,
            "roe": 4.11,
            "roe_4q": 8.469999999999999,
            "gross_profit": 133383,
            "gross_margin": 21.92,
            "gross_margin_4q_avg": 18,
            "net_income": 54084,
            "revenue": 608443,
            "common_shares": 1006378,
            "book_valuer_per_share": 13.3,
            "book_valuer_per_share_4q_avg": 13.01,
            "equity": 1338045,
            "current_ratio": 163.92,
            "debt_ratio": 49.91,
            "inventory_turnover_ratio": 2,
            "account_receivable_turnover_ratio": 0.52,
            "reinvestment_rate": -46.72,
            "research_to_sale_ratio": 1.88,
            "price_fair": 59.85,
            "eps_avg_yearly": 1.71,
            "eps_latest_yearly": 2.16,
            "eps_growth_yearly": 173.83
        },
        "20171": {
            "year_quarter": 20171,
            "year": 2017,
            "quarter": 1,
            "eps": 0.17,
            "eps_growth_year": 466.67,
            "eps_4q": 1.24,
            "eps_4q_growth_year": 30.92,
            "roe": 1.27,
            "roe_4q": 9.540000000000003,
            "gross_profit": 107638,
            "gross_margin": 20.31,
            "gross_margin_4q_avg": 19.59,
            "net_income": 16984,
            "revenue": 529896,
            "common_shares": 1006378,
            "book_valuer_per_share": 13.25,
            "book_valuer_per_share_4q_avg": 13,
            "equity": 1333819,
            "current_ratio": 164.38,
            "debt_ratio": 51.09,
            "inventory_turnover_ratio": 1.51,
            "account_receivable_turnover_ratio": 0.41,
            "reinvestment_rate": -6.77,
            "research_to_sale_ratio": 2.5,
            "price_fair": 57.23,
            "eps_avg_yearly": 1.64,
            "eps_latest_yearly": 0.68,
            "eps_growth_yearly": 155
        },
        "20172": {
            "year_quarter": 20172,
            "year": 2017,
            "quarter": 2,
            "eps": 0.44,
            "eps_growth_year": 158.82,
            "eps_4q": 1.5,
            "eps_4q_growth_year": 106.42,
            "roe": 3.33,
            "roe_4q": 11.5,
            "gross_profit": 101397,
            "gross_margin": 16.84,
            "gross_margin_4q_avg": 19.32,
            "net_income": 44081,
            "revenue": 602200,
            "common_shares": 1006378,
            "book_valuer_per_share": 13.07,
            "book_valuer_per_share_4q_avg": 13.11,
            "equity": 1315106,
            "current_ratio": 168.31,
            "debt_ratio": 50.18,
            "inventory_turnover_ratio": 1.42,
            "account_receivable_turnover_ratio": 0.46,
            "reinvestment_rate": -5.67,
            "research_to_sale_ratio": 1.62,
            "price_fair": 56.09,
            "eps_avg_yearly": 1.6,
            "eps_latest_yearly": 1.76,
            "eps_growth_yearly": 189.39
        },
        "20173": {
            "year_quarter": 20173,
            "year": 2017,
            "quarter": 3,
            "eps": 0.72,
            "eps_growth_year": 100,
            "eps_4q": 1.87,
            "eps_4q_growth_year": 221.87,
            "roe": 5.36,
            "roe_4q": 14.07,
            "gross_profit": 153488,
            "gross_margin": 20.06,
            "gross_margin_4q_avg": 19.78,
            "net_income": 72640,
            "revenue": 765197,
            "common_shares": 1006378,
            "book_valuer_per_share": 13.85,
            "book_valuer_per_share_4q_avg": 13.37,
            "equity": 1393991,
            "current_ratio": 170.35,
            "debt_ratio": 51.75,
            "inventory_turnover_ratio": 1.69,
            "account_receivable_turnover_ratio": 0.56,
            "reinvestment_rate": -8.58,
            "research_to_sale_ratio": 1.76,
            "price_fair": 58.63,
            "eps_avg_yearly": 1.68,
            "eps_latest_yearly": 2.88,
            "eps_growth_yearly": 211.44
        },
        "20174": {
            "year_quarter": 20174,
            "year": 2017,
            "quarter": 4,
            "eps": 0.4,
            "eps_growth_year": -26.32,
            "eps_4q": 1.72,
            "eps_4q_growth_year": 57.49,
            "roe": 2.82,
            "roe_4q": 12.78,
            "gross_profit": 109501,
            "gross_margin": 18.43,
            "gross_margin_4q_avg": 18.91,
            "net_income": 39849,
            "revenue": 594029,
            "common_shares": 1006378,
            "book_valuer_per_share": 14.27,
            "book_valuer_per_share_4q_avg": 13.61,
            "equity": 1435697,
            "current_ratio": 169.18,
            "debt_ratio": 50.78,
            "inventory_turnover_ratio": 1.28,
            "account_receivable_turnover_ratio": 0.4,
            "reinvestment_rate": -30,
            "research_to_sale_ratio": 2.73,
            "price_fair": 55.65,
            "eps_avg_yearly": 1.59,
            "eps_latest_yearly": 1.6,
            "eps_growth_yearly": 182.3
        },
        "20181": {
            "year_quarter": 20181,
            "year": 2018,
            "quarter": 1,
            "eps": 0.46,
            "eps_growth_year": 170.59,
            "eps_4q": 2.01,
            "eps_4q_growth_year": 62.51,
            "roe": 3.14,
            "roe_4q": 14.65,
            "gross_profit": 99564,
            "gross_margin": 18.39,
            "gross_margin_4q_avg": 18.43,
            "net_income": 45863,
            "revenue": 541543,
            "common_shares": 1006378,
            "book_valuer_per_share": 14.79,
            "book_valuer_per_share_4q_avg": 14,
            "equity": 1488634,
            "current_ratio": 186.93,
            "debt_ratio": 50.26,
            "inventory_turnover_ratio": 1.02,
            "account_receivable_turnover_ratio": 0.37,
            "reinvestment_rate": -21.75,
            "research_to_sale_ratio": 2.65,
            "price_fair": 56.61,
            "eps_avg_yearly": 1.62,
            "eps_latest_yearly": 1.84,
            "eps_growth_yearly": 199.23
        },
        "20182": {
            "year_quarter": 20182,
            "year": 2018,
            "quarter": 2,
            "eps": 0.35,
            "eps_growth_year": -20.45,
            "eps_4q": 1.92,
            "eps_4q_growth_year": 28.39,
            "roe": 2.43,
            "roe_4q": 13.75,
            "gross_profit": 112107,
            "gross_margin": 16.83,
            "gross_margin_4q_avg": 18.43,
            "net_income": 35257,
            "revenue": 666300,
            "common_shares": 1006378,
            "book_valuer_per_share": 14,
            "book_valuer_per_share_4q_avg": 14.23,
            "equity": 1408967,
            "current_ratio": 162.99,
            "debt_ratio": 54.04,
            "inventory_turnover_ratio": 1.2,
            "account_receivable_turnover_ratio": 0.48,
            "reinvestment_rate": -22.26,
            "research_to_sale_ratio": 2.44,
            "price_fair": 54.25,
            "eps_avg_yearly": 1.55,
            "eps_latest_yearly": 1.4,
            "eps_growth_yearly": 173.96
        },
        "20183": {
            "year_quarter": 20183,
            "year": 2018,
            "quarter": 3,
            "eps": 0.45,
            "eps_growth_year": -37.5,
            "eps_4q": 1.65,
            "eps_4q_growth_year": -11.65,
            "roe": 3.16,
            "roe_4q": 11.55,
            "gross_profit": 150377,
            "gross_margin": 19.07,
            "gross_margin_4q_avg": 18.18,
            "net_income": 44943,
            "revenue": 788538,
            "common_shares": 1006378,
            "book_valuer_per_share": 14.28,
            "book_valuer_per_share_4q_avg": 14.34,
            "equity": 1437585,
            "current_ratio": 157.36,
            "debt_ratio": 55.2,
            "inventory_turnover_ratio": 1.32,
            "account_receivable_turnover_ratio": 0.56,
            "reinvestment_rate": -3.64,
            "research_to_sale_ratio": 1.69,
            "price_fair": 50.58,
            "eps_avg_yearly": 1.45,
            "eps_latest_yearly": 1.8,
            "eps_growth_yearly": 171.03
        },
        "20184": {
            "year_quarter": 20184,
            "year": 2018,
            "quarter": 4,
            "eps": 0.38,
            "eps_growth_year": -3.21,
            "eps_4q": 1.64,
            "eps_4q_growth_year": -5.14,
            "roe": 2.64,
            "roe_4q": 11.370000000000001,
            "gross_profit": 104789,
            "gross_margin": 16.89,
            "gross_margin_4q_avg": 17.8,
            "net_income": 38570,
            "revenue": 620582,
            "common_shares": 1006378,
            "book_valuer_per_share": 14.7,
            "book_valuer_per_share_4q_avg": 14.44,
            "equity": 1479803,
            "current_ratio": 147.01,
            "debt_ratio": 57.42,
            "inventory_turnover_ratio": 1.02,
            "account_receivable_turnover_ratio": 0.41,
            "reinvestment_rate": 0.87,
            "research_to_sale_ratio": 2.95,
            "price_fair": 49.88,
            "eps_avg_yearly": 1.43,
            "eps_latest_yearly": 1.52,
            "eps_growth_yearly": 178.92
        },
        "20191": {
            "year_quarter": 20191,
            "year": 2019,
            "quarter": 1,
            "eps": 0.33,
            "eps_growth_year": -28.26,
            "eps_4q": 1.51,
            "eps_4q_growth_year": -24.88,
            "roe": 2.22,
            "roe_4q": 10.45,
            "gross_profit": 72343,
            "gross_margin": 13.16,
            "gross_margin_4q_avg": 16.49,
            "net_income": 33292,
            "revenue": 549742,
            "common_shares": 1006378,
            "book_valuer_per_share": 15.15,
            "book_valuer_per_share_4q_avg": 14.53,
            "equity": 1524640,
            "current_ratio": 150.87,
            "debt_ratio": 57.32,
            "inventory_turnover_ratio": 0.96,
            "account_receivable_turnover_ratio": 0.37,
            "reinvestment_rate": 14.06,
            "research_to_sale_ratio": 2.25,
            "price_fair": 49.96,
            "eps_avg_yearly": 1.43,
            "eps_latest_yearly": 1.32,
            "eps_growth_yearly": 183.24
        },
        "20192": {
            "year_quarter": 20192,
            "year": 2019,
            "quarter": 2,
            "eps": 0.44,
            "eps_growth_year": 25.71,
            "eps_4q": 1.6,
            "eps_4q_growth_year": -17.04,
            "roe": 2.93,
            "roe_4q": 10.950000000000001,
            "gross_profit": 128728,
            "gross_margin": 17.05,
            "gross_margin_4q_avg": 16.54,
            "net_income": 43818,
            "revenue": 754835,
            "common_shares": 1006378,
            "book_valuer_per_share": 14.57,
            "book_valuer_per_share_4q_avg": 14.68,
            "equity": 1466708,
            "current_ratio": 140.72,
            "debt_ratio": 61.42,
            "inventory_turnover_ratio": 1.29,
            "account_receivable_turnover_ratio": 0.51,
            "reinvestment_rate": 11.57,
            "research_to_sale_ratio": 2,
            "price_fair": 50.4,
            "eps_avg_yearly": 1.44,
            "eps_latest_yearly": 1.76,
            "eps_growth_yearly": 186.1
        },
        "20193": {
            "year_quarter": 20193,
            "year": 2019,
            "quarter": 3,
            "eps": 0.3,
            "eps_growth_year": -33.33,
            "eps_4q": 1.45,
            "eps_4q_growth_year": -12.25,
            "roe": 2.03,
            "roe_4q": 9.82,
            "gross_profit": 136742,
            "gross_margin": 16.28,
            "gross_margin_4q_avg": 15.85,
            "net_income": 29900,
            "revenue": 840090,
            "common_shares": 1006378,
            "book_valuer_per_share": 14.72,
            "book_valuer_per_share_4q_avg": 14.79,
            "equity": 1481218,
            "current_ratio": 141.4,
            "debt_ratio": 60.47,
            "inventory_turnover_ratio": 1.52,
            "account_receivable_turnover_ratio": 0.52,
            "reinvestment_rate": 18.59,
            "research_to_sale_ratio": 2.3,
            "price_fair": 48.65,
            "eps_avg_yearly": 1.39,
            "eps_latest_yearly": 1.2,
            "eps_growth_yearly": 171.1
        },
        "20194": {
            "year_quarter": 20194,
            "year": 2019,
            "quarter": 4,
            "eps": 0.33,
            "eps_growth_year": -12.63,
            "eps_4q": 1.4,
            "eps_4q_growth_year": -14.53,
            "roe": 2.26,
            "roe_4q": 9.44,
            "gross_profit": 100689,
            "gross_margin": 13.17,
            "gross_margin_4q_avg": 14.92,
            "net_income": 33698,
            "revenue": 764747,
            "common_shares": 1006378,
            "book_valuer_per_share": 14.97,
            "book_valuer_per_share_4q_avg": 14.85,
            "equity": 1506828,
            "current_ratio": 157.36,
            "debt_ratio": 59.17,
            "inventory_turnover_ratio": 1.68,
            "account_receivable_turnover_ratio": 0.44,
            "reinvestment_rate": 20.46,
            "research_to_sale_ratio": 1.68,
            "price_fair": 51.36,
            "eps_avg_yearly": 1.47,
            "eps_latest_yearly": 1.32,
            "eps_growth_yearly": 197.6
        },
        "20201": {
            "year_quarter": 20201,
            "year": 2020,
            "quarter": 1,
            "eps": 0.3,
            "eps_growth_year": -9.09,
            "eps_4q": 1.37,
            "eps_4q_growth_year": -9.65,
            "roe": 1.98,
            "roe_4q": 9.2,
            "gross_profit": 107068,
            "gross_margin": 18.65,
            "gross_margin_4q_avg": 16.29,
            "net_income": 29974,
            "revenue": 574046,
            "common_shares": 1006378,
            "book_valuer_per_share": 15.17,
            "book_valuer_per_share_4q_avg": 14.86,
            "equity": 1526447,
            "current_ratio": 159.33,
            "debt_ratio": 60.16,
            "inventory_turnover_ratio": 1.14,
            "account_receivable_turnover_ratio": 0.34,
            "reinvestment_rate": 40.54,
            "research_to_sale_ratio": 2.95,
            "price_fair": 53.73,
            "eps_avg_yearly": 1.54,
            "eps_latest_yearly": 1.2,
            "eps_growth_yearly": 182.82
        },
        "20202": {
            "year_quarter": 20202,
            "year": 2020,
            "quarter": 2,
            "eps": 0.3,
            "eps_growth_year": -31.82,
            "eps_4q": 1.23,
            "eps_4q_growth_year": -22.9,
            "roe": 2.03,
            "roe_4q": 8.299999999999999,
            "gross_profit": 93443,
            "gross_margin": 13.75,
            "gross_margin_4q_avg": 15.46,
            "net_income": 30266,
            "revenue": 679533,
            "common_shares": 1006378,
            "book_valuer_per_share": 14.51,
            "book_valuer_per_share_4q_avg": 14.84,
            "equity": 1460367,
            "current_ratio": 153.83,
            "debt_ratio": 60.41,
            "inventory_turnover_ratio": 1.25,
            "account_receivable_turnover_ratio": 0.42,
            "reinvestment_rate": 42.29,
            "research_to_sale_ratio": 2.88,
            "price_fair": 54.86,
            "eps_avg_yearly": 1.57,
            "eps_latest_yearly": 1.2,
            "eps_growth_yearly": 66.16
        },
        "20203": {
            "year_quarter": 20203,
            "year": 2020,
            "quarter": 3,
            "eps": 1.01,
            "eps_growth_year": 236.67,
            "eps_4q": 1.94,
            "eps_4q_growth_year": 34.04,
            "roe": 6.67,
            "roe_4q": 12.94,
            "gross_profit": 152804,
            "gross_margin": 17.15,
            "gross_margin_4q_avg": 15.68,
            "net_income": 101197,
            "revenue": 890825,
            "common_shares": 1006378,
            "book_valuer_per_share": 15.62,
            "book_valuer_per_share_4q_avg": 15.07,
            "equity": 1572457,
            "current_ratio": 164.47,
            "debt_ratio": 58.12,
            "inventory_turnover_ratio": 1.7,
            "account_receivable_turnover_ratio": 0.53,
            "reinvestment_rate": 35.03,
            "research_to_sale_ratio": 1.94,
            "price_fair": 60.55,
            "eps_avg_yearly": 1.73,
            "eps_latest_yearly": 4.04,
            "eps_growth_yearly": 97.38
        },
        "20204": {
            "year_quarter": 20204,
            "year": 2020,
            "quarter": 4,
            "eps": 0.91,
            "eps_growth_year": 172.64,
            "eps_4q": 2.52,
            "eps_4q_growth_year": 80.03,
            "roe": 5.65,
            "roe_4q": 16.33,
            "gross_profit": 146053,
            "gross_margin": 18.94,
            "gross_margin_4q_avg": 17.12,
            "net_income": 91873,
            "revenue": 771013,
            "common_shares": 1006378,
            "book_valuer_per_share": 16.7,
            "book_valuer_per_share_4q_avg": 15.5,
            "equity": 1680943,
            "current_ratio": 194.52,
            "debt_ratio": 57.76,
            "inventory_turnover_ratio": 1.56,
            "account_receivable_turnover_ratio": 0.41,
            "reinvestment_rate": 40.05,
            "research_to_sale_ratio": 1.95,
            "price_fair": 63.79,
            "eps_avg_yearly": 1.82,
            "eps_latest_yearly": 3.64,
            "eps_growth_yearly": 82.41
        },
        "20211": {
            "year_quarter": 20211,
            "year": 2021,
            "quarter": 1,
            "eps": 0.78,
            "eps_growth_year": 160,
            "eps_4q": 3,
            "eps_4q_growth_year": 119.68,
            "roe": 4.57,
            "roe_4q": 18.92,
            "gross_profit": 165057,
            "gross_margin": 21.95,
            "gross_margin_4q_avg": 17.95,
            "net_income": 78487,
            "revenue": 751812,
            "common_shares": 1006378,
            "book_valuer_per_share": 17.45,
            "book_valuer_per_share_4q_avg": 16.07,
            "equity": 1756171,
            "current_ratio": 197.05,
            "debt_ratio": 57.63,
            "inventory_turnover_ratio": 1.23,
            "account_receivable_turnover_ratio": 0.4,
            "reinvestment_rate": 42.36,
            "research_to_sale_ratio": 1.73,
            "price_fair": 69.13,
            "eps_avg_yearly": 1.98,
            "eps_latest_yearly": 3.12,
            "eps_growth_yearly": 95.97
        },
        "20212": {
            "year_quarter": 20212,
            "year": 2021,
            "quarter": 2,
            "eps": 0.38,
            "eps_growth_year": 26.67,
            "eps_4q": 3.08,
            "eps_4q_growth_year": 150.11,
            "roe": 2.26,
            "roe_4q": 19.15,
            "gross_profit": 109780,
            "gross_margin": 16.38,
            "gross_margin_4q_avg": 18.61,
            "net_income": 38175,
            "revenue": 670019,
            "common_shares": 1006378,
            "book_valuer_per_share": 16.19,
            "book_valuer_per_share_4q_avg": 16.49,
            "equity": 1629583,
            "current_ratio": 187.16,
            "debt_ratio": 59.79,
            "inventory_turnover_ratio": 0.93,
            "account_receivable_turnover_ratio": 0.39,
            "reinvestment_rate": 40.12,
            "research_to_sale_ratio": 2.95,
            "price_fair": 68.6,
            "eps_avg_yearly": 1.96,
            "eps_latest_yearly": 1.52,
            "eps_growth_yearly": 43.44
        },
        "20213": {
            "year_quarter": 20213,
            "year": 2021,
            "quarter": 3,
            "eps": 0.23,
            "eps_growth_year": -77.23,
            "eps_4q": 2.3,
            "eps_4q_growth_year": 18.68,
            "roe": 1.4,
            "roe_4q": 13.88,
            "gross_profit": 84040,
            "gross_margin": 12.47,
            "gross_margin_4q_avg": 17.44,
            "net_income": 23056,
            "revenue": 673909,
            "common_shares": 1006378,
            "book_valuer_per_share": 16.43,
            "book_valuer_per_share_4q_avg": 16.69,
            "equity": 1653751,
            "current_ratio": 186.35,
            "debt_ratio": 59.8,
            "inventory_turnover_ratio": 0.9,
            "account_receivable_turnover_ratio": 0.42,
            "reinvestment_rate": 51.15,
            "research_to_sale_ratio": 2.61,
            "price_fair": 50.83,
            "eps_avg_yearly": 1.84,
            "eps_latest_yearly": 0.92,
            "eps_growth_yearly": 17.66
        }
    },
    "months": {
        "2003-12": {
            "month": "2003-12",
            "price": "20.11",
            "revenue": 27218
        },
        "2004-01": {
            "month": "2004-01",
            "price": "33.36",
            "revenue": 43104
        },
        "2004-02": {
            "month": "2004-02",
            "price": "39.54",
            "revenue": 46608
        },
        "2004-03": {
            "month": "2004-03",
            "price": "39.91",
            "revenue": 46206
        },
        "2004-04": {
            "month": "2004-04",
            "price": "39.25",
            "revenue": 46723
        },
        "2004-05": {
            "month": "2004-05",
            "price": "35.48",
            "revenue": 46234
        },
        "2004-06": {
            "month": "2004-06",
            "price": "36.28",
            "revenue": 43361
        },
        "2004-07": {
            "month": "2004-07",
            "price": "32.18",
            "revenue": 43078
        },
        "2004-08": {
            "month": "2004-08",
            "price": "28.24",
            "revenue": 45051
        },
        "2004-09": {
            "month": "2004-09",
            "price": "29.12",
            "revenue": 44956
        },
        "2004-10": {
            "month": "2004-10",
            "price": "28.13",
            "revenue": 56279
        },
        "2004-11": {
            "month": "2004-11",
            "price": "27.40",
            "revenue": 50196
        },
        "2004-12": {
            "month": "2004-12",
            "price": "22.90",
            "revenue": 40063
        },
        "2005-01": {
            "month": "2005-01",
            "price": "20.93",
            "revenue": 56435
        },
        "2005-02": {
            "month": "2005-02",
            "price": "23.44",
            "revenue": 40706
        },
        "2005-03": {
            "month": "2005-03",
            "price": "26.82",
            "revenue": 42173
        },
        "2005-04": {
            "month": "2005-04",
            "price": "22.65",
            "revenue": 34100
        },
        "2005-05": {
            "month": "2005-05",
            "price": "19.82",
            "revenue": 38652
        },
        "2005-06": {
            "month": "2005-06",
            "price": "21.34",
            "revenue": 65963
        },
        "2005-07": {
            "month": "2005-07",
            "price": "23.29",
            "revenue": 63271
        },
        "2005-08": {
            "month": "2005-08",
            "price": "21.48",
            "revenue": 57920
        },
        "2005-09": {
            "month": "2005-09",
            "price": "20.33",
            "revenue": 93040
        },
        "2005-10": {
            "month": "2005-10",
            "price": "23.30",
            "revenue": 103127
        },
        "2005-11": {
            "month": "2005-11",
            "price": "23.17",
            "revenue": 57913
        },
        "2005-12": {
            "month": "2005-12",
            "price": "21.88",
            "revenue": 40468
        },
        "2006-01": {
            "month": "2006-01",
            "price": "24.22",
            "revenue": 44862
        },
        "2006-02": {
            "month": "2006-02",
            "price": "25.63",
            "revenue": 45390
        },
        "2006-03": {
            "month": "2006-03",
            "price": "24.30",
            "revenue": 60525
        },
        "2006-04": {
            "month": "2006-04",
            "price": "26.96",
            "revenue": 48577
        },
        "2006-05": {
            "month": "2006-05",
            "price": "25.38",
            "revenue": 41905
        },
        "2006-06": {
            "month": "2006-06",
            "price": "21.80",
            "revenue": 52301
        },
        "2006-07": {
            "month": "2006-07",
            "price": "20.72",
            "revenue": 43088
        },
        "2006-08": {
            "month": "2006-08",
            "price": "20.06",
            "revenue": 61569
        },
        "2006-09": {
            "month": "2006-09",
            "price": "20.46",
            "revenue": 93416
        },
        "2006-10": {
            "month": "2006-10",
            "price": "24.62",
            "revenue": 90364
        },
        "2006-11": {
            "month": "2006-11",
            "price": "23.44",
            "revenue": 45052
        },
        "2006-12": {
            "month": "2006-12",
            "price": "23.54",
            "revenue": 52198
        },
        "2007-01": {
            "month": "2007-01",
            "price": "21.70",
            "revenue": 50627
        },
        "2007-02": {
            "month": "2007-02",
            "price": "20.72",
            "revenue": 48205
        },
        "2007-03": {
            "month": "2007-03",
            "price": "21.54",
            "revenue": 49520
        },
        "2007-04": {
            "month": "2007-04",
            "price": "21.71",
            "revenue": 43698
        },
        "2007-05": {
            "month": "2007-05",
            "price": "20.72",
            "revenue": 42393
        },
        "2007-06": {
            "month": "2007-06",
            "price": "22.34",
            "revenue": 54518
        },
        "2007-07": {
            "month": "2007-07",
            "price": "22.96",
            "revenue": 49867
        },
        "2007-08": {
            "month": "2007-08",
            "price": "21.75",
            "revenue": 68219
        },
        "2007-09": {
            "month": "2007-09",
            "price": "20.29",
            "revenue": 81089
        },
        "2007-10": {
            "month": "2007-10",
            "price": "19.67",
            "revenue": 81658
        },
        "2007-11": {
            "month": "2007-11",
            "price": "14.67",
            "revenue": 69567
        },
        "2007-12": {
            "month": "2007-12",
            "price": "14.35",
            "revenue": 43883
        },
        "2008-01": {
            "month": "2008-01",
            "price": "14.59",
            "revenue": 70026
        },
        "2008-02": {
            "month": "2008-02",
            "price": "13.19",
            "revenue": 44361
        },
        "2008-03": {
            "month": "2008-03",
            "price": "12.90",
            "revenue": 67497
        },
        "2008-04": {
            "month": "2008-04",
            "price": "13.52",
            "revenue": 55546
        },
        "2008-05": {
            "month": "2008-05",
            "price": "13.01",
            "revenue": 43389
        },
        "2008-06": {
            "month": "2008-06",
            "price": "6.99",
            "revenue": 53595
        },
        "2008-07": {
            "month": "2008-07",
            "price": "4.41",
            "revenue": 61781
        },
        "2009-03": {
            "month": "2009-03",
            "price": "1.68",
            "revenue": 46159
        },
        "2009-04": {
            "month": "2009-04",
            "price": "1.73",
            "revenue": 52194
        },
        "2009-05": {
            "month": "2009-05",
            "price": "2.00",
            "revenue": 40194
        },
        "2009-06": {
            "month": "2009-06",
            "price": "2.66",
            "revenue": 40400
        },
        "2009-07": {
            "month": "2009-07",
            "price": "3.36",
            "revenue": 48714
        },
        "2009-08": {
            "month": "2009-08",
            "price": "3.43",
            "revenue": 60120
        },
        "2009-09": {
            "month": "2009-09",
            "price": "8.33",
            "revenue": 57060
        },
        "2009-10": {
            "month": "2009-10",
            "price": "12.00",
            "revenue": 40619
        },
        "2009-11": {
            "month": "2009-11",
            "price": "13.39",
            "revenue": 38296
        },
        "2009-12": {
            "month": "2009-12",
            "price": "13.99",
            "revenue": 48804
        },
        "2010-01": {
            "month": "2010-01",
            "price": "15.98",
            "revenue": 55442
        },
        "2010-02": {
            "month": "2010-02",
            "price": "14.44",
            "revenue": 43562
        },
        "2010-03": {
            "month": "2010-03",
            "price": "14.84",
            "revenue": 63405
        },
        "2010-04": {
            "month": "2010-04",
            "price": "16.48",
            "revenue": 77412
        },
        "2010-05": {
            "month": "2010-05",
            "price": "12.92",
            "revenue": 76846
        },
        "2010-06": {
            "month": "2010-06",
            "price": "13.17",
            "revenue": 62866
        },
        "2010-07": {
            "month": "2010-07",
            "price": "11.87",
            "revenue": 56460
        },
        "2010-08": {
            "month": "2010-08",
            "price": "11.03",
            "revenue": 78827
        },
        "2010-09": {
            "month": "2010-09",
            "price": "11.32",
            "revenue": 73090
        },
        "2010-10": {
            "month": "2010-10",
            "price": "12.09",
            "revenue": 59817
        },
        "2010-11": {
            "month": "2010-11",
            "price": "14.73",
            "revenue": 49997
        },
        "2010-12": {
            "month": "2010-12",
            "price": "16.80",
            "revenue": 59991
        },
        "2011-01": {
            "month": "2011-01",
            "price": "16.38",
            "revenue": 71083
        },
        "2011-02": {
            "month": "2011-02",
            "price": "16.08",
            "revenue": 41484
        },
        "2011-03": {
            "month": "2011-03",
            "price": "15.84",
            "revenue": 76121
        },
        "2011-04": {
            "month": "2011-04",
            "price": "15.47",
            "revenue": 74331
        },
        "2011-05": {
            "month": "2011-05",
            "price": "15.03",
            "revenue": 70063
        },
        "2011-06": {
            "month": "2011-06",
            "price": "14.46",
            "revenue": 51592
        },
        "2011-07": {
            "month": "2011-07",
            "price": "13.79",
            "revenue": 76079
        },
        "2011-08": {
            "month": "2011-08",
            "price": "14.14",
            "revenue": 75202
        },
        "2011-09": {
            "month": "2011-09",
            "price": "14.00",
            "revenue": 81400
        },
        "2011-10": {
            "month": "2011-10",
            "price": "14.54",
            "revenue": 79744
        },
        "2011-11": {
            "month": "2011-11",
            "price": "14.08",
            "revenue": 65897
        },
        "2011-12": {
            "month": "2011-12",
            "price": "12.75",
            "revenue": 57142
        },
        "2012-01": {
            "month": "2012-01",
            "price": "12.34",
            "revenue": 48376
        },
        "2012-02": {
            "month": "2012-02",
            "price": "13.15",
            "revenue": 74018
        },
        "2012-03": {
            "month": "2012-03",
            "price": "13.60",
            "revenue": 99160
        },
        "2012-04": {
            "month": "2012-04",
            "price": "12.86",
            "revenue": 101692
        },
        "2012-05": {
            "month": "2012-05",
            "price": "12.98",
            "revenue": 100612
        },
        "2012-06": {
            "month": "2012-06",
            "price": "12.56",
            "revenue": 111254
        },
        "2012-07": {
            "month": "2012-07",
            "price": "12.34",
            "revenue": 101781
        },
        "2012-08": {
            "month": "2012-08",
            "price": "12.13",
            "revenue": 128773
        },
        "2012-09": {
            "month": "2012-09",
            "price": "21.75",
            "revenue": 119532
        },
        "2012-10": {
            "month": "2012-10",
            "price": "21.30",
            "revenue": 141514
        },
        "2012-11": {
            "month": "2012-11",
            "price": "21.93",
            "revenue": 133895
        },
        "2012-12": {
            "month": "2012-12",
            "price": "24.42",
            "revenue": 112031
        },
        "2013-01": {
            "month": "2013-01",
            "price": "22.72",
            "revenue": 96034
        },
        "2013-02": {
            "month": "2013-02",
            "price": "22.68",
            "revenue": 98374
        },
        "2013-03": {
            "month": "2013-03",
            "price": "24.21",
            "revenue": 132907
        },
        "2013-04": {
            "month": "2013-04",
            "price": "27.74",
            "revenue": 123000
        },
        "2013-05": {
            "month": "2013-05",
            "price": "26.26",
            "revenue": 145814
        },
        "2013-06": {
            "month": "2013-06",
            "price": "26.75",
            "revenue": 116233
        },
        "2013-07": {
            "month": "2013-07",
            "price": "25.24",
            "revenue": 147718
        },
        "2013-08": {
            "month": "2013-08",
            "price": "26.51",
            "revenue": 156053
        },
        "2013-09": {
            "month": "2013-09",
            "price": "26.58",
            "revenue": 122238
        },
        "2013-10": {
            "month": "2013-10",
            "price": "25.99",
            "revenue": 137768
        },
        "2013-11": {
            "month": "2013-11",
            "price": "25.34",
            "revenue": 135917
        },
        "2013-12": {
            "month": "2013-12",
            "price": "24.88",
            "revenue": 153429
        },
        "2014-01": {
            "month": "2014-01",
            "price": "25.42",
            "revenue": 146739
        },
        "2014-02": {
            "month": "2014-02",
            "price": "26.00",
            "revenue": 90671
        },
        "2014-03": {
            "month": "2014-03",
            "price": "25.64",
            "revenue": 134241
        },
        "2014-04": {
            "month": "2014-04",
            "price": "25.21",
            "revenue": 180245
        },
        "2014-05": {
            "month": "2014-05",
            "price": "27.23",
            "revenue": 148092
        },
        "2014-06": {
            "month": "2014-06",
            "price": "27.08",
            "revenue": 144520
        },
        "2014-07": {
            "month": "2014-07",
            "price": "27.22",
            "revenue": 204216
        },
        "2014-08": {
            "month": "2014-08",
            "price": "30.24",
            "revenue": 205744
        },
        "2014-09": {
            "month": "2014-09",
            "price": "30.84",
            "revenue": 206627
        },
        "2014-10": {
            "month": "2014-10",
            "price": "29.46",
            "revenue": 184590
        },
        "2014-11": {
            "month": "2014-11",
            "price": "26.97",
            "revenue": 166657
        },
        "2014-12": {
            "month": "2014-12",
            "price": "26.70",
            "revenue": 186195
        },
        "2015-01": {
            "month": "2015-01",
            "price": "27.30",
            "revenue": 155822
        },
        "2015-02": {
            "month": "2015-02",
            "price": "26.68",
            "revenue": 103416
        },
        "2015-03": {
            "month": "2015-03",
            "price": "26.63",
            "revenue": 157125
        },
        "2015-04": {
            "month": "2015-04",
            "price": "25.59",
            "revenue": 192561
        },
        "2015-05": {
            "month": "2015-05",
            "price": "24.88",
            "revenue": 156460
        },
        "2015-06": {
            "month": "2015-06",
            "price": "23.27",
            "revenue": 168368
        },
        "2015-07": {
            "month": "2015-07",
            "price": "20.63",
            "revenue": 169183
        },
        "2015-08": {
            "month": "2015-08",
            "price": "15.34",
            "revenue": 195923
        },
        "2015-09": {
            "month": "2015-09",
            "price": "15.23",
            "revenue": 203491
        },
        "2015-10": {
            "month": "2015-10",
            "price": "16.75",
            "revenue": 183507
        },
        "2015-11": {
            "month": "2015-11",
            "price": "16.16",
            "revenue": 155483
        },
        "2015-12": {
            "month": "2015-12",
            "price": "15.10",
            "revenue": 166351
        },
        "2016-01": {
            "month": "2016-01",
            "price": "14.30",
            "revenue": 177834
        },
        "2016-02": {
            "month": "2016-02",
            "price": "15.10",
            "revenue": 131659
        },
        "2016-03": {
            "month": "2016-03",
            "price": "16.38",
            "revenue": 170355
        },
        "2016-04": {
            "month": "2016-04",
            "price": "15.22",
            "revenue": 150052
        },
        "2016-05": {
            "month": "2016-05",
            "price": "14.43",
            "revenue": 166062
        },
        "2016-06": {
            "month": "2016-06",
            "price": "14.35",
            "revenue": 184427
        },
        "2016-07": {
            "month": "2016-07",
            "price": "14.32",
            "revenue": 188987
        },
        "2016-08": {
            "month": "2016-08",
            "price": "13.93",
            "revenue": 211408
        },
        "2016-09": {
            "month": "2016-09",
            "price": "13.86",
            "revenue": 221534
        },
        "2016-10": {
            "month": "2016-10",
            "price": "16.89",
            "revenue": 198142
        },
        "2016-11": {
            "month": "2016-11",
            "price": "16.65",
            "revenue": 198513
        },
        "2016-12": {
            "month": "2016-12",
            "price": "16.22",
            "revenue": 206402
        },
        "2017-01": {
            "month": "2017-01",
            "price": "17.77",
            "revenue": 153014
        },
        "2017-02": {
            "month": "2017-02",
            "price": "19.02",
            "revenue": 164858
        },
        "2017-03": {
            "month": "2017-03",
            "price": "18.47",
            "revenue": 209341
        },
        "2017-04": {
            "month": "2017-04",
            "price": "20.44",
            "revenue": 198207
        },
        "2017-05": {
            "month": "2017-05",
            "price": "26.43",
            "revenue": 186082
        },
        "2017-06": {
            "month": "2017-06",
            "price": "24.25",
            "revenue": 219672
        },
        "2017-07": {
            "month": "2017-07",
            "price": "23.61",
            "revenue": 239607
        },
        "2017-08": {
            "month": "2017-08",
            "price": "25.95",
            "revenue": 249217
        },
        "2017-09": {
            "month": "2017-09",
            "price": "27.88",
            "revenue": 278062
        },
        "2017-10": {
            "month": "2017-10",
            "price": "27.16",
            "revenue": 185956
        },
        "2017-11": {
            "month": "2017-11",
            "price": "25.83",
            "revenue": 212876
        },
        "2017-12": {
            "month": "2017-12",
            "price": "25.20",
            "revenue": 194152
        },
        "2018-01": {
            "month": "2018-01",
            "price": "27.88",
            "revenue": 203611
        },
        "2018-02": {
            "month": "2018-02",
            "price": "26.17",
            "revenue": 139717
        },
        "2018-03": {
            "month": "2018-03",
            "price": "25.54",
            "revenue": 199815
        },
        "2018-04": {
            "month": "2018-04",
            "price": "24.17",
            "revenue": 213050
        },
        "2018-05": {
            "month": "2018-05",
            "price": "26.93",
            "revenue": 225749
        },
        "2018-06": {
            "month": "2018-06",
            "price": "32.04",
            "revenue": 226455
        },
        "2018-07": {
            "month": "2018-07",
            "price": "32.39",
            "revenue": 249173
        },
        "2018-08": {
            "month": "2018-08",
            "price": "28.86",
            "revenue": 268338
        },
        "2018-09": {
            "month": "2018-09",
            "price": "24.82",
            "revenue": 263658
        },
        "2018-10": {
            "month": "2018-10",
            "price": "21.41",
            "revenue": 229633
        },
        "2018-11": {
            "month": "2018-11",
            "price": "22.65",
            "revenue": 229273
        },
        "2018-12": {
            "month": "2018-12",
            "price": "23.35",
            "revenue": 162644
        },
        "2019-01": {
            "month": "2019-01",
            "price": "22.17",
            "revenue": 201032
        },
        "2019-02": {
            "month": "2019-02",
            "price": "24.38",
            "revenue": 136920
        },
        "2019-03": {
            "month": "2019-03",
            "price": "27.58",
            "revenue": 213028
        },
        "2019-04": {
            "month": "2019-04",
            "price": "28.00",
            "revenue": 263647
        },
        "2019-05": {
            "month": "2019-05",
            "price": "28.04",
            "revenue": 250861
        },
        "2019-06": {
            "month": "2019-06",
            "price": "27.12",
            "revenue": 242972
        },
        "2019-07": {
            "month": "2019-07",
            "price": "29.50",
            "revenue": 281472
        },
        "2019-08": {
            "month": "2019-08",
            "price": "32.53",
            "revenue": 281707
        },
        "2019-09": {
            "month": "2019-09",
            "price": "35.40",
            "revenue": 268721
        },
        "2019-10": {
            "month": "2019-10",
            "price": "31.90",
            "revenue": 250116
        },
        "2019-11": {
            "month": "2019-11",
            "price": "29.81",
            "revenue": 267733
        },
        "2019-12": {
            "month": "2019-12",
            "price": "34.41",
            "revenue": 244996
        },
        "2020-01": {
            "month": "2020-01",
            "price": "33.76",
            "revenue": 202534
        },
        "2020-02": {
            "month": "2020-02",
            "price": "28.42",
            "revenue": 112972
        },
        "2020-03": {
            "month": "2020-03",
            "price": "22.02",
            "revenue": 258243
        },
        "2020-04": {
            "month": "2020-04",
            "price": "24.07",
            "revenue": 241981
        },
        "2020-05": {
            "month": "2020-05",
            "price": "25.60",
            "revenue": 187201
        },
        "2020-06": {
            "month": "2020-06",
            "price": "24.90",
            "revenue": 249579
        },
        "2020-07": {
            "month": "2020-07",
            "price": "26.07",
            "revenue": 304337
        },
        "2020-08": {
            "month": "2020-08",
            "price": "26.93",
            "revenue": 275200
        },
        "2020-09": {
            "month": "2020-09",
            "price": "25.40",
            "revenue": 311250
        },
        "2020-10": {
            "month": "2020-10",
            "price": "27.14",
            "revenue": 236141
        },
        "2020-11": {
            "month": "2020-11",
            "price": "30.28",
            "revenue": 246689
        },
        "2020-12": {
            "month": "2020-12",
            "price": "35.56",
            "revenue": 289577
        },
        "2021-01": {
            "month": "2021-01",
            "price": "35.74",
            "revenue": 313216
        },
        "2021-02": {
            "month": "2021-02",
            "price": "35.95",
            "revenue": 222989
        },
        "2021-03": {
            "month": "2021-03",
            "price": "37.19",
            "revenue": 215875
        },
        "2021-04": {
            "month": "2021-04",
            "price": "42.72",
            "revenue": 218277
        },
        "2021-05": {
            "month": "2021-05",
            "price": "36.96",
            "revenue": 213347
        },
        "2021-06": {
            "month": "2021-06",
            "price": "37.99",
            "revenue": 238953
        },
        "2021-07": {
            "month": "2021-07",
            "price": "38.01",
            "revenue": 270176
        },
        "2021-08": {
            "month": "2021-08",
            "price": "39.46",
            "revenue": 194799
        },
        "2021-09": {
            "month": "2021-09",
            "price": "38.55",
            "revenue": 209286
        },
        "2021-10": {
            "month": "2021-10",
            "price": "38.09",
            "revenue": 155221
        },
        "2021-11": {
            "month": "2021-11",
            "price": "38.18",
            "revenue": 201316
        }
    }
}
