{
    "summary": {
        "stock_name": "大綜",
        "stock_id": "3147",
        "category": "資訊服務",
        "main_business": "各類電腦,資訊設備,軟硬體及其週邊設備之加工,裝配,買賣<br>電子自動化系統及電腦通信網路系統之設計,銷售<br>電腦程式設計買賣業務",
        "website_url": "http://www.jetwell.com.tw",
        "ceo": "曾振順",
        "pe_ratio": 12,
        "report_year_from": 2001,
        "report_year_to": 2023,
        "age": 22,
        "eps_negative_percentage": 0,
        "eps_growth_avg": {
            "last_all": 40.94,
            "last_2y": 28.69,
            "last_4y": 40.94,
            "last_8y": null,
            "last_12y": null,
            "last_16y": null,
            "last_20y": null,
            "at_2006_last_3y": null,
            "at_2007_last_3y": null,
            "at_2008_last_3y": null,
            "at_2009_last_3y": null,
            "at_2010_last_3y": null,
            "at_2011_last_3y": null,
            "at_2012_last_3y": null,
            "at_2013_last_3y": null,
            "at_2014_last_3y": null,
            "at_2015_last_3y": null,
            "at_2016_last_3y": null,
            "at_2017_last_3y": null,
            "at_2018_last_3y": null,
            "at_2019_last_3y": null,
            "at_2020_last_3y": null,
            "at_2021_last_3y": 41.83,
            "at_2022_last_3y": 26.18,
            "at_2023_last_3y": 26.18,
            "at_2006_last_all": null,
            "at_2007_last_all": null,
            "at_2008_last_all": null,
            "at_2009_last_all": null,
            "at_2010_last_all": null,
            "at_2011_last_all": null,
            "at_2012_last_all": null,
            "at_2013_last_all": null,
            "at_2014_last_all": null,
            "at_2015_last_all": null,
            "at_2016_last_all": null,
            "at_2017_last_all": null,
            "at_2018_last_all": null,
            "at_2019_last_all": 59.33,
            "at_2020_last_all": 39.36,
            "at_2021_last_all": 41.83,
            "at_2022_last_all": 40.94,
            "at_2023_last_all": 40.94
        },
        "latest_eps": 5.75,
        "latest_price": 70.2,
        "latest_roe": 20.84,
        "latest_gross_margin": 17.76,
        "latest_equity": 1104140,
        "latest_revenue": 1059866,
        "latest_gross_profit": 188236,
        "latest_net_income": 84386,
        "latest_debt_ratio": 60.65,
        "latest_current_ratio": 133.97,
        "latest_account_receivable_turnover_ratio": 1.06,
        "latest_inventory_turnover_ratio": 6.08,
        "latest_reinvestment_rate": 21.06,
        "latest_research_to_sale_ratio": null
    },
    "eps_dividends": {
        "2001": {
            "cash": 0,
            "stock": 0,
            "eps": 0
        },
        "2002": {
            "cash": 0,
            "stock": 0,
            "eps": 0
        },
        "2003": {
            "cash": 0.06,
            "stock": 0.56,
            "eps": 0
        },
        "2004": {
            "cash": 0.1,
            "stock": 0,
            "eps": 0
        },
        "2005": {
            "cash": 0,
            "stock": 0,
            "eps": 0
        },
        "2006": {
            "cash": 0,
            "stock": 0,
            "eps": 0
        },
        "2007": {
            "cash": 0.15,
            "stock": 1.3,
            "eps": 0
        },
        "2008": {
            "cash": 0.2,
            "stock": 1,
            "eps": 0
        },
        "2009": {
            "cash": 0.1,
            "stock": 0.76,
            "eps": 0
        },
        "2010": {
            "cash": 0.2,
            "stock": 1.1,
            "eps": 0
        },
        "2011": {
            "cash": 0.2,
            "stock": 1.5,
            "eps": 0
        },
        "2012": {
            "cash": 0.16,
            "stock": 1.2,
            "eps": 0
        },
        "2013": {
            "cash": 0.12,
            "stock": 1,
            "eps": 0
        },
        "2014": {
            "cash": 0.2,
            "stock": 1.1,
            "eps": 0
        },
        "2015": {
            "cash": 0.5,
            "stock": 0,
            "eps": 0
        },
        "2016": {
            "cash": 1.5,
            "stock": 0,
            "eps": 0
        },
        "2017": {
            "cash": 1,
            "stock": 0,
            "eps": 1.23
        },
        "2018": {
            "cash": 1.4,
            "stock": 0,
            "eps": 2.84
        },
        "2019": {
            "cash": 1.7,
            "stock": 0,
            "eps": 3.37
        },
        "2020": {
            "cash": 2.1,
            "stock": 0,
            "eps": 3.35
        },
        "2021": {
            "cash": 2.1,
            "stock": 0,
            "eps": 5
        },
        "2022": {
            "cash": 4,
            "stock": 0,
            "eps": 6.87
        },
        "2023": {
            "cash": 4.5,
            "stock": 0,
            "eps": 2.94
        }
    },
    "dividends": {
        "2003-06-27": {
            "cash": 0.06,
            "stock": 0.56
        },
        "2004-05-20": {
            "cash": 0.1,
            "stock": 0
        },
        "2007-04-19": {
            "cash": 0.15,
            "stock": 1.3
        },
        "2008-06-27": {
            "cash": 0.2,
            "stock": 1
        },
        "2009-04-20": {
            "cash": 0.1,
            "stock": 0.76
        },
        "2010-04-12": {
            "cash": 0.2,
            "stock": 1.1
        },
        "2011-04-01": {
            "cash": 0.2,
            "stock": 1.5
        },
        "2012-03-28": {
            "cash": 0.16,
            "stock": 1.2
        },
        "2013-06-28": {
            "cash": 0.12,
            "stock": 1
        },
        "2014-10-24": {
            "cash": 0.2,
            "stock": 1.1
        },
        "2015-09-25": {
            "cash": 0.5,
            "stock": 0
        },
        "2016-09-23": {
            "cash": 1.5,
            "stock": 0
        },
        "2017-09-22": {
            "cash": 1,
            "stock": 0
        },
        "2018-09-21": {
            "cash": 1.4,
            "stock": 0
        },
        "2019-03-11": {
            "cash": 1.7,
            "stock": 0
        },
        "2020-09-18": {
            "cash": 2.1,
            "stock": 0
        },
        "2021-08-13": {
            "cash": 2.1,
            "stock": 0
        },
        "2022-08-12": {
            "cash": 4,
            "stock": 0
        },
        "2023-09-22": {
            "cash": 4.5,
            "stock": 0
        }
    },
    "prices": {
        "200101": "無",
        "200102": "無",
        "200103": "無",
        "200104": "無",
        "200105": "無",
        "200106": "無",
        "200107": "無",
        "200108": "無",
        "200109": "無",
        "200110": "無",
        "200111": "無",
        "200112": "無",
        "200201": "無",
        "200202": "無",
        "200203": "無",
        "200204": "無",
        "200205": "無",
        "200206": "無",
        "200207": "無",
        "200208": "無",
        "200209": "無",
        "200210": "無",
        "200211": "無",
        "200212": "無",
        "200301": "無",
        "200302": "無",
        "200303": "無",
        "200304": "無",
        "200305": "無",
        "200306": "無",
        "200307": "無",
        "200308": "無",
        "200309": "無",
        "200310": "無",
        "200311": "無",
        "200312": "無",
        "200401": "無",
        "200402": "12.98",
        "200403": "13.53",
        "200404": "13.00",
        "200405": "13.00",
        "200406": "無",
        "200407": "12.20",
        "200408": "無",
        "200409": "無",
        "200410": "11.08",
        "200411": "10.35",
        "200412": "10.05",
        "200501": "10.00",
        "200502": "無",
        "200503": "無",
        "200504": "無",
        "200505": "無",
        "200506": "無",
        "200507": "無",
        "200508": "無",
        "200509": "無",
        "200510": "無",
        "200511": "無",
        "200512": "無",
        "200601": "無",
        "200602": "無",
        "200603": "無",
        "200604": "無",
        "200605": "無",
        "200606": "無",
        "200607": "無",
        "200608": "無",
        "200609": "無",
        "200610": "無",
        "200611": "無",
        "200612": "無",
        "200701": "無",
        "200702": "無",
        "200703": "無",
        "200704": "無",
        "200705": "無",
        "200706": "無",
        "200707": "無",
        "200708": "無",
        "200709": "無",
        "200710": "無",
        "200711": "無",
        "200712": "無",
        "200801": "無",
        "200802": "無",
        "200803": "無",
        "200804": "無",
        "200805": "無",
        "200806": "無",
        "200807": "無",
        "200808": "無",
        "200809": "無",
        "200810": "無",
        "200811": "無",
        "200812": "無",
        "200901": "無",
        "200902": "無",
        "200903": "無",
        "200904": "無",
        "200905": "無",
        "200906": "無",
        "200907": "無",
        "200908": "無",
        "200909": "無",
        "200910": "無",
        "200911": "無",
        "200912": "無",
        "201001": "無",
        "201002": "無",
        "201003": "無",
        "201004": "無",
        "201005": "無",
        "201006": "無",
        "201007": "無",
        "201008": "無",
        "201009": "無",
        "201010": "無",
        "201011": "無",
        "201012": "無",
        "201101": "無",
        "201102": "無",
        "201103": "無",
        "201104": "無",
        "201105": "無",
        "201106": "無",
        "201107": "無",
        "201108": "無",
        "201109": "無",
        "201110": "無",
        "201111": "無",
        "201112": "無",
        "201201": "無",
        "201202": "無",
        "201203": "無",
        "201204": "無",
        "201205": "無",
        "201206": "無",
        "201207": "無",
        "201208": "無",
        "201209": "無",
        "201210": "無",
        "201211": "無",
        "201212": "無",
        "201301": "無",
        "201302": "無",
        "201303": "無",
        "201304": "無",
        "201305": "無",
        "201306": "無",
        "201307": "無",
        "201308": "無",
        "201309": "18.90",
        "201310": "16.14",
        "201311": "14.11",
        "201312": "14.69",
        "201401": "16.49",
        "201402": "17.27",
        "201403": "19.68",
        "201404": "18.88",
        "201405": "17.73",
        "201406": "17.54",
        "201407": "18.20",
        "201408": "17.78",
        "201409": "15.95",
        "201410": "15.27",
        "201411": "13.91",
        "201412": "13.81",
        "201501": "13.90",
        "201502": "14.18",
        "201503": "13.73",
        "201504": "14.29",
        "201505": "14.22",
        "201506": "14.29",
        "201507": "14.08",
        "201508": "13.31",
        "201509": "13.78",
        "201510": "14.06",
        "201511": "14.26",
        "201512": "15.35",
        "201601": "16.13",
        "201602": "15.50",
        "201603": "18.53",
        "201604": "21.67",
        "201605": "21.48",
        "201606": "20.90",
        "201607": "20.69",
        "201608": "19.75",
        "201609": "17.71",
        "201610": "18.74",
        "201611": "17.55",
        "201612": "17.01",
        "201701": "17.05",
        "201702": "16.65",
        "201703": "16.99",
        "201704": "17.06",
        "201705": "15.65",
        "201706": "15.38",
        "201707": "15.00",
        "201708": "15.38",
        "201709": "14.66",
        "201710": "16.22",
        "201711": "17.76",
        "201712": "19.08",
        "201801": "21.83",
        "201802": "22.57",
        "201803": "23.56",
        "201804": "23.93",
        "201805": "23.77",
        "201806": "22.86",
        "201807": "22.11",
        "201808": "21.17",
        "201809": "18.39",
        "201810": "17.00",
        "201811": "18.64",
        "201812": "20.94",
        "201901": "22.54",
        "201902": "28.25",
        "201903": "48.26",
        "201904": "48.04",
        "201905": "44.22",
        "201906": "38.04",
        "201907": "39.79",
        "201908": "41.78",
        "201909": "40.42",
        "201910": "41.01",
        "201911": "43.43",
        "201912": "42.30",
        "202001": "39.40",
        "202002": "34.51",
        "202003": "28.39",
        "202004": "30.10",
        "202005": "32.39",
        "202006": "35.06",
        "202007": "35.11",
        "202008": "34.35",
        "202009": "31.04",
        "202010": "28.65",
        "202011": "29.82",
        "202012": "29.87",
        "202101": "31.46",
        "202102": "33.53",
        "202103": "42.02",
        "202104": "46.74",
        "202105": "45.57",
        "202106": "48.61",
        "202107": "55.66",
        "202108": "54.19",
        "202109": "50.98",
        "202110": "56.16",
        "202111": "53.65",
        "202112": "50.96",
        "202201": "49.69",
        "202202": "47.59",
        "202203": "46.50",
        "202204": "45.31",
        "202205": "44.87",
        "202206": "46.47",
        "202207": "44.57",
        "202208": "55.00",
        "202209": "52.12",
        "202210": "49.80",
        "202211": "52.53",
        "202212": "52.59",
        "202301": "51.91",
        "202302": "55.74",
        "202303": "63.85",
        "202304": "66.08",
        "202305": "66.25",
        "202306": "72.52",
        "202307": "75.64",
        "202308": "73.79",
        "202309": "69.21",
        "202310": "69.16"
    },
    "quarters": {
        "20011": {
            "year_quarter": 20011,
            "year": 2001,
            "quarter": 1,
            "eps": null,
            "eps_growth_year": null,
            "eps_4q": null,
            "eps_4q_growth_year": null,
            "roe": null,
            "roe_4q": 0,
            "gross_profit": null,
            "gross_margin": null,
            "gross_margin_4q_avg": 0,
            "net_income": null,
            "net_income_4q": null,
            "revenue": null,
            "revenue_4q": null,
            "common_shares": null,
            "book_valuer_per_share": null,
            "book_valuer_per_share_4q_avg": 0,
            "equity": null,
            "current_ratio": null,
            "debt_ratio": null,
            "inventory_turnover_ratio": null,
            "account_receivable_turnover_ratio": null,
            "reinvestment_rate": null,
            "research_to_sale_ratio": null,
            "price_fair": 0,
            "eps_avg_yearly": 0,
            "eps_latest_yearly": 0,
            "eps_growth_yearly": 0
        },
        "20012": {
            "year_quarter": 20012,
            "year": 2001,
            "quarter": 2,
            "eps": null,
            "eps_growth_year": null,
            "eps_4q": null,
            "eps_4q_growth_year": null,
            "roe": null,
            "roe_4q": 0,
            "gross_profit": null,
            "gross_margin": null,
            "gross_margin_4q_avg": 0,
            "net_income": null,
            "net_income_4q": null,
            "revenue": null,
            "revenue_4q": null,
            "common_shares": null,
            "book_valuer_per_share": null,
            "book_valuer_per_share_4q_avg": 0,
            "equity": null,
            "current_ratio": null,
            "debt_ratio": null,
            "inventory_turnover_ratio": null,
            "account_receivable_turnover_ratio": null,
            "reinvestment_rate": null,
            "research_to_sale_ratio": null,
            "price_fair": 0,
            "eps_avg_yearly": 0,
            "eps_latest_yearly": 0,
            "eps_growth_yearly": 0
        },
        "20013": {
            "year_quarter": 20013,
            "year": 2001,
            "quarter": 3,
            "eps": null,
            "eps_growth_year": null,
            "eps_4q": null,
            "eps_4q_growth_year": null,
            "roe": null,
            "roe_4q": 0,
            "gross_profit": null,
            "gross_margin": null,
            "gross_margin_4q_avg": 0,
            "net_income": null,
            "net_income_4q": null,
            "revenue": null,
            "revenue_4q": null,
            "common_shares": null,
            "book_valuer_per_share": null,
            "book_valuer_per_share_4q_avg": 0,
            "equity": null,
            "current_ratio": null,
            "debt_ratio": null,
            "inventory_turnover_ratio": null,
            "account_receivable_turnover_ratio": null,
            "reinvestment_rate": null,
            "research_to_sale_ratio": null,
            "price_fair": 0,
            "eps_avg_yearly": 0,
            "eps_latest_yearly": 0,
            "eps_growth_yearly": 0
        },
        "20014": {
            "year_quarter": 20014,
            "year": 2001,
            "quarter": 4,
            "eps": null,
            "eps_growth_year": null,
            "eps_4q": null,
            "eps_4q_growth_year": null,
            "roe": null,
            "roe_4q": 0,
            "gross_profit": null,
            "gross_margin": null,
            "gross_margin_4q_avg": 0,
            "net_income": null,
            "net_income_4q": null,
            "revenue": null,
            "revenue_4q": null,
            "common_shares": null,
            "book_valuer_per_share": null,
            "book_valuer_per_share_4q_avg": 0,
            "equity": null,
            "current_ratio": null,
            "debt_ratio": null,
            "inventory_turnover_ratio": null,
            "account_receivable_turnover_ratio": null,
            "reinvestment_rate": null,
            "research_to_sale_ratio": null,
            "price_fair": 0,
            "eps_avg_yearly": 0,
            "eps_latest_yearly": 0,
            "eps_growth_yearly": 0
        },
        "20021": {
            "year_quarter": 20021,
            "year": 2002,
            "quarter": 1,
            "eps": null,
            "eps_growth_year": null,
            "eps_4q": null,
            "eps_4q_growth_year": null,
            "roe": null,
            "roe_4q": 0,
            "gross_profit": null,
            "gross_margin": null,
            "gross_margin_4q_avg": 0,
            "net_income": null,
            "net_income_4q": null,
            "revenue": null,
            "revenue_4q": null,
            "common_shares": null,
            "book_valuer_per_share": null,
            "book_valuer_per_share_4q_avg": 0,
            "equity": null,
            "current_ratio": null,
            "debt_ratio": null,
            "inventory_turnover_ratio": null,
            "account_receivable_turnover_ratio": null,
            "reinvestment_rate": null,
            "research_to_sale_ratio": null,
            "price_fair": 0,
            "eps_avg_yearly": 0,
            "eps_latest_yearly": 0,
            "eps_growth_yearly": 0
        },
        "20022": {
            "year_quarter": 20022,
            "year": 2002,
            "quarter": 2,
            "eps": null,
            "eps_growth_year": null,
            "eps_4q": null,
            "eps_4q_growth_year": null,
            "roe": null,
            "roe_4q": 0,
            "gross_profit": null,
            "gross_margin": null,
            "gross_margin_4q_avg": 0,
            "net_income": null,
            "net_income_4q": null,
            "revenue": null,
            "revenue_4q": null,
            "common_shares": null,
            "book_valuer_per_share": null,
            "book_valuer_per_share_4q_avg": 0,
            "equity": null,
            "current_ratio": null,
            "debt_ratio": null,
            "inventory_turnover_ratio": null,
            "account_receivable_turnover_ratio": null,
            "reinvestment_rate": null,
            "research_to_sale_ratio": null,
            "price_fair": 0,
            "eps_avg_yearly": 0,
            "eps_latest_yearly": 0,
            "eps_growth_yearly": 0
        },
        "20023": {
            "year_quarter": 20023,
            "year": 2002,
            "quarter": 3,
            "eps": null,
            "eps_growth_year": null,
            "eps_4q": null,
            "eps_4q_growth_year": null,
            "roe": null,
            "roe_4q": 0,
            "gross_profit": null,
            "gross_margin": null,
            "gross_margin_4q_avg": 0,
            "net_income": null,
            "net_income_4q": null,
            "revenue": null,
            "revenue_4q": null,
            "common_shares": null,
            "book_valuer_per_share": null,
            "book_valuer_per_share_4q_avg": 0,
            "equity": null,
            "current_ratio": null,
            "debt_ratio": null,
            "inventory_turnover_ratio": null,
            "account_receivable_turnover_ratio": null,
            "reinvestment_rate": null,
            "research_to_sale_ratio": null,
            "price_fair": 0,
            "eps_avg_yearly": 0,
            "eps_latest_yearly": 0,
            "eps_growth_yearly": 0
        },
        "20024": {
            "year_quarter": 20024,
            "year": 2002,
            "quarter": 4,
            "eps": null,
            "eps_growth_year": null,
            "eps_4q": null,
            "eps_4q_growth_year": null,
            "roe": null,
            "roe_4q": 0,
            "gross_profit": null,
            "gross_margin": null,
            "gross_margin_4q_avg": 0,
            "net_income": null,
            "net_income_4q": null,
            "revenue": null,
            "revenue_4q": null,
            "common_shares": null,
            "book_valuer_per_share": null,
            "book_valuer_per_share_4q_avg": 0,
            "equity": null,
            "current_ratio": null,
            "debt_ratio": null,
            "inventory_turnover_ratio": null,
            "account_receivable_turnover_ratio": null,
            "reinvestment_rate": null,
            "research_to_sale_ratio": null,
            "price_fair": 0,
            "eps_avg_yearly": 0,
            "eps_latest_yearly": 0,
            "eps_growth_yearly": 0
        },
        "20031": {
            "year_quarter": 20031,
            "year": 2003,
            "quarter": 1,
            "eps": null,
            "eps_growth_year": null,
            "eps_4q": null,
            "eps_4q_growth_year": null,
            "roe": null,
            "roe_4q": 0,
            "gross_profit": null,
            "gross_margin": null,
            "gross_margin_4q_avg": 0,
            "net_income": null,
            "net_income_4q": null,
            "revenue": null,
            "revenue_4q": null,
            "common_shares": null,
            "book_valuer_per_share": null,
            "book_valuer_per_share_4q_avg": 0,
            "equity": null,
            "current_ratio": null,
            "debt_ratio": null,
            "inventory_turnover_ratio": null,
            "account_receivable_turnover_ratio": null,
            "reinvestment_rate": null,
            "research_to_sale_ratio": null,
            "price_fair": 0,
            "eps_avg_yearly": 0,
            "eps_latest_yearly": 0,
            "eps_growth_yearly": 0
        },
        "20032": {
            "year_quarter": 20032,
            "year": 2003,
            "quarter": 2,
            "eps": null,
            "eps_growth_year": null,
            "eps_4q": null,
            "eps_4q_growth_year": null,
            "roe": null,
            "roe_4q": 0,
            "gross_profit": null,
            "gross_margin": null,
            "gross_margin_4q_avg": 0,
            "net_income": null,
            "net_income_4q": null,
            "revenue": null,
            "revenue_4q": null,
            "common_shares": null,
            "book_valuer_per_share": null,
            "book_valuer_per_share_4q_avg": 0,
            "equity": null,
            "current_ratio": null,
            "debt_ratio": null,
            "inventory_turnover_ratio": null,
            "account_receivable_turnover_ratio": null,
            "reinvestment_rate": null,
            "research_to_sale_ratio": null,
            "price_fair": 0,
            "eps_avg_yearly": 0,
            "eps_latest_yearly": 0,
            "eps_growth_yearly": 0
        },
        "20033": {
            "year_quarter": 20033,
            "year": 2003,
            "quarter": 3,
            "eps": null,
            "eps_growth_year": null,
            "eps_4q": null,
            "eps_4q_growth_year": null,
            "roe": null,
            "roe_4q": 0,
            "gross_profit": null,
            "gross_margin": null,
            "gross_margin_4q_avg": 0,
            "net_income": null,
            "net_income_4q": null,
            "revenue": null,
            "revenue_4q": null,
            "common_shares": null,
            "book_valuer_per_share": null,
            "book_valuer_per_share_4q_avg": 0,
            "equity": null,
            "current_ratio": null,
            "debt_ratio": null,
            "inventory_turnover_ratio": null,
            "account_receivable_turnover_ratio": null,
            "reinvestment_rate": null,
            "research_to_sale_ratio": null,
            "price_fair": 0,
            "eps_avg_yearly": 0,
            "eps_latest_yearly": 0,
            "eps_growth_yearly": 0
        },
        "20034": {
            "year_quarter": 20034,
            "year": 2003,
            "quarter": 4,
            "eps": null,
            "eps_growth_year": null,
            "eps_4q": null,
            "eps_4q_growth_year": null,
            "roe": null,
            "roe_4q": 0,
            "gross_profit": null,
            "gross_margin": null,
            "gross_margin_4q_avg": 0,
            "net_income": null,
            "net_income_4q": null,
            "revenue": null,
            "revenue_4q": null,
            "common_shares": null,
            "book_valuer_per_share": null,
            "book_valuer_per_share_4q_avg": 0,
            "equity": null,
            "current_ratio": null,
            "debt_ratio": null,
            "inventory_turnover_ratio": null,
            "account_receivable_turnover_ratio": null,
            "reinvestment_rate": null,
            "research_to_sale_ratio": null,
            "price_fair": 0,
            "eps_avg_yearly": 0,
            "eps_latest_yearly": 0,
            "eps_growth_yearly": 0
        },
        "20041": {
            "year_quarter": 20041,
            "year": 2004,
            "quarter": 1,
            "eps": null,
            "eps_growth_year": null,
            "eps_4q": null,
            "eps_4q_growth_year": null,
            "roe": null,
            "roe_4q": 0,
            "gross_profit": null,
            "gross_margin": null,
            "gross_margin_4q_avg": 0,
            "net_income": null,
            "net_income_4q": null,
            "revenue": null,
            "revenue_4q": null,
            "common_shares": null,
            "book_valuer_per_share": null,
            "book_valuer_per_share_4q_avg": 0,
            "equity": null,
            "current_ratio": null,
            "debt_ratio": null,
            "inventory_turnover_ratio": null,
            "account_receivable_turnover_ratio": null,
            "reinvestment_rate": null,
            "research_to_sale_ratio": null,
            "price_fair": 0,
            "eps_avg_yearly": 0,
            "eps_latest_yearly": 0,
            "eps_growth_yearly": 0
        },
        "20042": {
            "year_quarter": 20042,
            "year": 2004,
            "quarter": 2,
            "eps": null,
            "eps_growth_year": null,
            "eps_4q": null,
            "eps_4q_growth_year": null,
            "roe": null,
            "roe_4q": 0,
            "gross_profit": null,
            "gross_margin": null,
            "gross_margin_4q_avg": 0,
            "net_income": null,
            "net_income_4q": null,
            "revenue": null,
            "revenue_4q": null,
            "common_shares": null,
            "book_valuer_per_share": null,
            "book_valuer_per_share_4q_avg": 0,
            "equity": null,
            "current_ratio": null,
            "debt_ratio": null,
            "inventory_turnover_ratio": null,
            "account_receivable_turnover_ratio": null,
            "reinvestment_rate": null,
            "research_to_sale_ratio": null,
            "price_fair": 0,
            "eps_avg_yearly": 0,
            "eps_latest_yearly": 0,
            "eps_growth_yearly": 0
        },
        "20043": {
            "year_quarter": 20043,
            "year": 2004,
            "quarter": 3,
            "eps": null,
            "eps_growth_year": null,
            "eps_4q": null,
            "eps_4q_growth_year": null,
            "roe": null,
            "roe_4q": 0,
            "gross_profit": null,
            "gross_margin": null,
            "gross_margin_4q_avg": 0,
            "net_income": null,
            "net_income_4q": null,
            "revenue": null,
            "revenue_4q": null,
            "common_shares": null,
            "book_valuer_per_share": null,
            "book_valuer_per_share_4q_avg": 0,
            "equity": null,
            "current_ratio": null,
            "debt_ratio": null,
            "inventory_turnover_ratio": null,
            "account_receivable_turnover_ratio": null,
            "reinvestment_rate": null,
            "research_to_sale_ratio": null,
            "price_fair": 0,
            "eps_avg_yearly": 0,
            "eps_latest_yearly": 0,
            "eps_growth_yearly": 0
        },
        "20044": {
            "year_quarter": 20044,
            "year": 2004,
            "quarter": 4,
            "eps": null,
            "eps_growth_year": null,
            "eps_4q": null,
            "eps_4q_growth_year": null,
            "roe": null,
            "roe_4q": 0,
            "gross_profit": null,
            "gross_margin": null,
            "gross_margin_4q_avg": 0,
            "net_income": null,
            "net_income_4q": null,
            "revenue": null,
            "revenue_4q": null,
            "common_shares": null,
            "book_valuer_per_share": null,
            "book_valuer_per_share_4q_avg": 0,
            "equity": null,
            "current_ratio": null,
            "debt_ratio": null,
            "inventory_turnover_ratio": null,
            "account_receivable_turnover_ratio": null,
            "reinvestment_rate": null,
            "research_to_sale_ratio": null,
            "price_fair": 0,
            "eps_avg_yearly": 0,
            "eps_latest_yearly": 0,
            "eps_growth_yearly": 0
        },
        "20051": {
            "year_quarter": 20051,
            "year": 2005,
            "quarter": 1,
            "eps": null,
            "eps_growth_year": null,
            "eps_4q": null,
            "eps_4q_growth_year": null,
            "roe": null,
            "roe_4q": 0,
            "gross_profit": null,
            "gross_margin": null,
            "gross_margin_4q_avg": 0,
            "net_income": null,
            "net_income_4q": null,
            "revenue": null,
            "revenue_4q": null,
            "common_shares": null,
            "book_valuer_per_share": null,
            "book_valuer_per_share_4q_avg": 0,
            "equity": null,
            "current_ratio": null,
            "debt_ratio": null,
            "inventory_turnover_ratio": null,
            "account_receivable_turnover_ratio": null,
            "reinvestment_rate": null,
            "research_to_sale_ratio": null,
            "price_fair": 0,
            "eps_avg_yearly": 0,
            "eps_latest_yearly": 0,
            "eps_growth_yearly": 0
        },
        "20052": {
            "year_quarter": 20052,
            "year": 2005,
            "quarter": 2,
            "eps": null,
            "eps_growth_year": null,
            "eps_4q": null,
            "eps_4q_growth_year": null,
            "roe": null,
            "roe_4q": 0,
            "gross_profit": null,
            "gross_margin": null,
            "gross_margin_4q_avg": 0,
            "net_income": null,
            "net_income_4q": null,
            "revenue": null,
            "revenue_4q": null,
            "common_shares": null,
            "book_valuer_per_share": null,
            "book_valuer_per_share_4q_avg": 0,
            "equity": null,
            "current_ratio": null,
            "debt_ratio": null,
            "inventory_turnover_ratio": null,
            "account_receivable_turnover_ratio": null,
            "reinvestment_rate": null,
            "research_to_sale_ratio": null,
            "price_fair": 0,
            "eps_avg_yearly": 0,
            "eps_latest_yearly": 0,
            "eps_growth_yearly": 0
        },
        "20053": {
            "year_quarter": 20053,
            "year": 2005,
            "quarter": 3,
            "eps": null,
            "eps_growth_year": null,
            "eps_4q": null,
            "eps_4q_growth_year": null,
            "roe": null,
            "roe_4q": 0,
            "gross_profit": null,
            "gross_margin": null,
            "gross_margin_4q_avg": 0,
            "net_income": null,
            "net_income_4q": null,
            "revenue": null,
            "revenue_4q": null,
            "common_shares": null,
            "book_valuer_per_share": null,
            "book_valuer_per_share_4q_avg": 0,
            "equity": null,
            "current_ratio": null,
            "debt_ratio": null,
            "inventory_turnover_ratio": null,
            "account_receivable_turnover_ratio": null,
            "reinvestment_rate": null,
            "research_to_sale_ratio": null,
            "price_fair": 0,
            "eps_avg_yearly": 0,
            "eps_latest_yearly": 0,
            "eps_growth_yearly": 0
        },
        "20054": {
            "year_quarter": 20054,
            "year": 2005,
            "quarter": 4,
            "eps": null,
            "eps_growth_year": null,
            "eps_4q": null,
            "eps_4q_growth_year": null,
            "roe": null,
            "roe_4q": 0,
            "gross_profit": null,
            "gross_margin": null,
            "gross_margin_4q_avg": 0,
            "net_income": null,
            "net_income_4q": null,
            "revenue": null,
            "revenue_4q": null,
            "common_shares": null,
            "book_valuer_per_share": null,
            "book_valuer_per_share_4q_avg": 0,
            "equity": null,
            "current_ratio": null,
            "debt_ratio": null,
            "inventory_turnover_ratio": null,
            "account_receivable_turnover_ratio": null,
            "reinvestment_rate": null,
            "research_to_sale_ratio": null,
            "price_fair": 0,
            "eps_avg_yearly": 0,
            "eps_latest_yearly": 0,
            "eps_growth_yearly": 0
        },
        "20061": {
            "year_quarter": 20061,
            "year": 2006,
            "quarter": 1,
            "eps": null,
            "eps_growth_year": null,
            "eps_4q": null,
            "eps_4q_growth_year": null,
            "roe": null,
            "roe_4q": 0,
            "gross_profit": null,
            "gross_margin": null,
            "gross_margin_4q_avg": 0,
            "net_income": null,
            "net_income_4q": null,
            "revenue": null,
            "revenue_4q": null,
            "common_shares": null,
            "book_valuer_per_share": null,
            "book_valuer_per_share_4q_avg": 0,
            "equity": null,
            "current_ratio": null,
            "debt_ratio": null,
            "inventory_turnover_ratio": null,
            "account_receivable_turnover_ratio": null,
            "reinvestment_rate": null,
            "research_to_sale_ratio": null,
            "price_fair": 0,
            "eps_avg_yearly": 0,
            "eps_latest_yearly": 0,
            "eps_growth_yearly": 0
        },
        "20062": {
            "year_quarter": 20062,
            "year": 2006,
            "quarter": 2,
            "eps": null,
            "eps_growth_year": null,
            "eps_4q": null,
            "eps_4q_growth_year": null,
            "roe": null,
            "roe_4q": 0,
            "gross_profit": null,
            "gross_margin": null,
            "gross_margin_4q_avg": 0,
            "net_income": null,
            "net_income_4q": null,
            "revenue": null,
            "revenue_4q": null,
            "common_shares": null,
            "book_valuer_per_share": null,
            "book_valuer_per_share_4q_avg": 0,
            "equity": null,
            "current_ratio": null,
            "debt_ratio": null,
            "inventory_turnover_ratio": null,
            "account_receivable_turnover_ratio": null,
            "reinvestment_rate": null,
            "research_to_sale_ratio": null,
            "price_fair": 0,
            "eps_avg_yearly": 0,
            "eps_latest_yearly": 0,
            "eps_growth_yearly": 0
        },
        "20063": {
            "year_quarter": 20063,
            "year": 2006,
            "quarter": 3,
            "eps": null,
            "eps_growth_year": null,
            "eps_4q": null,
            "eps_4q_growth_year": null,
            "roe": null,
            "roe_4q": 0,
            "gross_profit": null,
            "gross_margin": null,
            "gross_margin_4q_avg": 0,
            "net_income": null,
            "net_income_4q": null,
            "revenue": null,
            "revenue_4q": null,
            "common_shares": null,
            "book_valuer_per_share": null,
            "book_valuer_per_share_4q_avg": 0,
            "equity": null,
            "current_ratio": null,
            "debt_ratio": null,
            "inventory_turnover_ratio": null,
            "account_receivable_turnover_ratio": null,
            "reinvestment_rate": null,
            "research_to_sale_ratio": null,
            "price_fair": 0,
            "eps_avg_yearly": 0,
            "eps_latest_yearly": 0,
            "eps_growth_yearly": 0
        },
        "20064": {
            "year_quarter": 20064,
            "year": 2006,
            "quarter": 4,
            "eps": null,
            "eps_growth_year": null,
            "eps_4q": null,
            "eps_4q_growth_year": null,
            "roe": null,
            "roe_4q": 0,
            "gross_profit": null,
            "gross_margin": null,
            "gross_margin_4q_avg": 0,
            "net_income": null,
            "net_income_4q": null,
            "revenue": null,
            "revenue_4q": null,
            "common_shares": null,
            "book_valuer_per_share": null,
            "book_valuer_per_share_4q_avg": 0,
            "equity": null,
            "current_ratio": null,
            "debt_ratio": null,
            "inventory_turnover_ratio": null,
            "account_receivable_turnover_ratio": null,
            "reinvestment_rate": null,
            "research_to_sale_ratio": null,
            "price_fair": 0,
            "eps_avg_yearly": 0,
            "eps_latest_yearly": 0,
            "eps_growth_yearly": 0
        },
        "20071": {
            "year_quarter": 20071,
            "year": 2007,
            "quarter": 1,
            "eps": null,
            "eps_growth_year": null,
            "eps_4q": null,
            "eps_4q_growth_year": null,
            "roe": null,
            "roe_4q": 0,
            "gross_profit": null,
            "gross_margin": null,
            "gross_margin_4q_avg": 0,
            "net_income": null,
            "net_income_4q": null,
            "revenue": null,
            "revenue_4q": null,
            "common_shares": null,
            "book_valuer_per_share": null,
            "book_valuer_per_share_4q_avg": 0,
            "equity": null,
            "current_ratio": null,
            "debt_ratio": null,
            "inventory_turnover_ratio": null,
            "account_receivable_turnover_ratio": null,
            "reinvestment_rate": null,
            "research_to_sale_ratio": null,
            "price_fair": 0,
            "eps_avg_yearly": 0,
            "eps_latest_yearly": 0,
            "eps_growth_yearly": 0
        },
        "20072": {
            "year_quarter": 20072,
            "year": 2007,
            "quarter": 2,
            "eps": null,
            "eps_growth_year": null,
            "eps_4q": null,
            "eps_4q_growth_year": null,
            "roe": null,
            "roe_4q": 0,
            "gross_profit": null,
            "gross_margin": null,
            "gross_margin_4q_avg": 0,
            "net_income": null,
            "net_income_4q": null,
            "revenue": null,
            "revenue_4q": null,
            "common_shares": null,
            "book_valuer_per_share": null,
            "book_valuer_per_share_4q_avg": 0,
            "equity": null,
            "current_ratio": null,
            "debt_ratio": null,
            "inventory_turnover_ratio": null,
            "account_receivable_turnover_ratio": null,
            "reinvestment_rate": null,
            "research_to_sale_ratio": null,
            "price_fair": 0,
            "eps_avg_yearly": 0,
            "eps_latest_yearly": 0,
            "eps_growth_yearly": 0
        },
        "20073": {
            "year_quarter": 20073,
            "year": 2007,
            "quarter": 3,
            "eps": null,
            "eps_growth_year": null,
            "eps_4q": null,
            "eps_4q_growth_year": null,
            "roe": null,
            "roe_4q": 0,
            "gross_profit": null,
            "gross_margin": null,
            "gross_margin_4q_avg": 0,
            "net_income": null,
            "net_income_4q": null,
            "revenue": null,
            "revenue_4q": null,
            "common_shares": null,
            "book_valuer_per_share": null,
            "book_valuer_per_share_4q_avg": 0,
            "equity": null,
            "current_ratio": null,
            "debt_ratio": null,
            "inventory_turnover_ratio": null,
            "account_receivable_turnover_ratio": null,
            "reinvestment_rate": null,
            "research_to_sale_ratio": null,
            "price_fair": 0,
            "eps_avg_yearly": 0,
            "eps_latest_yearly": 0,
            "eps_growth_yearly": 0
        },
        "20074": {
            "year_quarter": 20074,
            "year": 2007,
            "quarter": 4,
            "eps": null,
            "eps_growth_year": null,
            "eps_4q": null,
            "eps_4q_growth_year": null,
            "roe": null,
            "roe_4q": 0,
            "gross_profit": null,
            "gross_margin": null,
            "gross_margin_4q_avg": 0,
            "net_income": null,
            "net_income_4q": null,
            "revenue": null,
            "revenue_4q": null,
            "common_shares": null,
            "book_valuer_per_share": null,
            "book_valuer_per_share_4q_avg": 0,
            "equity": null,
            "current_ratio": null,
            "debt_ratio": null,
            "inventory_turnover_ratio": null,
            "account_receivable_turnover_ratio": null,
            "reinvestment_rate": null,
            "research_to_sale_ratio": null,
            "price_fair": 0,
            "eps_avg_yearly": 0,
            "eps_latest_yearly": 0,
            "eps_growth_yearly": 0
        },
        "20081": {
            "year_quarter": 20081,
            "year": 2008,
            "quarter": 1,
            "eps": null,
            "eps_growth_year": null,
            "eps_4q": null,
            "eps_4q_growth_year": null,
            "roe": null,
            "roe_4q": 0,
            "gross_profit": null,
            "gross_margin": null,
            "gross_margin_4q_avg": 0,
            "net_income": null,
            "net_income_4q": null,
            "revenue": null,
            "revenue_4q": null,
            "common_shares": null,
            "book_valuer_per_share": null,
            "book_valuer_per_share_4q_avg": 0,
            "equity": null,
            "current_ratio": null,
            "debt_ratio": null,
            "inventory_turnover_ratio": null,
            "account_receivable_turnover_ratio": null,
            "reinvestment_rate": null,
            "research_to_sale_ratio": null,
            "price_fair": 0,
            "eps_avg_yearly": 0,
            "eps_latest_yearly": 0,
            "eps_growth_yearly": 0
        },
        "20082": {
            "year_quarter": 20082,
            "year": 2008,
            "quarter": 2,
            "eps": null,
            "eps_growth_year": null,
            "eps_4q": null,
            "eps_4q_growth_year": null,
            "roe": null,
            "roe_4q": 0,
            "gross_profit": null,
            "gross_margin": null,
            "gross_margin_4q_avg": 0,
            "net_income": null,
            "net_income_4q": null,
            "revenue": null,
            "revenue_4q": null,
            "common_shares": null,
            "book_valuer_per_share": null,
            "book_valuer_per_share_4q_avg": 0,
            "equity": null,
            "current_ratio": null,
            "debt_ratio": null,
            "inventory_turnover_ratio": null,
            "account_receivable_turnover_ratio": null,
            "reinvestment_rate": null,
            "research_to_sale_ratio": null,
            "price_fair": 0,
            "eps_avg_yearly": 0,
            "eps_latest_yearly": 0,
            "eps_growth_yearly": 0
        },
        "20083": {
            "year_quarter": 20083,
            "year": 2008,
            "quarter": 3,
            "eps": null,
            "eps_growth_year": null,
            "eps_4q": null,
            "eps_4q_growth_year": null,
            "roe": null,
            "roe_4q": 0,
            "gross_profit": null,
            "gross_margin": null,
            "gross_margin_4q_avg": 0,
            "net_income": null,
            "net_income_4q": null,
            "revenue": null,
            "revenue_4q": null,
            "common_shares": null,
            "book_valuer_per_share": null,
            "book_valuer_per_share_4q_avg": 0,
            "equity": null,
            "current_ratio": null,
            "debt_ratio": null,
            "inventory_turnover_ratio": null,
            "account_receivable_turnover_ratio": null,
            "reinvestment_rate": null,
            "research_to_sale_ratio": null,
            "price_fair": 0,
            "eps_avg_yearly": 0,
            "eps_latest_yearly": 0,
            "eps_growth_yearly": 0
        },
        "20084": {
            "year_quarter": 20084,
            "year": 2008,
            "quarter": 4,
            "eps": null,
            "eps_growth_year": null,
            "eps_4q": null,
            "eps_4q_growth_year": null,
            "roe": null,
            "roe_4q": 0,
            "gross_profit": null,
            "gross_margin": null,
            "gross_margin_4q_avg": 0,
            "net_income": null,
            "net_income_4q": null,
            "revenue": null,
            "revenue_4q": null,
            "common_shares": null,
            "book_valuer_per_share": null,
            "book_valuer_per_share_4q_avg": 0,
            "equity": null,
            "current_ratio": null,
            "debt_ratio": null,
            "inventory_turnover_ratio": null,
            "account_receivable_turnover_ratio": null,
            "reinvestment_rate": null,
            "research_to_sale_ratio": null,
            "price_fair": 0,
            "eps_avg_yearly": 0,
            "eps_latest_yearly": 0,
            "eps_growth_yearly": 0
        },
        "20091": {
            "year_quarter": 20091,
            "year": 2009,
            "quarter": 1,
            "eps": null,
            "eps_growth_year": null,
            "eps_4q": null,
            "eps_4q_growth_year": null,
            "roe": null,
            "roe_4q": 0,
            "gross_profit": null,
            "gross_margin": null,
            "gross_margin_4q_avg": 0,
            "net_income": null,
            "net_income_4q": null,
            "revenue": null,
            "revenue_4q": null,
            "common_shares": null,
            "book_valuer_per_share": null,
            "book_valuer_per_share_4q_avg": 0,
            "equity": null,
            "current_ratio": null,
            "debt_ratio": null,
            "inventory_turnover_ratio": null,
            "account_receivable_turnover_ratio": null,
            "reinvestment_rate": null,
            "research_to_sale_ratio": null,
            "price_fair": 0,
            "eps_avg_yearly": 0,
            "eps_latest_yearly": 0,
            "eps_growth_yearly": 0
        },
        "20092": {
            "year_quarter": 20092,
            "year": 2009,
            "quarter": 2,
            "eps": null,
            "eps_growth_year": null,
            "eps_4q": null,
            "eps_4q_growth_year": null,
            "roe": null,
            "roe_4q": 0,
            "gross_profit": null,
            "gross_margin": null,
            "gross_margin_4q_avg": 0,
            "net_income": null,
            "net_income_4q": null,
            "revenue": null,
            "revenue_4q": null,
            "common_shares": null,
            "book_valuer_per_share": null,
            "book_valuer_per_share_4q_avg": 0,
            "equity": null,
            "current_ratio": null,
            "debt_ratio": null,
            "inventory_turnover_ratio": null,
            "account_receivable_turnover_ratio": null,
            "reinvestment_rate": null,
            "research_to_sale_ratio": null,
            "price_fair": 0,
            "eps_avg_yearly": 0,
            "eps_latest_yearly": 0,
            "eps_growth_yearly": 0
        },
        "20093": {
            "year_quarter": 20093,
            "year": 2009,
            "quarter": 3,
            "eps": null,
            "eps_growth_year": null,
            "eps_4q": null,
            "eps_4q_growth_year": null,
            "roe": null,
            "roe_4q": 0,
            "gross_profit": null,
            "gross_margin": null,
            "gross_margin_4q_avg": 0,
            "net_income": null,
            "net_income_4q": null,
            "revenue": null,
            "revenue_4q": null,
            "common_shares": null,
            "book_valuer_per_share": null,
            "book_valuer_per_share_4q_avg": 0,
            "equity": null,
            "current_ratio": null,
            "debt_ratio": null,
            "inventory_turnover_ratio": null,
            "account_receivable_turnover_ratio": null,
            "reinvestment_rate": null,
            "research_to_sale_ratio": null,
            "price_fair": 0,
            "eps_avg_yearly": 0,
            "eps_latest_yearly": 0,
            "eps_growth_yearly": 0
        },
        "20094": {
            "year_quarter": 20094,
            "year": 2009,
            "quarter": 4,
            "eps": null,
            "eps_growth_year": null,
            "eps_4q": null,
            "eps_4q_growth_year": null,
            "roe": null,
            "roe_4q": 0,
            "gross_profit": null,
            "gross_margin": null,
            "gross_margin_4q_avg": 0,
            "net_income": null,
            "net_income_4q": null,
            "revenue": null,
            "revenue_4q": null,
            "common_shares": null,
            "book_valuer_per_share": null,
            "book_valuer_per_share_4q_avg": 0,
            "equity": null,
            "current_ratio": null,
            "debt_ratio": null,
            "inventory_turnover_ratio": null,
            "account_receivable_turnover_ratio": null,
            "reinvestment_rate": null,
            "research_to_sale_ratio": null,
            "price_fair": 0,
            "eps_avg_yearly": 0,
            "eps_latest_yearly": 0,
            "eps_growth_yearly": 0
        },
        "20101": {
            "year_quarter": 20101,
            "year": 2010,
            "quarter": 1,
            "eps": null,
            "eps_growth_year": null,
            "eps_4q": null,
            "eps_4q_growth_year": null,
            "roe": null,
            "roe_4q": 0,
            "gross_profit": null,
            "gross_margin": null,
            "gross_margin_4q_avg": 0,
            "net_income": null,
            "net_income_4q": null,
            "revenue": null,
            "revenue_4q": null,
            "common_shares": null,
            "book_valuer_per_share": null,
            "book_valuer_per_share_4q_avg": 0,
            "equity": null,
            "current_ratio": null,
            "debt_ratio": null,
            "inventory_turnover_ratio": null,
            "account_receivable_turnover_ratio": null,
            "reinvestment_rate": null,
            "research_to_sale_ratio": null,
            "price_fair": 0,
            "eps_avg_yearly": 0,
            "eps_latest_yearly": 0,
            "eps_growth_yearly": 0
        },
        "20102": {
            "year_quarter": 20102,
            "year": 2010,
            "quarter": 2,
            "eps": null,
            "eps_growth_year": null,
            "eps_4q": null,
            "eps_4q_growth_year": null,
            "roe": null,
            "roe_4q": 0,
            "gross_profit": null,
            "gross_margin": null,
            "gross_margin_4q_avg": 0,
            "net_income": null,
            "net_income_4q": null,
            "revenue": null,
            "revenue_4q": null,
            "common_shares": 153868,
            "book_valuer_per_share": null,
            "book_valuer_per_share_4q_avg": 0,
            "equity": 205864,
            "current_ratio": null,
            "debt_ratio": null,
            "inventory_turnover_ratio": null,
            "account_receivable_turnover_ratio": null,
            "reinvestment_rate": null,
            "research_to_sale_ratio": null,
            "price_fair": 0,
            "eps_avg_yearly": 0,
            "eps_latest_yearly": 0,
            "eps_growth_yearly": 0
        },
        "20103": {
            "year_quarter": 20103,
            "year": 2010,
            "quarter": 3,
            "eps": null,
            "eps_growth_year": null,
            "eps_4q": null,
            "eps_4q_growth_year": null,
            "roe": null,
            "roe_4q": 0,
            "gross_profit": null,
            "gross_margin": null,
            "gross_margin_4q_avg": 0,
            "net_income": null,
            "net_income_4q": null,
            "revenue": null,
            "revenue_4q": null,
            "common_shares": null,
            "book_valuer_per_share": null,
            "book_valuer_per_share_4q_avg": 0,
            "equity": null,
            "current_ratio": null,
            "debt_ratio": null,
            "inventory_turnover_ratio": null,
            "account_receivable_turnover_ratio": null,
            "reinvestment_rate": null,
            "research_to_sale_ratio": null,
            "price_fair": 0,
            "eps_avg_yearly": 0,
            "eps_latest_yearly": 0,
            "eps_growth_yearly": 0
        },
        "20104": {
            "year_quarter": 20104,
            "year": 2010,
            "quarter": 4,
            "eps": null,
            "eps_growth_year": null,
            "eps_4q": null,
            "eps_4q_growth_year": null,
            "roe": null,
            "roe_4q": 0,
            "gross_profit": null,
            "gross_margin": null,
            "gross_margin_4q_avg": 0,
            "net_income": null,
            "net_income_4q": null,
            "revenue": null,
            "revenue_4q": null,
            "common_shares": null,
            "book_valuer_per_share": null,
            "book_valuer_per_share_4q_avg": 0,
            "equity": null,
            "current_ratio": null,
            "debt_ratio": null,
            "inventory_turnover_ratio": null,
            "account_receivable_turnover_ratio": null,
            "reinvestment_rate": null,
            "research_to_sale_ratio": null,
            "price_fair": 0,
            "eps_avg_yearly": 0,
            "eps_latest_yearly": 0,
            "eps_growth_yearly": 0
        },
        "20111": {
            "year_quarter": 20111,
            "year": 2011,
            "quarter": 1,
            "eps": null,
            "eps_growth_year": null,
            "eps_4q": null,
            "eps_4q_growth_year": null,
            "roe": null,
            "roe_4q": 0,
            "gross_profit": null,
            "gross_margin": null,
            "gross_margin_4q_avg": 0,
            "net_income": null,
            "net_income_4q": null,
            "revenue": null,
            "revenue_4q": null,
            "common_shares": null,
            "book_valuer_per_share": null,
            "book_valuer_per_share_4q_avg": 0,
            "equity": null,
            "current_ratio": null,
            "debt_ratio": null,
            "inventory_turnover_ratio": null,
            "account_receivable_turnover_ratio": null,
            "reinvestment_rate": null,
            "research_to_sale_ratio": null,
            "price_fair": 0,
            "eps_avg_yearly": 0,
            "eps_latest_yearly": 0,
            "eps_growth_yearly": 0
        },
        "20112": {
            "year_quarter": 20112,
            "year": 2011,
            "quarter": 2,
            "eps": null,
            "eps_growth_year": null,
            "eps_4q": null,
            "eps_4q_growth_year": null,
            "roe": null,
            "roe_4q": 0,
            "gross_profit": null,
            "gross_margin": null,
            "gross_margin_4q_avg": 0,
            "net_income": null,
            "net_income_4q": null,
            "revenue": null,
            "revenue_4q": null,
            "common_shares": 190793,
            "book_valuer_per_share": 13.18,
            "book_valuer_per_share_4q_avg": 3.3,
            "equity": 251447,
            "current_ratio": 149.15,
            "debt_ratio": 59.19,
            "inventory_turnover_ratio": null,
            "account_receivable_turnover_ratio": null,
            "reinvestment_rate": null,
            "research_to_sale_ratio": null,
            "price_fair": 0,
            "eps_avg_yearly": 0,
            "eps_latest_yearly": 0,
            "eps_growth_yearly": 0
        },
        "20113": {
            "year_quarter": 20113,
            "year": 2011,
            "quarter": 3,
            "eps": null,
            "eps_growth_year": null,
            "eps_4q": null,
            "eps_4q_growth_year": null,
            "roe": null,
            "roe_4q": 0,
            "gross_profit": null,
            "gross_margin": null,
            "gross_margin_4q_avg": 0,
            "net_income": null,
            "net_income_4q": null,
            "revenue": null,
            "revenue_4q": null,
            "common_shares": null,
            "book_valuer_per_share": null,
            "book_valuer_per_share_4q_avg": 3.3,
            "equity": null,
            "current_ratio": null,
            "debt_ratio": null,
            "inventory_turnover_ratio": null,
            "account_receivable_turnover_ratio": null,
            "reinvestment_rate": null,
            "research_to_sale_ratio": null,
            "price_fair": 0,
            "eps_avg_yearly": 0,
            "eps_latest_yearly": 0,
            "eps_growth_yearly": 0
        },
        "20114": {
            "year_quarter": 20114,
            "year": 2011,
            "quarter": 4,
            "eps": null,
            "eps_growth_year": null,
            "eps_4q": null,
            "eps_4q_growth_year": null,
            "roe": null,
            "roe_4q": 0,
            "gross_profit": null,
            "gross_margin": null,
            "gross_margin_4q_avg": 0,
            "net_income": null,
            "net_income_4q": null,
            "revenue": null,
            "revenue_4q": null,
            "common_shares": null,
            "book_valuer_per_share": null,
            "book_valuer_per_share_4q_avg": 3.3,
            "equity": null,
            "current_ratio": null,
            "debt_ratio": null,
            "inventory_turnover_ratio": null,
            "account_receivable_turnover_ratio": null,
            "reinvestment_rate": null,
            "research_to_sale_ratio": null,
            "price_fair": 0,
            "eps_avg_yearly": 0,
            "eps_latest_yearly": 0,
            "eps_growth_yearly": 0
        },
        "20121": {
            "year_quarter": 20121,
            "year": 2012,
            "quarter": 1,
            "eps": null,
            "eps_growth_year": null,
            "eps_4q": null,
            "eps_4q_growth_year": null,
            "roe": null,
            "roe_4q": 0,
            "gross_profit": null,
            "gross_margin": null,
            "gross_margin_4q_avg": 0,
            "net_income": null,
            "net_income_4q": null,
            "revenue": null,
            "revenue_4q": null,
            "common_shares": null,
            "book_valuer_per_share": null,
            "book_valuer_per_share_4q_avg": 3.3,
            "equity": null,
            "current_ratio": null,
            "debt_ratio": null,
            "inventory_turnover_ratio": null,
            "account_receivable_turnover_ratio": null,
            "reinvestment_rate": null,
            "research_to_sale_ratio": null,
            "price_fair": 0,
            "eps_avg_yearly": 0,
            "eps_latest_yearly": 0,
            "eps_growth_yearly": 0
        },
        "20122": {
            "year_quarter": 20122,
            "year": 2012,
            "quarter": 2,
            "eps": null,
            "eps_growth_year": null,
            "eps_4q": null,
            "eps_4q_growth_year": null,
            "roe": null,
            "roe_4q": 0,
            "gross_profit": null,
            "gross_margin": null,
            "gross_margin_4q_avg": 0,
            "net_income": null,
            "net_income_4q": null,
            "revenue": null,
            "revenue_4q": null,
            "common_shares": null,
            "book_valuer_per_share": null,
            "book_valuer_per_share_4q_avg": 0,
            "equity": null,
            "current_ratio": null,
            "debt_ratio": null,
            "inventory_turnover_ratio": null,
            "account_receivable_turnover_ratio": null,
            "reinvestment_rate": null,
            "research_to_sale_ratio": null,
            "price_fair": 0,
            "eps_avg_yearly": 0,
            "eps_latest_yearly": 0,
            "eps_growth_yearly": 0
        },
        "20123": {
            "year_quarter": 20123,
            "year": 2012,
            "quarter": 3,
            "eps": null,
            "eps_growth_year": null,
            "eps_4q": null,
            "eps_4q_growth_year": null,
            "roe": null,
            "roe_4q": 0,
            "gross_profit": null,
            "gross_margin": null,
            "gross_margin_4q_avg": 0,
            "net_income": null,
            "net_income_4q": null,
            "revenue": null,
            "revenue_4q": null,
            "common_shares": null,
            "book_valuer_per_share": null,
            "book_valuer_per_share_4q_avg": 0,
            "equity": null,
            "current_ratio": null,
            "debt_ratio": null,
            "inventory_turnover_ratio": null,
            "account_receivable_turnover_ratio": null,
            "reinvestment_rate": null,
            "research_to_sale_ratio": null,
            "price_fair": 0,
            "eps_avg_yearly": 0,
            "eps_latest_yearly": 0,
            "eps_growth_yearly": 0
        },
        "20124": {
            "year_quarter": 20124,
            "year": 2012,
            "quarter": 4,
            "eps": null,
            "eps_growth_year": null,
            "eps_4q": null,
            "eps_4q_growth_year": null,
            "roe": null,
            "roe_4q": 0,
            "gross_profit": null,
            "gross_margin": null,
            "gross_margin_4q_avg": 0,
            "net_income": null,
            "net_income_4q": null,
            "revenue": null,
            "revenue_4q": null,
            "common_shares": 245742,
            "book_valuer_per_share": null,
            "book_valuer_per_share_4q_avg": 0,
            "equity": 302030,
            "current_ratio": null,
            "debt_ratio": null,
            "inventory_turnover_ratio": null,
            "account_receivable_turnover_ratio": null,
            "reinvestment_rate": null,
            "research_to_sale_ratio": null,
            "price_fair": 0,
            "eps_avg_yearly": 0,
            "eps_latest_yearly": 0,
            "eps_growth_yearly": 0
        },
        "20131": {
            "year_quarter": 20131,
            "year": 2013,
            "quarter": 1,
            "eps": null,
            "eps_growth_year": null,
            "eps_4q": null,
            "eps_4q_growth_year": null,
            "roe": null,
            "roe_4q": 0,
            "gross_profit": null,
            "gross_margin": null,
            "gross_margin_4q_avg": 0,
            "net_income": null,
            "net_income_4q": null,
            "revenue": null,
            "revenue_4q": null,
            "common_shares": null,
            "book_valuer_per_share": null,
            "book_valuer_per_share_4q_avg": 0,
            "equity": null,
            "current_ratio": null,
            "debt_ratio": null,
            "inventory_turnover_ratio": null,
            "account_receivable_turnover_ratio": null,
            "reinvestment_rate": null,
            "research_to_sale_ratio": null,
            "price_fair": 0,
            "eps_avg_yearly": 0,
            "eps_latest_yearly": 0,
            "eps_growth_yearly": 0
        },
        "20132": {
            "year_quarter": 20132,
            "year": 2013,
            "quarter": 2,
            "eps": null,
            "eps_growth_year": null,
            "eps_4q": null,
            "eps_4q_growth_year": null,
            "roe": null,
            "roe_4q": 0,
            "gross_profit": null,
            "gross_margin": null,
            "gross_margin_4q_avg": 0,
            "net_income": null,
            "net_income_4q": null,
            "revenue": null,
            "revenue_4q": null,
            "common_shares": 245742,
            "book_valuer_per_share": null,
            "book_valuer_per_share_4q_avg": 0,
            "equity": 323574,
            "current_ratio": null,
            "debt_ratio": null,
            "inventory_turnover_ratio": null,
            "account_receivable_turnover_ratio": null,
            "reinvestment_rate": null,
            "research_to_sale_ratio": null,
            "price_fair": 0,
            "eps_avg_yearly": 0,
            "eps_latest_yearly": 0,
            "eps_growth_yearly": 0
        },
        "20133": {
            "year_quarter": 20133,
            "year": 2013,
            "quarter": 3,
            "eps": null,
            "eps_growth_year": null,
            "eps_4q": null,
            "eps_4q_growth_year": null,
            "roe": null,
            "roe_4q": 0,
            "gross_profit": null,
            "gross_margin": null,
            "gross_margin_4q_avg": 0,
            "net_income": null,
            "net_income_4q": null,
            "revenue": null,
            "revenue_4q": null,
            "common_shares": null,
            "book_valuer_per_share": null,
            "book_valuer_per_share_4q_avg": 0,
            "equity": null,
            "current_ratio": null,
            "debt_ratio": null,
            "inventory_turnover_ratio": null,
            "account_receivable_turnover_ratio": null,
            "reinvestment_rate": null,
            "research_to_sale_ratio": null,
            "price_fair": 0,
            "eps_avg_yearly": 0,
            "eps_latest_yearly": 0,
            "eps_growth_yearly": 0
        },
        "20134": {
            "year_quarter": 20134,
            "year": 2013,
            "quarter": 4,
            "eps": null,
            "eps_growth_year": null,
            "eps_4q": null,
            "eps_4q_growth_year": null,
            "roe": null,
            "roe_4q": 0,
            "gross_profit": null,
            "gross_margin": null,
            "gross_margin_4q_avg": 0,
            "net_income": null,
            "net_income_4q": null,
            "revenue": null,
            "revenue_4q": null,
            "common_shares": 270316,
            "book_valuer_per_share": 12.53,
            "book_valuer_per_share_4q_avg": 3.13,
            "equity": 338688,
            "current_ratio": 140.17,
            "debt_ratio": 60.71,
            "inventory_turnover_ratio": null,
            "account_receivable_turnover_ratio": null,
            "reinvestment_rate": null,
            "research_to_sale_ratio": null,
            "price_fair": 0,
            "eps_avg_yearly": 0,
            "eps_latest_yearly": 0,
            "eps_growth_yearly": 0
        },
        "20141": {
            "year_quarter": 20141,
            "year": 2014,
            "quarter": 1,
            "eps": null,
            "eps_growth_year": null,
            "eps_4q": null,
            "eps_4q_growth_year": null,
            "roe": null,
            "roe_4q": 0,
            "gross_profit": null,
            "gross_margin": null,
            "gross_margin_4q_avg": 0,
            "net_income": null,
            "net_income_4q": null,
            "revenue": null,
            "revenue_4q": null,
            "common_shares": null,
            "book_valuer_per_share": null,
            "book_valuer_per_share_4q_avg": 3.13,
            "equity": null,
            "current_ratio": null,
            "debt_ratio": null,
            "inventory_turnover_ratio": null,
            "account_receivable_turnover_ratio": null,
            "reinvestment_rate": null,
            "research_to_sale_ratio": null,
            "price_fair": 0,
            "eps_avg_yearly": 0,
            "eps_latest_yearly": 0,
            "eps_growth_yearly": 0
        },
        "20142": {
            "year_quarter": 20142,
            "year": 2014,
            "quarter": 2,
            "eps": null,
            "eps_growth_year": null,
            "eps_4q": null,
            "eps_4q_growth_year": null,
            "roe": null,
            "roe_4q": 0,
            "gross_profit": null,
            "gross_margin": null,
            "gross_margin_4q_avg": 0,
            "net_income": null,
            "net_income_4q": null,
            "revenue": null,
            "revenue_4q": null,
            "common_shares": 270316,
            "book_valuer_per_share": 12.52,
            "book_valuer_per_share_4q_avg": 6.26,
            "equity": 338436,
            "current_ratio": 133.55,
            "debt_ratio": 64.97,
            "inventory_turnover_ratio": null,
            "account_receivable_turnover_ratio": null,
            "reinvestment_rate": null,
            "research_to_sale_ratio": null,
            "price_fair": 0,
            "eps_avg_yearly": 0,
            "eps_latest_yearly": 0,
            "eps_growth_yearly": 0
        },
        "20143": {
            "year_quarter": 20143,
            "year": 2014,
            "quarter": 3,
            "eps": null,
            "eps_growth_year": null,
            "eps_4q": null,
            "eps_4q_growth_year": null,
            "roe": null,
            "roe_4q": 0,
            "gross_profit": null,
            "gross_margin": null,
            "gross_margin_4q_avg": 0,
            "net_income": null,
            "net_income_4q": null,
            "revenue": null,
            "revenue_4q": null,
            "common_shares": null,
            "book_valuer_per_share": null,
            "book_valuer_per_share_4q_avg": 6.26,
            "equity": null,
            "current_ratio": null,
            "debt_ratio": null,
            "inventory_turnover_ratio": null,
            "account_receivable_turnover_ratio": null,
            "reinvestment_rate": null,
            "research_to_sale_ratio": null,
            "price_fair": 0,
            "eps_avg_yearly": 0,
            "eps_latest_yearly": 0,
            "eps_growth_yearly": 0
        },
        "20144": {
            "year_quarter": 20144,
            "year": 2014,
            "quarter": 4,
            "eps": null,
            "eps_growth_year": null,
            "eps_4q": null,
            "eps_4q_growth_year": null,
            "roe": null,
            "roe_4q": 0,
            "gross_profit": null,
            "gross_margin": null,
            "gross_margin_4q_avg": 0,
            "net_income": null,
            "net_income_4q": null,
            "revenue": null,
            "revenue_4q": null,
            "common_shares": 300051,
            "book_valuer_per_share": 12.72,
            "book_valuer_per_share_4q_avg": 6.31,
            "equity": 381804,
            "current_ratio": 159.03,
            "debt_ratio": 54.05,
            "inventory_turnover_ratio": null,
            "account_receivable_turnover_ratio": null,
            "reinvestment_rate": null,
            "research_to_sale_ratio": null,
            "price_fair": 0,
            "eps_avg_yearly": 0,
            "eps_latest_yearly": 0,
            "eps_growth_yearly": 0
        },
        "20151": {
            "year_quarter": 20151,
            "year": 2015,
            "quarter": 1,
            "eps": null,
            "eps_growth_year": null,
            "eps_4q": null,
            "eps_4q_growth_year": null,
            "roe": null,
            "roe_4q": 0,
            "gross_profit": null,
            "gross_margin": null,
            "gross_margin_4q_avg": 0,
            "net_income": null,
            "net_income_4q": null,
            "revenue": null,
            "revenue_4q": null,
            "common_shares": null,
            "book_valuer_per_share": null,
            "book_valuer_per_share_4q_avg": 6.31,
            "equity": null,
            "current_ratio": null,
            "debt_ratio": null,
            "inventory_turnover_ratio": null,
            "account_receivable_turnover_ratio": null,
            "reinvestment_rate": null,
            "research_to_sale_ratio": null,
            "price_fair": 0,
            "eps_avg_yearly": 0,
            "eps_latest_yearly": 0,
            "eps_growth_yearly": 0
        },
        "20152": {
            "year_quarter": 20152,
            "year": 2015,
            "quarter": 2,
            "eps": null,
            "eps_growth_year": null,
            "eps_4q": null,
            "eps_4q_growth_year": null,
            "roe": null,
            "roe_4q": 0,
            "gross_profit": null,
            "gross_margin": null,
            "gross_margin_4q_avg": 0,
            "net_income": null,
            "net_income_4q": null,
            "revenue": null,
            "revenue_4q": null,
            "common_shares": 300051,
            "book_valuer_per_share": 12.7,
            "book_valuer_per_share_4q_avg": 6.36,
            "equity": 381165,
            "current_ratio": 146.41,
            "debt_ratio": 60.74,
            "inventory_turnover_ratio": null,
            "account_receivable_turnover_ratio": null,
            "reinvestment_rate": null,
            "research_to_sale_ratio": null,
            "price_fair": 0,
            "eps_avg_yearly": 0,
            "eps_latest_yearly": 0,
            "eps_growth_yearly": 0
        },
        "20153": {
            "year_quarter": 20153,
            "year": 2015,
            "quarter": 3,
            "eps": null,
            "eps_growth_year": null,
            "eps_4q": null,
            "eps_4q_growth_year": null,
            "roe": null,
            "roe_4q": 0,
            "gross_profit": null,
            "gross_margin": null,
            "gross_margin_4q_avg": 0,
            "net_income": null,
            "net_income_4q": null,
            "revenue": null,
            "revenue_4q": null,
            "common_shares": null,
            "book_valuer_per_share": null,
            "book_valuer_per_share_4q_avg": 6.36,
            "equity": null,
            "current_ratio": null,
            "debt_ratio": null,
            "inventory_turnover_ratio": null,
            "account_receivable_turnover_ratio": null,
            "reinvestment_rate": null,
            "research_to_sale_ratio": null,
            "price_fair": 0,
            "eps_avg_yearly": 0,
            "eps_latest_yearly": 0,
            "eps_growth_yearly": 0
        },
        "20154": {
            "year_quarter": 20154,
            "year": 2015,
            "quarter": 4,
            "eps": null,
            "eps_growth_year": null,
            "eps_4q": null,
            "eps_4q_growth_year": null,
            "roe": null,
            "roe_4q": 0,
            "gross_profit": null,
            "gross_margin": null,
            "gross_margin_4q_avg": 0,
            "net_income": null,
            "net_income_4q": null,
            "revenue": null,
            "revenue_4q": null,
            "common_shares": 300051,
            "book_valuer_per_share": 15.22,
            "book_valuer_per_share_4q_avg": 6.98,
            "equity": 456590,
            "current_ratio": 171.5,
            "debt_ratio": 52.23,
            "inventory_turnover_ratio": null,
            "account_receivable_turnover_ratio": null,
            "reinvestment_rate": null,
            "research_to_sale_ratio": null,
            "price_fair": 0,
            "eps_avg_yearly": 0,
            "eps_latest_yearly": 0,
            "eps_growth_yearly": 0
        },
        "20161": {
            "year_quarter": 20161,
            "year": 2016,
            "quarter": 1,
            "eps": null,
            "eps_growth_year": null,
            "eps_4q": null,
            "eps_4q_growth_year": null,
            "roe": null,
            "roe_4q": 0,
            "gross_profit": null,
            "gross_margin": null,
            "gross_margin_4q_avg": 0,
            "net_income": null,
            "net_income_4q": null,
            "revenue": null,
            "revenue_4q": null,
            "common_shares": null,
            "book_valuer_per_share": null,
            "book_valuer_per_share_4q_avg": 6.98,
            "equity": null,
            "current_ratio": null,
            "debt_ratio": null,
            "inventory_turnover_ratio": null,
            "account_receivable_turnover_ratio": null,
            "reinvestment_rate": null,
            "research_to_sale_ratio": null,
            "price_fair": 0,
            "eps_avg_yearly": 0,
            "eps_latest_yearly": 0,
            "eps_growth_yearly": 0
        },
        "20162": {
            "year_quarter": 20162,
            "year": 2016,
            "quarter": 2,
            "eps": null,
            "eps_growth_year": null,
            "eps_4q": null,
            "eps_4q_growth_year": null,
            "roe": null,
            "roe_4q": 0,
            "gross_profit": null,
            "gross_margin": null,
            "gross_margin_4q_avg": 0,
            "net_income": null,
            "net_income_4q": null,
            "revenue": null,
            "revenue_4q": null,
            "common_shares": 300051,
            "book_valuer_per_share": 14.32,
            "book_valuer_per_share_4q_avg": 7.39,
            "equity": 429809,
            "current_ratio": 157.71,
            "debt_ratio": 57.14,
            "inventory_turnover_ratio": null,
            "account_receivable_turnover_ratio": null,
            "reinvestment_rate": null,
            "research_to_sale_ratio": null,
            "price_fair": 0,
            "eps_avg_yearly": 0,
            "eps_latest_yearly": 0,
            "eps_growth_yearly": 0
        },
        "20163": {
            "year_quarter": 20163,
            "year": 2016,
            "quarter": 3,
            "eps": null,
            "eps_growth_year": null,
            "eps_4q": null,
            "eps_4q_growth_year": null,
            "roe": null,
            "roe_4q": 0,
            "gross_profit": null,
            "gross_margin": null,
            "gross_margin_4q_avg": 0,
            "net_income": null,
            "net_income_4q": null,
            "revenue": null,
            "revenue_4q": null,
            "common_shares": null,
            "book_valuer_per_share": null,
            "book_valuer_per_share_4q_avg": 7.39,
            "equity": null,
            "current_ratio": null,
            "debt_ratio": null,
            "inventory_turnover_ratio": null,
            "account_receivable_turnover_ratio": null,
            "reinvestment_rate": null,
            "research_to_sale_ratio": null,
            "price_fair": 0,
            "eps_avg_yearly": 0,
            "eps_latest_yearly": 0,
            "eps_growth_yearly": 0
        },
        "20164": {
            "year_quarter": 20164,
            "year": 2016,
            "quarter": 4,
            "eps": null,
            "eps_growth_year": null,
            "eps_4q": null,
            "eps_4q_growth_year": null,
            "roe": null,
            "roe_4q": 0,
            "gross_profit": null,
            "gross_margin": null,
            "gross_margin_4q_avg": 0,
            "net_income": null,
            "net_income_4q": null,
            "revenue": null,
            "revenue_4q": null,
            "common_shares": 300051,
            "book_valuer_per_share": 14.89,
            "book_valuer_per_share_4q_avg": 7.3,
            "equity": 446908,
            "current_ratio": 173.63,
            "debt_ratio": 51.39,
            "inventory_turnover_ratio": null,
            "account_receivable_turnover_ratio": null,
            "reinvestment_rate": null,
            "research_to_sale_ratio": null,
            "price_fair": 0,
            "eps_avg_yearly": 0,
            "eps_latest_yearly": 0,
            "eps_growth_yearly": 0
        },
        "20171": {
            "year_quarter": 20171,
            "year": 2017,
            "quarter": 1,
            "eps": null,
            "eps_growth_year": null,
            "eps_4q": null,
            "eps_4q_growth_year": null,
            "roe": null,
            "roe_4q": 0,
            "gross_profit": null,
            "gross_margin": null,
            "gross_margin_4q_avg": 0,
            "net_income": null,
            "net_income_4q": null,
            "revenue": null,
            "revenue_4q": null,
            "common_shares": null,
            "book_valuer_per_share": null,
            "book_valuer_per_share_4q_avg": 7.3,
            "equity": null,
            "current_ratio": null,
            "debt_ratio": null,
            "inventory_turnover_ratio": null,
            "account_receivable_turnover_ratio": null,
            "reinvestment_rate": null,
            "research_to_sale_ratio": null,
            "price_fair": 0,
            "eps_avg_yearly": 0,
            "eps_latest_yearly": 0,
            "eps_growth_yearly": 0
        },
        "20172": {
            "year_quarter": 20172,
            "year": 2017,
            "quarter": 2,
            "eps": null,
            "eps_growth_year": null,
            "eps_4q": null,
            "eps_4q_growth_year": null,
            "roe": null,
            "roe_4q": 0,
            "gross_profit": null,
            "gross_margin": null,
            "gross_margin_4q_avg": 0,
            "net_income": null,
            "net_income_4q": null,
            "revenue": null,
            "revenue_4q": null,
            "common_shares": 300051,
            "book_valuer_per_share": 14.63,
            "book_valuer_per_share_4q_avg": 7.38,
            "equity": 439072,
            "current_ratio": 159.2,
            "debt_ratio": 56.45,
            "inventory_turnover_ratio": null,
            "account_receivable_turnover_ratio": null,
            "reinvestment_rate": null,
            "research_to_sale_ratio": null,
            "price_fair": 0,
            "eps_avg_yearly": 0,
            "eps_latest_yearly": 0,
            "eps_growth_yearly": 0
        },
        "20173": {
            "year_quarter": 20173,
            "year": 2017,
            "quarter": 3,
            "eps": 0.16,
            "eps_growth_year": null,
            "eps_4q": null,
            "eps_4q_growth_year": null,
            "roe": 1.11,
            "roe_4q": 1.11,
            "gross_profit": 70690,
            "gross_margin": 11.91,
            "gross_margin_4q_avg": 2.98,
            "net_income": 4923,
            "net_income_4q": null,
            "revenue": 593688,
            "revenue_4q": null,
            "common_shares": 300051,
            "book_valuer_per_share": 14.8,
            "book_valuer_per_share_4q_avg": 11.08,
            "equity": 444127,
            "current_ratio": 158.14,
            "debt_ratio": 57.28,
            "inventory_turnover_ratio": 3.48,
            "account_receivable_turnover_ratio": 0.98,
            "reinvestment_rate": null,
            "research_to_sale_ratio": null,
            "price_fair": 0,
            "eps_avg_yearly": 0,
            "eps_latest_yearly": 0,
            "eps_growth_yearly": 0
        },
        "20174": {
            "year_quarter": 20174,
            "year": 2017,
            "quarter": 4,
            "eps": 1.07,
            "eps_growth_year": null,
            "eps_4q": null,
            "eps_4q_growth_year": null,
            "roe": 7,
            "roe_4q": 8.11,
            "gross_profit": 81596,
            "gross_margin": 13.65,
            "gross_margin_4q_avg": 6.39,
            "net_income": 32233,
            "net_income_4q": null,
            "revenue": 597976,
            "revenue_4q": null,
            "common_shares": 300051,
            "book_valuer_per_share": 15.89,
            "book_valuer_per_share_4q_avg": 11.33,
            "equity": 476640,
            "current_ratio": 168.11,
            "debt_ratio": 54.02,
            "inventory_turnover_ratio": 3.33,
            "account_receivable_turnover_ratio": 1,
            "reinvestment_rate": null,
            "research_to_sale_ratio": null,
            "price_fair": 149.8,
            "eps_avg_yearly": 4.28,
            "eps_latest_yearly": 4.28,
            "eps_growth_yearly": 2275
        },
        "20181": {
            "year_quarter": 20181,
            "year": 2018,
            "quarter": 1,
            "eps": 0.28,
            "eps_growth_year": null,
            "eps_4q": null,
            "eps_4q_growth_year": null,
            "roe": 1.75,
            "roe_4q": 9.86,
            "gross_profit": 70600,
            "gross_margin": 12.76,
            "gross_margin_4q_avg": 9.58,
            "net_income": 8424,
            "net_income_4q": null,
            "revenue": 553118,
            "revenue_4q": null,
            "common_shares": 300051,
            "book_valuer_per_share": 16.17,
            "book_valuer_per_share_4q_avg": 15.37,
            "equity": 485189,
            "current_ratio": 155.77,
            "debt_ratio": 59.47,
            "inventory_turnover_ratio": 2.69,
            "account_receivable_turnover_ratio": 0.91,
            "reinvestment_rate": null,
            "research_to_sale_ratio": null,
            "price_fair": 94.5,
            "eps_avg_yearly": 2.7,
            "eps_latest_yearly": 1.12,
            "eps_growth_yearly": 989.84
        },
        "20182": {
            "year_quarter": 20182,
            "year": 2018,
            "quarter": 2,
            "eps": 0.79,
            "eps_growth_year": null,
            "eps_4q": 2.07,
            "eps_4q_growth_year": null,
            "roe": 4.81,
            "roe_4q": 14.669999999999998,
            "gross_profit": 86940,
            "gross_margin": 11.27,
            "gross_margin_4q_avg": 12.4,
            "net_income": 24927,
            "net_income_4q": null,
            "revenue": 771255,
            "revenue_4q": null,
            "common_shares": 340061,
            "book_valuer_per_share": 16.2,
            "book_valuer_per_share_4q_avg": 15.77,
            "equity": 550861,
            "current_ratio": 158.95,
            "debt_ratio": 58.31,
            "inventory_turnover_ratio": 3.02,
            "account_receivable_turnover_ratio": 1.16,
            "reinvestment_rate": null,
            "research_to_sale_ratio": null,
            "price_fair": 99.87,
            "eps_avg_yearly": 2.85,
            "eps_latest_yearly": 3.16,
            "eps_growth_yearly": 902.75
        },
        "20183": {
            "year_quarter": 20183,
            "year": 2018,
            "quarter": 3,
            "eps": 0.64,
            "eps_growth_year": 300,
            "eps_4q": 2.57,
            "eps_4q_growth_year": null,
            "roe": 3.9,
            "roe_4q": 17.46,
            "gross_profit": 83506,
            "gross_margin": 12.96,
            "gross_margin_4q_avg": 12.66,
            "net_income": 21909,
            "net_income_4q": null,
            "revenue": 644547,
            "revenue_4q": null,
            "common_shares": 340061,
            "book_valuer_per_share": 16.84,
            "book_valuer_per_share_4q_avg": 16.28,
            "equity": 572524,
            "current_ratio": 153.39,
            "debt_ratio": 60.55,
            "inventory_turnover_ratio": 2.2,
            "account_receivable_turnover_ratio": 0.85,
            "reinvestment_rate": null,
            "research_to_sale_ratio": null,
            "price_fair": 97.3,
            "eps_avg_yearly": 2.78,
            "eps_latest_yearly": 2.56,
            "eps_growth_yearly": 658.07
        },
        "20184": {
            "year_quarter": 20184,
            "year": 2018,
            "quarter": 4,
            "eps": 1.13,
            "eps_growth_year": 5.1,
            "eps_4q": 2.75,
            "eps_4q_growth_year": null,
            "roe": 6.49,
            "roe_4q": 16.95,
            "gross_profit": 116052,
            "gross_margin": 12.44,
            "gross_margin_4q_avg": 12.36,
            "net_income": 38395,
            "net_income_4q": null,
            "revenue": 933086,
            "revenue_4q": null,
            "common_shares": 340061,
            "book_valuer_per_share": 17.97,
            "book_valuer_per_share_4q_avg": 16.8,
            "equity": 611153,
            "current_ratio": 166.7,
            "debt_ratio": 54.38,
            "inventory_turnover_ratio": 3.85,
            "account_receivable_turnover_ratio": 1.16,
            "reinvestment_rate": null,
            "research_to_sale_ratio": null,
            "price_fair": 109.48,
            "eps_avg_yearly": 3.13,
            "eps_latest_yearly": 4.52,
            "eps_growth_yearly": 587.71
        },
        "20191": {
            "year_quarter": 20191,
            "year": 2019,
            "quarter": 1,
            "eps": 1.32,
            "eps_growth_year": 371.43,
            "eps_4q": 3.82,
            "eps_4q_growth_year": null,
            "roe": 7.07,
            "roe_4q": 22.27,
            "gross_profit": 115440,
            "gross_margin": 11.89,
            "gross_margin_4q_avg": 12.14,
            "net_income": 44817,
            "net_income_4q": null,
            "revenue": 970961,
            "revenue_4q": null,
            "common_shares": 340061,
            "book_valuer_per_share": 19.31,
            "book_valuer_per_share_4q_avg": 17.58,
            "equity": 656723,
            "current_ratio": 134.45,
            "debt_ratio": 66.84,
            "inventory_turnover_ratio": 4.06,
            "account_receivable_turnover_ratio": 1.08,
            "reinvestment_rate": null,
            "research_to_sale_ratio": null,
            "price_fair": 122.03,
            "eps_avg_yearly": 3.49,
            "eps_latest_yearly": 5.28,
            "eps_growth_yearly": 500.97
        },
        "20192": {
            "year_quarter": 20192,
            "year": 2019,
            "quarter": 2,
            "eps": 0.59,
            "eps_growth_year": -25.32,
            "eps_4q": 3.68,
            "eps_4q_growth_year": 77.51,
            "roe": 3.14,
            "roe_4q": 20.6,
            "gross_profit": 97047,
            "gross_margin": 13.44,
            "gross_margin_4q_avg": 12.68,
            "net_income": 20035,
            "net_income_4q": null,
            "revenue": 722345,
            "revenue_4q": null,
            "common_shares": 340061,
            "book_valuer_per_share": 18.19,
            "book_valuer_per_share_4q_avg": 18.08,
            "equity": 618493,
            "current_ratio": 129.54,
            "debt_ratio": 69.93,
            "inventory_turnover_ratio": 1.89,
            "account_receivable_turnover_ratio": 0.69,
            "reinvestment_rate": null,
            "research_to_sale_ratio": null,
            "price_fair": 116.4,
            "eps_avg_yearly": 3.33,
            "eps_latest_yearly": 2.36,
            "eps_growth_yearly": 397.8
        },
        "20193": {
            "year_quarter": 20193,
            "year": 2019,
            "quarter": 3,
            "eps": 0.82,
            "eps_growth_year": 28.12,
            "eps_4q": 3.85,
            "eps_4q_growth_year": 49.71,
            "roe": 4.39,
            "roe_4q": 21.09,
            "gross_profit": 101288,
            "gross_margin": 12.93,
            "gross_margin_4q_avg": 12.68,
            "net_income": 27738,
            "net_income_4q": null,
            "revenue": 783363,
            "revenue_4q": null,
            "common_shares": 340061,
            "book_valuer_per_share": 18.97,
            "book_valuer_per_share_4q_avg": 18.61,
            "equity": 644980,
            "current_ratio": 139.67,
            "debt_ratio": 60.19,
            "inventory_turnover_ratio": 2.06,
            "account_receivable_turnover_ratio": 0.85,
            "reinvestment_rate": null,
            "research_to_sale_ratio": null,
            "price_fair": 116.2,
            "eps_avg_yearly": 3.32,
            "eps_latest_yearly": 3.28,
            "eps_growth_yearly": 367.57
        },
        "20194": {
            "year_quarter": 20194,
            "year": 2019,
            "quarter": 4,
            "eps": 0.64,
            "eps_growth_year": -43.15,
            "eps_4q": 3.36,
            "eps_4q_growth_year": 22.17,
            "roe": 3.33,
            "roe_4q": 17.93,
            "gross_profit": 114151,
            "gross_margin": 16.12,
            "gross_margin_4q_avg": 13.6,
            "net_income": 21829,
            "net_income_4q": null,
            "revenue": 708048,
            "revenue_4q": null,
            "common_shares": 340061,
            "book_valuer_per_share": 19.62,
            "book_valuer_per_share_4q_avg": 19.02,
            "equity": 667224,
            "current_ratio": 155.73,
            "debt_ratio": 53.98,
            "inventory_turnover_ratio": 2.44,
            "account_receivable_turnover_ratio": 1.06,
            "reinvestment_rate": null,
            "research_to_sale_ratio": null,
            "price_fair": 113.24,
            "eps_avg_yearly": 3.24,
            "eps_latest_yearly": 2.56,
            "eps_growth_yearly": 316.97
        },
        "20201": {
            "year_quarter": 20201,
            "year": 2020,
            "quarter": 1,
            "eps": 0.68,
            "eps_growth_year": -48.48,
            "eps_4q": 2.72,
            "eps_4q_growth_year": -28.8,
            "roe": 3.39,
            "roe_4q": 14.25,
            "gross_profit": 95199,
            "gross_margin": 17.92,
            "gross_margin_4q_avg": 15.1,
            "net_income": 22986,
            "net_income_4q": null,
            "revenue": 531264,
            "revenue_4q": null,
            "common_shares": 340061,
            "book_valuer_per_share": 20.24,
            "book_valuer_per_share_4q_avg": 19.26,
            "equity": 688352,
            "current_ratio": 159.95,
            "debt_ratio": 52.21,
            "inventory_turnover_ratio": 1.93,
            "account_receivable_turnover_ratio": 0.96,
            "reinvestment_rate": null,
            "research_to_sale_ratio": null,
            "price_fair": 111.44,
            "eps_avg_yearly": 3.18,
            "eps_latest_yearly": 2.72,
            "eps_growth_yearly": 287.77
        },
        "20202": {
            "year_quarter": 20202,
            "year": 2020,
            "quarter": 2,
            "eps": 0.48,
            "eps_growth_year": -18.64,
            "eps_4q": 2.61,
            "eps_4q_growth_year": -29.02,
            "roe": 2.46,
            "roe_4q": 13.57,
            "gross_profit": 87861,
            "gross_margin": 14.17,
            "gross_margin_4q_avg": 15.29,
            "net_income": 16277,
            "net_income_4q": null,
            "revenue": 619931,
            "revenue_4q": null,
            "common_shares": 340061,
            "book_valuer_per_share": 18.61,
            "book_valuer_per_share_4q_avg": 19.36,
            "equity": 632697,
            "current_ratio": 143.95,
            "debt_ratio": 59.3,
            "inventory_turnover_ratio": 2.41,
            "account_receivable_turnover_ratio": 1.08,
            "reinvestment_rate": null,
            "research_to_sale_ratio": 0.95,
            "price_fair": 107.42,
            "eps_avg_yearly": 3.07,
            "eps_latest_yearly": 1.92,
            "eps_growth_yearly": 250.92
        },
        "20203": {
            "year_quarter": 20203,
            "year": 2020,
            "quarter": 3,
            "eps": 0.63,
            "eps_growth_year": -23.17,
            "eps_4q": 2.43,
            "eps_4q_growth_year": -36.93,
            "roe": 3.34,
            "roe_4q": 12.52,
            "gross_profit": 97758,
            "gross_margin": 16.98,
            "gross_margin_4q_avg": 16.3,
            "net_income": 21519,
            "net_income_4q": null,
            "revenue": 575778,
            "revenue_4q": null,
            "common_shares": 340061,
            "book_valuer_per_share": 19.25,
            "book_valuer_per_share_4q_avg": 19.43,
            "equity": 654644,
            "current_ratio": 140.24,
            "debt_ratio": 59.78,
            "inventory_turnover_ratio": 2.07,
            "account_receivable_turnover_ratio": 1,
            "reinvestment_rate": null,
            "research_to_sale_ratio": 1.49,
            "price_fair": 105.82,
            "eps_avg_yearly": 3.02,
            "eps_latest_yearly": 2.52,
            "eps_growth_yearly": 240.42
        },
        "20204": {
            "year_quarter": 20204,
            "year": 2020,
            "quarter": 4,
            "eps": 1.56,
            "eps_growth_year": 143.06,
            "eps_4q": 3.35,
            "eps_4q_growth_year": -0.51,
            "roe": 7.81,
            "roe_4q": 17,
            "gross_profit": 148087,
            "gross_margin": 17.34,
            "gross_margin_4q_avg": 16.6,
            "net_income": 53057,
            "net_income_4q": null,
            "revenue": 853969,
            "revenue_4q": null,
            "common_shares": 340061,
            "book_valuer_per_share": 20.72,
            "book_valuer_per_share_4q_avg": 19.71,
            "equity": 704452,
            "current_ratio": 122.69,
            "debt_ratio": 65.67,
            "inventory_turnover_ratio": 2.68,
            "account_receivable_turnover_ratio": 1.3,
            "reinvestment_rate": null,
            "research_to_sale_ratio": 0,
            "price_fair": 114.48,
            "eps_avg_yearly": 3.27,
            "eps_latest_yearly": 6.24,
            "eps_growth_yearly": 267.35
        },
        "20211": {
            "year_quarter": 20211,
            "year": 2021,
            "quarter": 1,
            "eps": 1.47,
            "eps_growth_year": 116.18,
            "eps_4q": 4.15,
            "eps_4q_growth_year": 52.26,
            "roe": 7.22,
            "roe_4q": 20.83,
            "gross_profit": 138848,
            "gross_margin": 15.16,
            "gross_margin_4q_avg": 15.91,
            "net_income": 50117,
            "net_income_4q": null,
            "revenue": 915664,
            "revenue_4q": null,
            "common_shares": 340061,
            "book_valuer_per_share": 20.08,
            "book_valuer_per_share_4q_avg": 19.67,
            "equity": 682900,
            "current_ratio": 119.02,
            "debt_ratio": 68.9,
            "inventory_turnover_ratio": 2.76,
            "account_receivable_turnover_ratio": 1.06,
            "reinvestment_rate": null,
            "research_to_sale_ratio": null,
            "price_fair": 121,
            "eps_avg_yearly": 3.46,
            "eps_latest_yearly": 5.88,
            "eps_growth_yearly": 246.6
        },
        "20212": {
            "year_quarter": 20212,
            "year": 2021,
            "quarter": 2,
            "eps": 1.41,
            "eps_growth_year": 193.75,
            "eps_4q": 5.07,
            "eps_4q_growth_year": 94.25,
            "roe": 6.77,
            "roe_4q": 25.139999999999997,
            "gross_profit": 156011,
            "gross_margin": 14.11,
            "gross_margin_4q_avg": 15.9,
            "net_income": 47860,
            "net_income_4q": null,
            "revenue": 1105750,
            "revenue_4q": null,
            "common_shares": 340061,
            "book_valuer_per_share": 21.49,
            "book_valuer_per_share_4q_avg": 20.39,
            "equity": 730819,
            "current_ratio": 116.33,
            "debt_ratio": 71.89,
            "inventory_turnover_ratio": 3.25,
            "account_receivable_turnover_ratio": 1,
            "reinvestment_rate": 53.09,
            "research_to_sale_ratio": 0,
            "price_fair": 126.09,
            "eps_avg_yearly": 3.6,
            "eps_latest_yearly": 5.64,
            "eps_growth_yearly": 229.08
        },
        "20213": {
            "year_quarter": 20213,
            "year": 2021,
            "quarter": 3,
            "eps": 1.41,
            "eps_growth_year": 123.81,
            "eps_4q": 5.17,
            "eps_4q_growth_year": 112.76,
            "roe": 5.78,
            "roe_4q": 27.58,
            "gross_profit": 158359,
            "gross_margin": 11.71,
            "gross_margin_4q_avg": 14.58,
            "net_income": 50568,
            "net_income_4q": null,
            "revenue": 1352040,
            "revenue_4q": null,
            "common_shares": 390061,
            "book_valuer_per_share": 26.14,
            "book_valuer_per_share_4q_avg": 22.11,
            "equity": 1019582,
            "current_ratio": 121.87,
            "debt_ratio": 72.2,
            "inventory_turnover_ratio": 2.14,
            "account_receivable_turnover_ratio": 0.9,
            "reinvestment_rate": 47.9,
            "research_to_sale_ratio": 0,
            "price_fair": 130.55,
            "eps_avg_yearly": 3.73,
            "eps_latest_yearly": 5.64,
            "eps_growth_yearly": 214.76
        },
        "20214": {
            "year_quarter": 20214,
            "year": 2021,
            "quarter": 4,
            "eps": 0.71,
            "eps_growth_year": -54.31,
            "eps_4q": 4.52,
            "eps_4q_growth_year": 35.05,
            "roe": 2.69,
            "roe_4q": 22.46,
            "gross_profit": 135708,
            "gross_margin": 10.54,
            "gross_margin_4q_avg": 12.88,
            "net_income": 27805,
            "net_income_4q": null,
            "revenue": 1287419,
            "revenue_4q": null,
            "common_shares": 390061,
            "book_valuer_per_share": 26.93,
            "book_valuer_per_share_4q_avg": 23.66,
            "equity": 1050388,
            "current_ratio": 157.24,
            "debt_ratio": 50.58,
            "inventory_turnover_ratio": 2.03,
            "account_receivable_turnover_ratio": 1.06,
            "reinvestment_rate": 47.79,
            "research_to_sale_ratio": 0,
            "price_fair": 127.4,
            "eps_avg_yearly": 3.64,
            "eps_latest_yearly": 2.84,
            "eps_growth_yearly": 60.16
        },
        "20221": {
            "year_quarter": 20221,
            "year": 2022,
            "quarter": 1,
            "eps": 1.6,
            "eps_growth_year": 8.84,
            "eps_4q": 4.84,
            "eps_4q_growth_year": 16.66,
            "roe": 6.21,
            "roe_4q": 21.45,
            "gross_profit": 138891,
            "gross_margin": 17.77,
            "gross_margin_4q_avg": 13.53,
            "net_income": 62396,
            "net_income_4q": null,
            "revenue": 781587,
            "revenue_4q": null,
            "common_shares": 390061,
            "book_valuer_per_share": 24.56,
            "book_valuer_per_share_4q_avg": 24.78,
            "equity": 958143,
            "current_ratio": 142.82,
            "debt_ratio": 56.32,
            "inventory_turnover_ratio": 2.07,
            "account_receivable_turnover_ratio": 1.14,
            "reinvestment_rate": 43.07,
            "research_to_sale_ratio": null,
            "price_fair": 138.95,
            "eps_avg_yearly": 3.97,
            "eps_latest_yearly": 6.4,
            "eps_growth_yearly": 109.96
        },
        "20222": {
            "year_quarter": 20222,
            "year": 2022,
            "quarter": 2,
            "eps": 2.46,
            "eps_growth_year": 74.47,
            "eps_4q": 6.07,
            "eps_4q_growth_year": 19.64,
            "roe": 9.57,
            "roe_4q": 24.250000000000004,
            "gross_profit": 178453,
            "gross_margin": 16.75,
            "gross_margin_4q_avg": 14.19,
            "net_income": 96029,
            "net_income_4q": null,
            "revenue": 1065672,
            "revenue_4q": null,
            "common_shares": 390061,
            "book_valuer_per_share": 26.91,
            "book_valuer_per_share_4q_avg": 26.14,
            "equity": 1049562,
            "current_ratio": 143.76,
            "debt_ratio": 56.21,
            "inventory_turnover_ratio": 3.98,
            "account_receivable_turnover_ratio": 1.26,
            "reinvestment_rate": 37.79,
            "research_to_sale_ratio": null,
            "price_fair": 153.56,
            "eps_avg_yearly": 4.39,
            "eps_latest_yearly": 9.84,
            "eps_growth_yearly": 77.86
        },
        "20223": {
            "year_quarter": 20223,
            "year": 2022,
            "quarter": 3,
            "eps": 1.93,
            "eps_growth_year": 36.88,
            "eps_4q": 6.71,
            "eps_4q_growth_year": 29.73,
            "roe": 6.92,
            "roe_4q": 25.390000000000004,
            "gross_profit": 143961,
            "gross_margin": 17.89,
            "gross_margin_4q_avg": 15.74,
            "net_income": 75316,
            "net_income_4q": null,
            "revenue": 804685,
            "revenue_4q": null,
            "common_shares": 390061,
            "book_valuer_per_share": 28.92,
            "book_valuer_per_share_4q_avg": 26.83,
            "equity": 1127898,
            "current_ratio": 149.53,
            "debt_ratio": 54.43,
            "inventory_turnover_ratio": 5.05,
            "account_receivable_turnover_ratio": 0.8,
            "reinvestment_rate": 37.31,
            "research_to_sale_ratio": null,
            "price_fair": 164.85,
            "eps_avg_yearly": 4.71,
            "eps_latest_yearly": 7.72,
            "eps_growth_yearly": 77.22
        },
        "20224": {
            "year_quarter": 20224,
            "year": 2022,
            "quarter": 4,
            "eps": 0.88,
            "eps_growth_year": 23.94,
            "eps_4q": 6.88,
            "eps_4q_growth_year": 52.09,
            "roe": 3.01,
            "roe_4q": 25.71,
            "gross_profit": 127123,
            "gross_margin": 15.62,
            "gross_margin_4q_avg": 17.01,
            "net_income": 34461,
            "net_income_4q": null,
            "revenue": 813974,
            "revenue_4q": null,
            "common_shares": 390061,
            "book_valuer_per_share": 29.78,
            "book_valuer_per_share_4q_avg": 27.54,
            "equity": 1161444,
            "current_ratio": 152.73,
            "debt_ratio": 51.55,
            "inventory_turnover_ratio": 5.41,
            "account_receivable_turnover_ratio": 0.86,
            "reinvestment_rate": 38.17,
            "research_to_sale_ratio": null,
            "price_fair": 162.66,
            "eps_avg_yearly": 4.65,
            "eps_latest_yearly": 3.52,
            "eps_growth_yearly": 44.48
        },
        "20231": {
            "year_quarter": 20231,
            "year": 2023,
            "quarter": 1,
            "eps": 0.78,
            "eps_growth_year": -51.25,
            "eps_4q": 6.05,
            "eps_4q_growth_year": 25.15,
            "roe": 2.78,
            "roe_4q": 22.28,
            "gross_profit": 117901,
            "gross_margin": 15.13,
            "gross_margin_4q_avg": 16.35,
            "net_income": 30262,
            "net_income_4q": null,
            "revenue": 779004,
            "revenue_4q": null,
            "common_shares": 390061,
            "book_valuer_per_share": 26.1,
            "book_valuer_per_share_4q_avg": 27.93,
            "equity": 1017888,
            "current_ratio": 132.53,
            "debt_ratio": 58.42,
            "inventory_turnover_ratio": 5.81,
            "account_receivable_turnover_ratio": 0.9,
            "reinvestment_rate": 21.76,
            "research_to_sale_ratio": null,
            "price_fair": 157.94,
            "eps_avg_yearly": 4.51,
            "eps_latest_yearly": 3.12,
            "eps_growth_yearly": 37.43
        },
        "20232": {
            "year_quarter": 20232,
            "year": 2023,
            "quarter": 2,
            "eps": 2.16,
            "eps_growth_year": -12.2,
            "eps_4q": 5.75,
            "eps_4q_growth_year": -5.23,
            "roe": 7.95,
            "roe_4q": 20.66,
            "gross_profit": 188236,
            "gross_margin": 17.76,
            "gross_margin_4q_avg": 16.6,
            "net_income": 84386,
            "net_income_4q": null,
            "revenue": 1059866,
            "revenue_4q": null,
            "common_shares": 390061,
            "book_valuer_per_share": 28.31,
            "book_valuer_per_share_4q_avg": 28.28,
            "equity": 1104140,
            "current_ratio": 133.97,
            "debt_ratio": 60.65,
            "inventory_turnover_ratio": 6.08,
            "account_receivable_turnover_ratio": 1.06,
            "reinvestment_rate": 21.06,
            "research_to_sale_ratio": null,
            "price_fair": 171.68,
            "eps_avg_yearly": 4.91,
            "eps_latest_yearly": 8.64,
            "eps_growth_yearly": 95.49
        }
    },
    "months": {
        "2013-09": {
            "month": "2013-09",
            "price": "18.90",
            "revenue": 173835
        },
        "2013-10": {
            "month": "2013-10",
            "price": "16.14",
            "revenue": 179397
        },
        "2013-11": {
            "month": "2013-11",
            "price": "14.11",
            "revenue": 140512
        },
        "2013-12": {
            "month": "2013-12",
            "price": "14.69",
            "revenue": 147999
        },
        "2014-01": {
            "month": "2014-01",
            "price": "16.49",
            "revenue": 197357
        },
        "2014-02": {
            "month": "2014-02",
            "price": "17.27",
            "revenue": 133065
        },
        "2014-03": {
            "month": "2014-03",
            "price": "19.68",
            "revenue": 129443
        },
        "2014-04": {
            "month": "2014-04",
            "price": "18.88",
            "revenue": 182399
        },
        "2014-05": {
            "month": "2014-05",
            "price": "17.73",
            "revenue": 179495
        },
        "2014-06": {
            "month": "2014-06",
            "price": "17.54",
            "revenue": 149116
        },
        "2014-07": {
            "month": "2014-07",
            "price": "18.20",
            "revenue": 160979
        },
        "2014-08": {
            "month": "2014-08",
            "price": "17.78",
            "revenue": 168457
        },
        "2014-09": {
            "month": "2014-09",
            "price": "15.95",
            "revenue": 149934
        },
        "2014-10": {
            "month": "2014-10",
            "price": "15.27",
            "revenue": 182736
        },
        "2014-11": {
            "month": "2014-11",
            "price": "13.91",
            "revenue": 163647
        },
        "2014-12": {
            "month": "2014-12",
            "price": "13.81",
            "revenue": 317864
        },
        "2015-01": {
            "month": "2015-01",
            "price": "13.90",
            "revenue": 146722
        },
        "2015-02": {
            "month": "2015-02",
            "price": "14.18",
            "revenue": 100592
        },
        "2015-03": {
            "month": "2015-03",
            "price": "13.73",
            "revenue": 167278
        },
        "2015-04": {
            "month": "2015-04",
            "price": "14.29",
            "revenue": 175928
        },
        "2015-05": {
            "month": "2015-05",
            "price": "14.22",
            "revenue": 202300
        },
        "2015-06": {
            "month": "2015-06",
            "price": "14.29",
            "revenue": 283889
        },
        "2015-07": {
            "month": "2015-07",
            "price": "14.08",
            "revenue": 252855
        },
        "2015-08": {
            "month": "2015-08",
            "price": "13.31",
            "revenue": 196015
        },
        "2015-09": {
            "month": "2015-09",
            "price": "13.78",
            "revenue": 353606
        },
        "2015-10": {
            "month": "2015-10",
            "price": "14.06",
            "revenue": 276839
        },
        "2015-11": {
            "month": "2015-11",
            "price": "14.26",
            "revenue": 290198
        },
        "2015-12": {
            "month": "2015-12",
            "price": "15.35",
            "revenue": 258575
        },
        "2016-01": {
            "month": "2016-01",
            "price": "16.13",
            "revenue": 332081
        },
        "2016-02": {
            "month": "2016-02",
            "price": "15.50",
            "revenue": 146268
        },
        "2016-03": {
            "month": "2016-03",
            "price": "18.53",
            "revenue": 234758
        },
        "2016-04": {
            "month": "2016-04",
            "price": "21.67",
            "revenue": 213482
        },
        "2016-05": {
            "month": "2016-05",
            "price": "21.48",
            "revenue": 182025
        },
        "2016-06": {
            "month": "2016-06",
            "price": "20.90",
            "revenue": 168925
        },
        "2016-07": {
            "month": "2016-07",
            "price": "20.69",
            "revenue": 199772
        },
        "2016-08": {
            "month": "2016-08",
            "price": "19.75",
            "revenue": 160968
        },
        "2016-09": {
            "month": "2016-09",
            "price": "17.71",
            "revenue": 186160
        },
        "2016-10": {
            "month": "2016-10",
            "price": "18.74",
            "revenue": 150704
        },
        "2016-11": {
            "month": "2016-11",
            "price": "17.55",
            "revenue": 150223
        },
        "2016-12": {
            "month": "2016-12",
            "price": "17.01",
            "revenue": 245017
        },
        "2017-01": {
            "month": "2017-01",
            "price": "17.05",
            "revenue": 162265
        },
        "2017-02": {
            "month": "2017-02",
            "price": "16.65",
            "revenue": 152392
        },
        "2017-03": {
            "month": "2017-03",
            "price": "16.99",
            "revenue": 209130
        },
        "2017-04": {
            "month": "2017-04",
            "price": "17.06",
            "revenue": 133613
        },
        "2017-05": {
            "month": "2017-05",
            "price": "15.65",
            "revenue": 142092
        },
        "2017-06": {
            "month": "2017-06",
            "price": "15.38",
            "revenue": 283073
        },
        "2017-07": {
            "month": "2017-07",
            "price": "15.00",
            "revenue": 201655
        },
        "2017-08": {
            "month": "2017-08",
            "price": "15.38",
            "revenue": 171666
        },
        "2017-09": {
            "month": "2017-09",
            "price": "14.66",
            "revenue": 216418
        },
        "2017-10": {
            "month": "2017-10",
            "price": "16.22",
            "revenue": 175266
        },
        "2017-11": {
            "month": "2017-11",
            "price": "17.76",
            "revenue": 187940
        },
        "2017-12": {
            "month": "2017-12",
            "price": "19.08",
            "revenue": 234336
        },
        "2018-01": {
            "month": "2018-01",
            "price": "21.83",
            "revenue": 212402
        },
        "2018-02": {
            "month": "2018-02",
            "price": "22.57",
            "revenue": 106537
        },
        "2018-03": {
            "month": "2018-03",
            "price": "23.56",
            "revenue": 234349
        },
        "2018-04": {
            "month": "2018-04",
            "price": "23.93",
            "revenue": 224318
        },
        "2018-05": {
            "month": "2018-05",
            "price": "23.77",
            "revenue": 327017
        },
        "2018-06": {
            "month": "2018-06",
            "price": "22.86",
            "revenue": 220101
        },
        "2018-07": {
            "month": "2018-07",
            "price": "22.11",
            "revenue": 280579
        },
        "2018-08": {
            "month": "2018-08",
            "price": "21.17",
            "revenue": 163560
        },
        "2018-09": {
            "month": "2018-09",
            "price": "18.39",
            "revenue": 198267
        },
        "2018-10": {
            "month": "2018-10",
            "price": "17.00",
            "revenue": 318318
        },
        "2018-11": {
            "month": "2018-11",
            "price": "18.64",
            "revenue": 312716
        },
        "2018-12": {
            "month": "2018-12",
            "price": "20.94",
            "revenue": 303965
        },
        "2019-01": {
            "month": "2019-01",
            "price": "22.54",
            "revenue": 409063
        },
        "2019-02": {
            "month": "2019-02",
            "price": "28.25",
            "revenue": 281360
        },
        "2019-03": {
            "month": "2019-03",
            "price": "48.26",
            "revenue": 281049
        },
        "2019-04": {
            "month": "2019-04",
            "price": "48.04",
            "revenue": 331766
        },
        "2019-05": {
            "month": "2019-05",
            "price": "44.22",
            "revenue": 209008
        },
        "2019-06": {
            "month": "2019-06",
            "price": "38.04",
            "revenue": 179604
        },
        "2019-07": {
            "month": "2019-07",
            "price": "39.79",
            "revenue": 350241
        },
        "2019-08": {
            "month": "2019-08",
            "price": "41.78",
            "revenue": 176405
        },
        "2019-09": {
            "month": "2019-09",
            "price": "40.42",
            "revenue": 261318
        },
        "2019-10": {
            "month": "2019-10",
            "price": "41.01",
            "revenue": 232897
        },
        "2019-11": {
            "month": "2019-11",
            "price": "43.43",
            "revenue": 202452
        },
        "2019-12": {
            "month": "2019-12",
            "price": "42.30",
            "revenue": 269886
        },
        "2020-01": {
            "month": "2020-01",
            "price": "39.40",
            "revenue": 174316
        },
        "2020-02": {
            "month": "2020-02",
            "price": "34.51",
            "revenue": 180365
        },
        "2020-03": {
            "month": "2020-03",
            "price": "28.39",
            "revenue": 177103
        },
        "2020-04": {
            "month": "2020-04",
            "price": "30.10",
            "revenue": 185637
        },
        "2020-05": {
            "month": "2020-05",
            "price": "32.39",
            "revenue": 239282
        },
        "2020-06": {
            "month": "2020-06",
            "price": "35.06",
            "revenue": 197489
        },
        "2020-07": {
            "month": "2020-07",
            "price": "35.11",
            "revenue": 208296
        },
        "2020-08": {
            "month": "2020-08",
            "price": "34.35",
            "revenue": 178433
        },
        "2020-09": {
            "month": "2020-09",
            "price": "31.04",
            "revenue": 186395
        },
        "2020-10": {
            "month": "2020-10",
            "price": "28.65",
            "revenue": 246576
        },
        "2020-11": {
            "month": "2020-11",
            "price": "29.82",
            "revenue": 241217
        },
        "2020-12": {
            "month": "2020-12",
            "price": "29.87",
            "revenue": 364073
        },
        "2021-01": {
            "month": "2021-01",
            "price": "31.46",
            "revenue": 258427
        },
        "2021-02": {
            "month": "2021-02",
            "price": "33.53",
            "revenue": 332256
        },
        "2021-03": {
            "month": "2021-03",
            "price": "42.02",
            "revenue": 324616
        },
        "2021-04": {
            "month": "2021-04",
            "price": "46.74",
            "revenue": 384650
        },
        "2021-05": {
            "month": "2021-05",
            "price": "45.57",
            "revenue": 346547
        },
        "2021-06": {
            "month": "2021-06",
            "price": "48.61",
            "revenue": 375213
        },
        "2021-07": {
            "month": "2021-07",
            "price": "55.66",
            "revenue": 439871
        },
        "2021-08": {
            "month": "2021-08",
            "price": "54.19",
            "revenue": 440025
        },
        "2021-09": {
            "month": "2021-09",
            "price": "50.98",
            "revenue": 471532
        },
        "2021-10": {
            "month": "2021-10",
            "price": "56.16",
            "revenue": 451011
        },
        "2021-11": {
            "month": "2021-11",
            "price": "53.65",
            "revenue": 437247
        },
        "2021-12": {
            "month": "2021-12",
            "price": "50.96",
            "revenue": 395330
        },
        "2022-01": {
            "month": "2022-01",
            "price": "49.69",
            "revenue": 260481
        },
        "2022-02": {
            "month": "2022-02",
            "price": "47.59",
            "revenue": 234404
        },
        "2022-03": {
            "month": "2022-03",
            "price": "46.50",
            "revenue": 270178
        },
        "2022-04": {
            "month": "2022-04",
            "price": "45.31",
            "revenue": 315162
        },
        "2022-05": {
            "month": "2022-05",
            "price": "44.87",
            "revenue": 355863
        },
        "2022-06": {
            "month": "2022-06",
            "price": "46.47",
            "revenue": 393886
        },
        "2022-07": {
            "month": "2022-07",
            "price": "44.57",
            "revenue": 274460
        },
        "2022-08": {
            "month": "2022-08",
            "price": "55.00",
            "revenue": 255365
        },
        "2022-09": {
            "month": "2022-09",
            "price": "52.12",
            "revenue": 274843
        },
        "2022-10": {
            "month": "2022-10",
            "price": "49.80",
            "revenue": 258760
        },
        "2022-11": {
            "month": "2022-11",
            "price": "52.53",
            "revenue": 286873
        },
        "2022-12": {
            "month": "2022-12",
            "price": "52.59",
            "revenue": 269326
        },
        "2023-01": {
            "month": "2023-01",
            "price": "51.91",
            "revenue": 229870
        },
        "2023-02": {
            "month": "2023-02",
            "price": "55.74",
            "revenue": 227241
        },
        "2023-03": {
            "month": "2023-03",
            "price": "63.85",
            "revenue": 321857
        },
        "2023-04": {
            "month": "2023-04",
            "price": "66.08",
            "revenue": 297686
        },
        "2023-05": {
            "month": "2023-05",
            "price": "66.25",
            "revenue": 420074
        },
        "2023-06": {
            "month": "2023-06",
            "price": "72.52",
            "revenue": 342142
        },
        "2023-07": {
            "month": "2023-07",
            "price": "75.64",
            "revenue": 306495
        },
        "2023-08": {
            "month": "2023-08",
            "price": "73.79",
            "revenue": 363102
        },
        "2023-09": {
            "month": "2023-09",
            "price": "69.21",
            "revenue": 344356
        }
    }
}
