{
    "summary": {
        "stock_name": "正達",
        "stock_id": "3149",
        "category": "光電",
        "main_business": "光電玻璃及玻璃製品製造業。<br>電子零組件製造業。<br>國際貿易業。",
        "website_url": "http://www.gtoc.com.tw",
        "ceo": "鍾志明",
        "pe_ratio": -20,
        "report_year_from": 2001,
        "report_year_to": 2023,
        "age": 23,
        "eps_negative_percentage": 71,
        "eps_growth_avg": {
            "last_all": -33.5,
            "last_2y": null,
            "last_4y": null,
            "last_8y": -100,
            "last_12y": -33.5,
            "last_16y": null,
            "last_20y": null,
            "at_2006_last_3y": null,
            "at_2007_last_3y": null,
            "at_2008_last_3y": null,
            "at_2009_last_3y": null,
            "at_2010_last_3y": null,
            "at_2011_last_3y": null,
            "at_2012_last_3y": null,
            "at_2013_last_3y": null,
            "at_2014_last_3y": -11.33,
            "at_2015_last_3y": -66.99,
            "at_2016_last_3y": -100,
            "at_2017_last_3y": null,
            "at_2018_last_3y": -100,
            "at_2019_last_3y": -100,
            "at_2020_last_3y": -100,
            "at_2021_last_3y": -100,
            "at_2022_last_3y": null,
            "at_2023_last_3y": null,
            "at_2024_last_3y": null,
            "at_2006_last_all": null,
            "at_2007_last_all": null,
            "at_2008_last_all": null,
            "at_2009_last_all": null,
            "at_2010_last_all": null,
            "at_2011_last_all": null,
            "at_2012_last_all": 33.01,
            "at_2013_last_all": -11.33,
            "at_2014_last_all": -11.33,
            "at_2015_last_all": -11.33,
            "at_2016_last_all": -11.33,
            "at_2017_last_all": -11.33,
            "at_2018_last_all": -33.5,
            "at_2019_last_all": -33.5,
            "at_2020_last_all": -33.5,
            "at_2021_last_all": -33.5,
            "at_2022_last_all": -33.5,
            "at_2023_last_all": -33.5,
            "at_2024_last_all": -33.5
        },
        "latest_eps": -1.22,
        "latest_price": 24.85,
        "latest_roe": -11.74,
        "latest_gross_margin": 2.76,
        "latest_equity": 1422309,
        "latest_revenue": 485876,
        "latest_gross_profit": 13423,
        "latest_net_income": -25065,
        "latest_debt_ratio": 65.06,
        "latest_current_ratio": 100.26,
        "latest_account_receivable_turnover_ratio": 1.17,
        "latest_inventory_turnover_ratio": 2.87,
        "latest_reinvestment_rate": null,
        "latest_research_to_sale_ratio": 5.03
    },
    "eps_dividends": {
        "2001": {
            "cash": 0,
            "stock": 0,
            "eps": 0
        },
        "2002": {
            "cash": 0,
            "stock": 0,
            "eps": 0
        },
        "2003": {
            "cash": 0,
            "stock": 0,
            "eps": 0
        },
        "2004": {
            "cash": 0,
            "stock": 0,
            "eps": 0
        },
        "2005": {
            "cash": 0,
            "stock": 0,
            "eps": 0
        },
        "2006": {
            "cash": 0,
            "stock": 0,
            "eps": 0
        },
        "2007": {
            "cash": 0,
            "stock": 0,
            "eps": 0
        },
        "2008": {
            "cash": 0.13,
            "stock": 0.46,
            "eps": 0
        },
        "2009": {
            "cash": 0,
            "stock": 0,
            "eps": 0
        },
        "2010": {
            "cash": 0,
            "stock": 0,
            "eps": 0.4
        },
        "2011": {
            "cash": 2.0300000000000002,
            "stock": 0,
            "eps": 4.09
        },
        "2012": {
            "cash": 0,
            "stock": 0,
            "eps": 2.7
        },
        "2013": {
            "cash": 1,
            "stock": 0,
            "eps": -4.72
        },
        "2014": {
            "cash": 0,
            "stock": 0,
            "eps": -7.94
        },
        "2015": {
            "cash": 0,
            "stock": 0,
            "eps": -19.1
        },
        "2016": {
            "cash": 0,
            "stock": 0,
            "eps": -2.69
        },
        "2017": {
            "cash": 0,
            "stock": 0,
            "eps": 0.13
        },
        "2018": {
            "cash": 0,
            "stock": 0,
            "eps": -0.61
        },
        "2019": {
            "cash": 0,
            "stock": 0,
            "eps": -0.29
        },
        "2020": {
            "cash": 0,
            "stock": 0,
            "eps": -1.42
        },
        "2021": {
            "cash": 0,
            "stock": 0,
            "eps": -0.58
        },
        "2022": {
            "cash": 0,
            "stock": 0,
            "eps": -1.44
        },
        "2023": {
            "cash": 0,
            "stock": 0,
            "eps": -0.33
        }
    },
    "dividends": {
        "2008-03-12": {
            "cash": 0.13,
            "stock": 0.46
        },
        "2011-01-01": {
            "cash": 1.8,
            "stock": 0
        },
        "2011-03-22": {
            "cash": 0.23,
            "stock": 0
        },
        "2013-04-30": {
            "cash": 1,
            "stock": 0
        }
    },
    "prices": {
        "200101": "無",
        "200102": "無",
        "200103": "無",
        "200104": "無",
        "200105": "無",
        "200106": "無",
        "200107": "無",
        "200108": "無",
        "200109": "無",
        "200110": "無",
        "200111": "無",
        "200112": "無",
        "200201": "無",
        "200202": "無",
        "200203": "無",
        "200204": "無",
        "200205": "無",
        "200206": "無",
        "200207": "無",
        "200208": "無",
        "200209": "無",
        "200210": "無",
        "200211": "無",
        "200212": "無",
        "200301": "無",
        "200302": "無",
        "200303": "無",
        "200304": "無",
        "200305": "無",
        "200306": "無",
        "200307": "無",
        "200308": "無",
        "200309": "無",
        "200310": "無",
        "200311": "無",
        "200312": "無",
        "200401": "無",
        "200402": "無",
        "200403": "無",
        "200404": "無",
        "200405": "無",
        "200406": "無",
        "200407": "無",
        "200408": "18.00",
        "200409": "無",
        "200410": "14.71",
        "200411": "12.42",
        "200412": "無",
        "200501": "無",
        "200502": "無",
        "200503": "無",
        "200504": "11.04",
        "200505": "8.79",
        "200506": "7.56",
        "200507": "7.35",
        "200508": "6.71",
        "200509": "6.30",
        "200510": "5.89",
        "200511": "7.72",
        "200512": "7.71",
        "200601": "7.00",
        "200602": "6.70",
        "200603": "5.87",
        "200604": "6.51",
        "200605": "8.58",
        "200606": "7.72",
        "200607": "7.11",
        "200608": "7.11",
        "200609": "7.10",
        "200610": "8.37",
        "200611": "13.15",
        "200612": "13.54",
        "200701": "15.41",
        "200702": "16.21",
        "200703": "24.02",
        "200704": "29.26",
        "200705": "32.47",
        "200706": "55.44",
        "200707": "76.97",
        "200708": "91.34",
        "200709": "84.09",
        "200710": "72.65",
        "200711": "64.98",
        "200712": "68.56",
        "200801": "61.19",
        "200802": "52.76",
        "200803": "50.83",
        "200804": "51.60",
        "200805": "54.30",
        "200806": "45.06",
        "200807": "35.35",
        "200808": "29.55",
        "200809": "18.05",
        "200810": "16.41",
        "200811": "13.53",
        "200812": "12.70",
        "200901": "11.84",
        "200902": "13.65",
        "200903": "17.39",
        "200904": "24.05",
        "200905": "27.99",
        "200906": "25.22",
        "200907": "24.64",
        "200908": "21.79",
        "200909": "23.29",
        "200910": "26.24",
        "200911": "30.92",
        "200912": "41.49",
        "201001": "52.12",
        "201002": "46.93",
        "201003": "46.66",
        "201004": "44.29",
        "201005": "43.82",
        "201006": "46.09",
        "201007": "48.43",
        "201008": "63.59",
        "201009": "71.28",
        "201010": "88.12",
        "201011": "82.25",
        "201012": "115.91",
        "201101": "128.39",
        "201102": "115.07",
        "201103": "118.87",
        "201104": "122.11",
        "201105": "115.68",
        "201106": "112.83",
        "201107": "104.25",
        "201108": "85.58",
        "201109": "88.86",
        "201110": "75.07",
        "201111": "55.62",
        "201112": "57.23",
        "201201": "71.79",
        "201202": "90.75",
        "201203": "95.45",
        "201204": "94.73",
        "201205": "87.06",
        "201206": "85.63",
        "201207": "84.44",
        "201208": "83.54",
        "201209": "88.46",
        "201210": "85.41",
        "201211": "75.36",
        "201212": "75.26",
        "201301": "70.14",
        "201302": "71.00",
        "201303": "70.93",
        "201304": "66.42",
        "201305": "64.37",
        "201306": "55.27",
        "201307": "56.36",
        "201308": "56.26",
        "201309": "60.22",
        "201310": "53.88",
        "201311": "38.92",
        "201312": "33.92",
        "201401": "39.88",
        "201402": "38.63",
        "201403": "39.15",
        "201404": "40.14",
        "201405": "34.72",
        "201406": "34.98",
        "201407": "35.47",
        "201408": "31.22",
        "201409": "30.42",
        "201410": "25.70",
        "201411": "24.30",
        "201412": "27.29",
        "201501": "29.44",
        "201502": "27.60",
        "201503": "28.85",
        "201504": "28.20",
        "201505": "22.84",
        "201506": "18.59",
        "201507": "15.72",
        "201508": "12.49",
        "201509": "12.74",
        "201510": "14.39",
        "201511": "13.96",
        "201512": "12.95",
        "201601": "11.12",
        "201602": "11.65",
        "201603": "12.43",
        "201604": "10.68",
        "201605": "8.61",
        "201606": "10.37",
        "201607": "12.17",
        "201608": "12.49",
        "201609": "12.06",
        "201610": "17.06",
        "201611": "22.24",
        "201612": "21.05",
        "201701": "20.71",
        "201702": "21.61",
        "201703": "20.90",
        "201704": "18.63",
        "201705": "18.02",
        "201706": "19.84",
        "201707": "19.46",
        "201708": "20.68",
        "201709": "24.53",
        "201710": "23.35",
        "201711": "21.94",
        "201712": "19.64",
        "201801": "19.36",
        "201802": "16.80",
        "201803": "17.15",
        "201804": "16.81",
        "201805": "15.44",
        "201806": "15.89",
        "201807": "14.85",
        "201808": "13.28",
        "201809": "11.77",
        "201810": "11.32",
        "201811": "9.93",
        "201812": "9.06",
        "201901": "8.82",
        "201902": "9.68",
        "201903": "12.42",
        "201904": "12.34",
        "201905": "10.52",
        "201906": "11.63",
        "201907": "11.93",
        "201908": "10.54",
        "201909": "10.90",
        "201910": "10.44",
        "201911": "10.02",
        "201912": "9.52",
        "202001": "9.08",
        "202002": "8.24",
        "202003": "6.03",
        "202004": "5.94",
        "202005": "6.97",
        "202006": "7.14",
        "202007": "7.68",
        "202008": "9.53",
        "202009": "10.98",
        "202010": "14.99",
        "202011": "15.94",
        "202012": "18.06",
        "202101": "27.98",
        "202102": "27.45",
        "202103": "33.75",
        "202104": "46.54",
        "202105": "33.99",
        "202106": "37.56",
        "202107": "42.55",
        "202108": "40.15",
        "202109": "34.80",
        "202110": "32.11",
        "202111": "32.10",
        "202112": "31.35",
        "202201": "29.89",
        "202202": "27.30",
        "202203": "24.14",
        "202204": "24.60",
        "202205": "23.21",
        "202206": "20.80",
        "202207": "16.96",
        "202208": "18.18",
        "202209": "19.10",
        "202210": "20.68",
        "202211": "20.70",
        "202212": "19.83",
        "202301": "18.42",
        "202302": "18.86",
        "202303": "18.53",
        "202304": "18.55",
        "202305": "15.40",
        "202306": "14.50",
        "202307": "13.72",
        "202308": "13.34",
        "202309": "14.63",
        "202310": "15.50",
        "202311": "19.57",
        "202312": "23.71"
    },
    "quarters": {
        "20011": {
            "year_quarter": 20011,
            "year": 2001,
            "quarter": 1,
            "eps": null,
            "eps_growth_year": null,
            "eps_4q": null,
            "eps_4q_growth_year": null,
            "roe": null,
            "roe_4q": 0,
            "gross_profit": null,
            "gross_margin": null,
            "gross_margin_4q_avg": 0,
            "net_income": null,
            "net_income_4q": null,
            "revenue": null,
            "revenue_4q": null,
            "common_shares": null,
            "book_valuer_per_share": null,
            "book_valuer_per_share_4q_avg": 0,
            "equity": null,
            "current_ratio": null,
            "debt_ratio": null,
            "inventory_turnover_ratio": null,
            "account_receivable_turnover_ratio": null,
            "reinvestment_rate": null,
            "research_to_sale_ratio": null,
            "price_fair": 0,
            "eps_avg_yearly": 0,
            "eps_latest_yearly": 0,
            "eps_growth_yearly": 0
        },
        "20012": {
            "year_quarter": 20012,
            "year": 2001,
            "quarter": 2,
            "eps": null,
            "eps_growth_year": null,
            "eps_4q": null,
            "eps_4q_growth_year": null,
            "roe": null,
            "roe_4q": 0,
            "gross_profit": null,
            "gross_margin": null,
            "gross_margin_4q_avg": 0,
            "net_income": null,
            "net_income_4q": null,
            "revenue": null,
            "revenue_4q": null,
            "common_shares": null,
            "book_valuer_per_share": null,
            "book_valuer_per_share_4q_avg": 0,
            "equity": null,
            "current_ratio": null,
            "debt_ratio": null,
            "inventory_turnover_ratio": null,
            "account_receivable_turnover_ratio": null,
            "reinvestment_rate": null,
            "research_to_sale_ratio": null,
            "price_fair": 0,
            "eps_avg_yearly": 0,
            "eps_latest_yearly": 0,
            "eps_growth_yearly": 0
        },
        "20013": {
            "year_quarter": 20013,
            "year": 2001,
            "quarter": 3,
            "eps": null,
            "eps_growth_year": null,
            "eps_4q": null,
            "eps_4q_growth_year": null,
            "roe": null,
            "roe_4q": 0,
            "gross_profit": null,
            "gross_margin": null,
            "gross_margin_4q_avg": 0,
            "net_income": null,
            "net_income_4q": null,
            "revenue": null,
            "revenue_4q": null,
            "common_shares": null,
            "book_valuer_per_share": null,
            "book_valuer_per_share_4q_avg": 0,
            "equity": null,
            "current_ratio": null,
            "debt_ratio": null,
            "inventory_turnover_ratio": null,
            "account_receivable_turnover_ratio": null,
            "reinvestment_rate": null,
            "research_to_sale_ratio": null,
            "price_fair": 0,
            "eps_avg_yearly": 0,
            "eps_latest_yearly": 0,
            "eps_growth_yearly": 0
        },
        "20014": {
            "year_quarter": 20014,
            "year": 2001,
            "quarter": 4,
            "eps": null,
            "eps_growth_year": null,
            "eps_4q": null,
            "eps_4q_growth_year": null,
            "roe": null,
            "roe_4q": 0,
            "gross_profit": null,
            "gross_margin": null,
            "gross_margin_4q_avg": 0,
            "net_income": null,
            "net_income_4q": null,
            "revenue": null,
            "revenue_4q": null,
            "common_shares": 333300,
            "book_valuer_per_share": 13.59,
            "book_valuer_per_share_4q_avg": 3.4,
            "equity": 452914,
            "current_ratio": 128.8,
            "debt_ratio": 40.56,
            "inventory_turnover_ratio": null,
            "account_receivable_turnover_ratio": null,
            "reinvestment_rate": null,
            "research_to_sale_ratio": null,
            "price_fair": 0,
            "eps_avg_yearly": 0,
            "eps_latest_yearly": 0,
            "eps_growth_yearly": 0
        },
        "20021": {
            "year_quarter": 20021,
            "year": 2002,
            "quarter": 1,
            "eps": null,
            "eps_growth_year": null,
            "eps_4q": null,
            "eps_4q_growth_year": null,
            "roe": null,
            "roe_4q": 0,
            "gross_profit": null,
            "gross_margin": null,
            "gross_margin_4q_avg": 0,
            "net_income": null,
            "net_income_4q": null,
            "revenue": null,
            "revenue_4q": null,
            "common_shares": null,
            "book_valuer_per_share": null,
            "book_valuer_per_share_4q_avg": 3.4,
            "equity": null,
            "current_ratio": null,
            "debt_ratio": null,
            "inventory_turnover_ratio": null,
            "account_receivable_turnover_ratio": null,
            "reinvestment_rate": null,
            "research_to_sale_ratio": null,
            "price_fair": 0,
            "eps_avg_yearly": 0,
            "eps_latest_yearly": 0,
            "eps_growth_yearly": 0
        },
        "20022": {
            "year_quarter": 20022,
            "year": 2002,
            "quarter": 2,
            "eps": null,
            "eps_growth_year": null,
            "eps_4q": null,
            "eps_4q_growth_year": null,
            "roe": null,
            "roe_4q": 0,
            "gross_profit": null,
            "gross_margin": null,
            "gross_margin_4q_avg": 0,
            "net_income": null,
            "net_income_4q": null,
            "revenue": null,
            "revenue_4q": null,
            "common_shares": null,
            "book_valuer_per_share": null,
            "book_valuer_per_share_4q_avg": 3.4,
            "equity": null,
            "current_ratio": null,
            "debt_ratio": null,
            "inventory_turnover_ratio": null,
            "account_receivable_turnover_ratio": null,
            "reinvestment_rate": null,
            "research_to_sale_ratio": null,
            "price_fair": 0,
            "eps_avg_yearly": 0,
            "eps_latest_yearly": 0,
            "eps_growth_yearly": 0
        },
        "20023": {
            "year_quarter": 20023,
            "year": 2002,
            "quarter": 3,
            "eps": null,
            "eps_growth_year": null,
            "eps_4q": null,
            "eps_4q_growth_year": null,
            "roe": null,
            "roe_4q": 0,
            "gross_profit": null,
            "gross_margin": null,
            "gross_margin_4q_avg": 0,
            "net_income": null,
            "net_income_4q": null,
            "revenue": null,
            "revenue_4q": null,
            "common_shares": null,
            "book_valuer_per_share": null,
            "book_valuer_per_share_4q_avg": 3.4,
            "equity": null,
            "current_ratio": null,
            "debt_ratio": null,
            "inventory_turnover_ratio": null,
            "account_receivable_turnover_ratio": null,
            "reinvestment_rate": null,
            "research_to_sale_ratio": null,
            "price_fair": 0,
            "eps_avg_yearly": 0,
            "eps_latest_yearly": 0,
            "eps_growth_yearly": 0
        },
        "20024": {
            "year_quarter": 20024,
            "year": 2002,
            "quarter": 4,
            "eps": null,
            "eps_growth_year": null,
            "eps_4q": null,
            "eps_4q_growth_year": null,
            "roe": null,
            "roe_4q": 0,
            "gross_profit": null,
            "gross_margin": null,
            "gross_margin_4q_avg": 0,
            "net_income": null,
            "net_income_4q": null,
            "revenue": null,
            "revenue_4q": null,
            "common_shares": 333300,
            "book_valuer_per_share": 10.74,
            "book_valuer_per_share_4q_avg": 2.69,
            "equity": 357857,
            "current_ratio": 86.57,
            "debt_ratio": 52.64,
            "inventory_turnover_ratio": null,
            "account_receivable_turnover_ratio": null,
            "reinvestment_rate": null,
            "research_to_sale_ratio": null,
            "price_fair": 0,
            "eps_avg_yearly": 0,
            "eps_latest_yearly": 0,
            "eps_growth_yearly": 0
        },
        "20031": {
            "year_quarter": 20031,
            "year": 2003,
            "quarter": 1,
            "eps": null,
            "eps_growth_year": null,
            "eps_4q": null,
            "eps_4q_growth_year": null,
            "roe": null,
            "roe_4q": 0,
            "gross_profit": null,
            "gross_margin": null,
            "gross_margin_4q_avg": 0,
            "net_income": null,
            "net_income_4q": null,
            "revenue": null,
            "revenue_4q": null,
            "common_shares": null,
            "book_valuer_per_share": null,
            "book_valuer_per_share_4q_avg": 2.69,
            "equity": null,
            "current_ratio": null,
            "debt_ratio": null,
            "inventory_turnover_ratio": null,
            "account_receivable_turnover_ratio": null,
            "reinvestment_rate": null,
            "research_to_sale_ratio": null,
            "price_fair": 0,
            "eps_avg_yearly": 0,
            "eps_latest_yearly": 0,
            "eps_growth_yearly": 0
        },
        "20032": {
            "year_quarter": 20032,
            "year": 2003,
            "quarter": 2,
            "eps": null,
            "eps_growth_year": null,
            "eps_4q": null,
            "eps_4q_growth_year": null,
            "roe": null,
            "roe_4q": 0,
            "gross_profit": null,
            "gross_margin": null,
            "gross_margin_4q_avg": 0,
            "net_income": null,
            "net_income_4q": null,
            "revenue": null,
            "revenue_4q": null,
            "common_shares": null,
            "book_valuer_per_share": null,
            "book_valuer_per_share_4q_avg": 2.69,
            "equity": null,
            "current_ratio": null,
            "debt_ratio": null,
            "inventory_turnover_ratio": null,
            "account_receivable_turnover_ratio": null,
            "reinvestment_rate": null,
            "research_to_sale_ratio": null,
            "price_fair": 0,
            "eps_avg_yearly": 0,
            "eps_latest_yearly": 0,
            "eps_growth_yearly": 0
        },
        "20033": {
            "year_quarter": 20033,
            "year": 2003,
            "quarter": 3,
            "eps": null,
            "eps_growth_year": null,
            "eps_4q": null,
            "eps_4q_growth_year": null,
            "roe": null,
            "roe_4q": 0,
            "gross_profit": null,
            "gross_margin": null,
            "gross_margin_4q_avg": 0,
            "net_income": null,
            "net_income_4q": null,
            "revenue": null,
            "revenue_4q": null,
            "common_shares": null,
            "book_valuer_per_share": null,
            "book_valuer_per_share_4q_avg": 2.69,
            "equity": null,
            "current_ratio": null,
            "debt_ratio": null,
            "inventory_turnover_ratio": null,
            "account_receivable_turnover_ratio": null,
            "reinvestment_rate": null,
            "research_to_sale_ratio": null,
            "price_fair": 0,
            "eps_avg_yearly": 0,
            "eps_latest_yearly": 0,
            "eps_growth_yearly": 0
        },
        "20034": {
            "year_quarter": 20034,
            "year": 2003,
            "quarter": 4,
            "eps": null,
            "eps_growth_year": null,
            "eps_4q": null,
            "eps_4q_growth_year": null,
            "roe": null,
            "roe_4q": 0,
            "gross_profit": null,
            "gross_margin": null,
            "gross_margin_4q_avg": 0,
            "net_income": null,
            "net_income_4q": null,
            "revenue": null,
            "revenue_4q": null,
            "common_shares": 398300,
            "book_valuer_per_share": 11.23,
            "book_valuer_per_share_4q_avg": 2.81,
            "equity": 447217,
            "current_ratio": 112.34,
            "debt_ratio": 47.52,
            "inventory_turnover_ratio": null,
            "account_receivable_turnover_ratio": null,
            "reinvestment_rate": null,
            "research_to_sale_ratio": null,
            "price_fair": 0,
            "eps_avg_yearly": 0,
            "eps_latest_yearly": 0,
            "eps_growth_yearly": 0
        },
        "20041": {
            "year_quarter": 20041,
            "year": 2004,
            "quarter": 1,
            "eps": null,
            "eps_growth_year": null,
            "eps_4q": null,
            "eps_4q_growth_year": null,
            "roe": null,
            "roe_4q": 0,
            "gross_profit": null,
            "gross_margin": null,
            "gross_margin_4q_avg": 0,
            "net_income": null,
            "net_income_4q": null,
            "revenue": null,
            "revenue_4q": null,
            "common_shares": null,
            "book_valuer_per_share": null,
            "book_valuer_per_share_4q_avg": 2.81,
            "equity": null,
            "current_ratio": null,
            "debt_ratio": null,
            "inventory_turnover_ratio": null,
            "account_receivable_turnover_ratio": null,
            "reinvestment_rate": null,
            "research_to_sale_ratio": null,
            "price_fair": 0,
            "eps_avg_yearly": 0,
            "eps_latest_yearly": 0,
            "eps_growth_yearly": 0
        },
        "20042": {
            "year_quarter": 20042,
            "year": 2004,
            "quarter": 2,
            "eps": null,
            "eps_growth_year": null,
            "eps_4q": null,
            "eps_4q_growth_year": null,
            "roe": null,
            "roe_4q": 0,
            "gross_profit": null,
            "gross_margin": null,
            "gross_margin_4q_avg": 0,
            "net_income": null,
            "net_income_4q": null,
            "revenue": null,
            "revenue_4q": null,
            "common_shares": null,
            "book_valuer_per_share": null,
            "book_valuer_per_share_4q_avg": 2.81,
            "equity": null,
            "current_ratio": null,
            "debt_ratio": null,
            "inventory_turnover_ratio": null,
            "account_receivable_turnover_ratio": null,
            "reinvestment_rate": null,
            "research_to_sale_ratio": null,
            "price_fair": 0,
            "eps_avg_yearly": 0,
            "eps_latest_yearly": 0,
            "eps_growth_yearly": 0
        },
        "20043": {
            "year_quarter": 20043,
            "year": 2004,
            "quarter": 3,
            "eps": null,
            "eps_growth_year": null,
            "eps_4q": null,
            "eps_4q_growth_year": null,
            "roe": null,
            "roe_4q": 0,
            "gross_profit": null,
            "gross_margin": null,
            "gross_margin_4q_avg": 0,
            "net_income": null,
            "net_income_4q": null,
            "revenue": null,
            "revenue_4q": null,
            "common_shares": null,
            "book_valuer_per_share": null,
            "book_valuer_per_share_4q_avg": 2.81,
            "equity": null,
            "current_ratio": null,
            "debt_ratio": null,
            "inventory_turnover_ratio": null,
            "account_receivable_turnover_ratio": null,
            "reinvestment_rate": null,
            "research_to_sale_ratio": null,
            "price_fair": 0,
            "eps_avg_yearly": 0,
            "eps_latest_yearly": 0,
            "eps_growth_yearly": 0
        },
        "20044": {
            "year_quarter": 20044,
            "year": 2004,
            "quarter": 4,
            "eps": null,
            "eps_growth_year": null,
            "eps_4q": null,
            "eps_4q_growth_year": null,
            "roe": null,
            "roe_4q": 0,
            "gross_profit": null,
            "gross_margin": null,
            "gross_margin_4q_avg": 0,
            "net_income": null,
            "net_income_4q": null,
            "revenue": null,
            "revenue_4q": null,
            "common_shares": 528300,
            "book_valuer_per_share": 9.92,
            "book_valuer_per_share_4q_avg": 2.48,
            "equity": 523895,
            "current_ratio": 117.95,
            "debt_ratio": 46.43,
            "inventory_turnover_ratio": null,
            "account_receivable_turnover_ratio": null,
            "reinvestment_rate": null,
            "research_to_sale_ratio": null,
            "price_fair": 0,
            "eps_avg_yearly": 0,
            "eps_latest_yearly": 0,
            "eps_growth_yearly": 0
        },
        "20051": {
            "year_quarter": 20051,
            "year": 2005,
            "quarter": 1,
            "eps": null,
            "eps_growth_year": null,
            "eps_4q": null,
            "eps_4q_growth_year": null,
            "roe": null,
            "roe_4q": 0,
            "gross_profit": null,
            "gross_margin": null,
            "gross_margin_4q_avg": 0,
            "net_income": null,
            "net_income_4q": null,
            "revenue": null,
            "revenue_4q": null,
            "common_shares": null,
            "book_valuer_per_share": null,
            "book_valuer_per_share_4q_avg": 2.48,
            "equity": null,
            "current_ratio": null,
            "debt_ratio": null,
            "inventory_turnover_ratio": null,
            "account_receivable_turnover_ratio": null,
            "reinvestment_rate": null,
            "research_to_sale_ratio": null,
            "price_fair": 0,
            "eps_avg_yearly": 0,
            "eps_latest_yearly": 0,
            "eps_growth_yearly": 0
        },
        "20052": {
            "year_quarter": 20052,
            "year": 2005,
            "quarter": 2,
            "eps": null,
            "eps_growth_year": null,
            "eps_4q": null,
            "eps_4q_growth_year": null,
            "roe": null,
            "roe_4q": 0,
            "gross_profit": null,
            "gross_margin": null,
            "gross_margin_4q_avg": 0,
            "net_income": null,
            "net_income_4q": null,
            "revenue": null,
            "revenue_4q": null,
            "common_shares": null,
            "book_valuer_per_share": null,
            "book_valuer_per_share_4q_avg": 2.48,
            "equity": null,
            "current_ratio": null,
            "debt_ratio": null,
            "inventory_turnover_ratio": null,
            "account_receivable_turnover_ratio": null,
            "reinvestment_rate": null,
            "research_to_sale_ratio": null,
            "price_fair": 0,
            "eps_avg_yearly": 0,
            "eps_latest_yearly": 0,
            "eps_growth_yearly": 0
        },
        "20053": {
            "year_quarter": 20053,
            "year": 2005,
            "quarter": 3,
            "eps": null,
            "eps_growth_year": null,
            "eps_4q": null,
            "eps_4q_growth_year": null,
            "roe": null,
            "roe_4q": 0,
            "gross_profit": null,
            "gross_margin": null,
            "gross_margin_4q_avg": 0,
            "net_income": null,
            "net_income_4q": null,
            "revenue": null,
            "revenue_4q": null,
            "common_shares": null,
            "book_valuer_per_share": null,
            "book_valuer_per_share_4q_avg": 2.48,
            "equity": null,
            "current_ratio": null,
            "debt_ratio": null,
            "inventory_turnover_ratio": null,
            "account_receivable_turnover_ratio": null,
            "reinvestment_rate": null,
            "research_to_sale_ratio": null,
            "price_fair": 0,
            "eps_avg_yearly": 0,
            "eps_latest_yearly": 0,
            "eps_growth_yearly": 0
        },
        "20054": {
            "year_quarter": 20054,
            "year": 2005,
            "quarter": 4,
            "eps": null,
            "eps_growth_year": null,
            "eps_4q": null,
            "eps_4q_growth_year": null,
            "roe": null,
            "roe_4q": 0,
            "gross_profit": null,
            "gross_margin": null,
            "gross_margin_4q_avg": 0,
            "net_income": null,
            "net_income_4q": null,
            "revenue": null,
            "revenue_4q": null,
            "common_shares": 528300,
            "book_valuer_per_share": 8.21,
            "book_valuer_per_share_4q_avg": 2.05,
            "equity": 433530,
            "current_ratio": 119.54,
            "debt_ratio": 42.29,
            "inventory_turnover_ratio": null,
            "account_receivable_turnover_ratio": null,
            "reinvestment_rate": null,
            "research_to_sale_ratio": null,
            "price_fair": 0,
            "eps_avg_yearly": 0,
            "eps_latest_yearly": 0,
            "eps_growth_yearly": 0
        },
        "20061": {
            "year_quarter": 20061,
            "year": 2006,
            "quarter": 1,
            "eps": null,
            "eps_growth_year": null,
            "eps_4q": null,
            "eps_4q_growth_year": null,
            "roe": null,
            "roe_4q": 0,
            "gross_profit": null,
            "gross_margin": null,
            "gross_margin_4q_avg": 0,
            "net_income": null,
            "net_income_4q": null,
            "revenue": null,
            "revenue_4q": null,
            "common_shares": null,
            "book_valuer_per_share": null,
            "book_valuer_per_share_4q_avg": 2.05,
            "equity": null,
            "current_ratio": null,
            "debt_ratio": null,
            "inventory_turnover_ratio": null,
            "account_receivable_turnover_ratio": null,
            "reinvestment_rate": null,
            "research_to_sale_ratio": null,
            "price_fair": 0,
            "eps_avg_yearly": 0,
            "eps_latest_yearly": 0,
            "eps_growth_yearly": 0
        },
        "20062": {
            "year_quarter": 20062,
            "year": 2006,
            "quarter": 2,
            "eps": null,
            "eps_growth_year": null,
            "eps_4q": null,
            "eps_4q_growth_year": null,
            "roe": null,
            "roe_4q": 0,
            "gross_profit": null,
            "gross_margin": null,
            "gross_margin_4q_avg": 0,
            "net_income": null,
            "net_income_4q": null,
            "revenue": null,
            "revenue_4q": null,
            "common_shares": null,
            "book_valuer_per_share": null,
            "book_valuer_per_share_4q_avg": 2.05,
            "equity": null,
            "current_ratio": null,
            "debt_ratio": null,
            "inventory_turnover_ratio": null,
            "account_receivable_turnover_ratio": null,
            "reinvestment_rate": null,
            "research_to_sale_ratio": null,
            "price_fair": 0,
            "eps_avg_yearly": 0,
            "eps_latest_yearly": 0,
            "eps_growth_yearly": 0
        },
        "20063": {
            "year_quarter": 20063,
            "year": 2006,
            "quarter": 3,
            "eps": null,
            "eps_growth_year": null,
            "eps_4q": null,
            "eps_4q_growth_year": null,
            "roe": null,
            "roe_4q": 0,
            "gross_profit": null,
            "gross_margin": null,
            "gross_margin_4q_avg": 0,
            "net_income": null,
            "net_income_4q": null,
            "revenue": null,
            "revenue_4q": null,
            "common_shares": null,
            "book_valuer_per_share": null,
            "book_valuer_per_share_4q_avg": 2.05,
            "equity": null,
            "current_ratio": null,
            "debt_ratio": null,
            "inventory_turnover_ratio": null,
            "account_receivable_turnover_ratio": null,
            "reinvestment_rate": null,
            "research_to_sale_ratio": null,
            "price_fair": 0,
            "eps_avg_yearly": 0,
            "eps_latest_yearly": 0,
            "eps_growth_yearly": 0
        },
        "20064": {
            "year_quarter": 20064,
            "year": 2006,
            "quarter": 4,
            "eps": null,
            "eps_growth_year": null,
            "eps_4q": null,
            "eps_4q_growth_year": null,
            "roe": null,
            "roe_4q": 0,
            "gross_profit": null,
            "gross_margin": null,
            "gross_margin_4q_avg": 0,
            "net_income": null,
            "net_income_4q": null,
            "revenue": null,
            "revenue_4q": null,
            "common_shares": 528300,
            "book_valuer_per_share": 9.43,
            "book_valuer_per_share_4q_avg": 2.36,
            "equity": 498371,
            "current_ratio": 194.32,
            "debt_ratio": 33.18,
            "inventory_turnover_ratio": null,
            "account_receivable_turnover_ratio": null,
            "reinvestment_rate": null,
            "research_to_sale_ratio": null,
            "price_fair": 0,
            "eps_avg_yearly": 0,
            "eps_latest_yearly": 0,
            "eps_growth_yearly": 0
        },
        "20071": {
            "year_quarter": 20071,
            "year": 2007,
            "quarter": 1,
            "eps": null,
            "eps_growth_year": null,
            "eps_4q": null,
            "eps_4q_growth_year": null,
            "roe": null,
            "roe_4q": 0,
            "gross_profit": null,
            "gross_margin": null,
            "gross_margin_4q_avg": 0,
            "net_income": null,
            "net_income_4q": null,
            "revenue": null,
            "revenue_4q": null,
            "common_shares": null,
            "book_valuer_per_share": null,
            "book_valuer_per_share_4q_avg": 2.36,
            "equity": null,
            "current_ratio": null,
            "debt_ratio": null,
            "inventory_turnover_ratio": null,
            "account_receivable_turnover_ratio": null,
            "reinvestment_rate": null,
            "research_to_sale_ratio": null,
            "price_fair": 0,
            "eps_avg_yearly": 0,
            "eps_latest_yearly": 0,
            "eps_growth_yearly": 0
        },
        "20072": {
            "year_quarter": 20072,
            "year": 2007,
            "quarter": 2,
            "eps": null,
            "eps_growth_year": null,
            "eps_4q": null,
            "eps_4q_growth_year": null,
            "roe": null,
            "roe_4q": 0,
            "gross_profit": null,
            "gross_margin": null,
            "gross_margin_4q_avg": 0,
            "net_income": null,
            "net_income_4q": null,
            "revenue": null,
            "revenue_4q": null,
            "common_shares": null,
            "book_valuer_per_share": null,
            "book_valuer_per_share_4q_avg": 2.36,
            "equity": null,
            "current_ratio": null,
            "debt_ratio": null,
            "inventory_turnover_ratio": null,
            "account_receivable_turnover_ratio": null,
            "reinvestment_rate": null,
            "research_to_sale_ratio": null,
            "price_fair": 0,
            "eps_avg_yearly": 0,
            "eps_latest_yearly": 0,
            "eps_growth_yearly": 0
        },
        "20073": {
            "year_quarter": 20073,
            "year": 2007,
            "quarter": 3,
            "eps": null,
            "eps_growth_year": null,
            "eps_4q": null,
            "eps_4q_growth_year": null,
            "roe": null,
            "roe_4q": 0,
            "gross_profit": null,
            "gross_margin": null,
            "gross_margin_4q_avg": 0,
            "net_income": null,
            "net_income_4q": null,
            "revenue": null,
            "revenue_4q": null,
            "common_shares": null,
            "book_valuer_per_share": null,
            "book_valuer_per_share_4q_avg": 2.36,
            "equity": null,
            "current_ratio": null,
            "debt_ratio": null,
            "inventory_turnover_ratio": null,
            "account_receivable_turnover_ratio": null,
            "reinvestment_rate": null,
            "research_to_sale_ratio": null,
            "price_fair": 0,
            "eps_avg_yearly": 0,
            "eps_latest_yearly": 0,
            "eps_growth_yearly": 0
        },
        "20074": {
            "year_quarter": 20074,
            "year": 2007,
            "quarter": 4,
            "eps": null,
            "eps_growth_year": null,
            "eps_4q": null,
            "eps_4q_growth_year": null,
            "roe": null,
            "roe_4q": 0,
            "gross_profit": null,
            "gross_margin": null,
            "gross_margin_4q_avg": 0,
            "net_income": null,
            "net_income_4q": null,
            "revenue": null,
            "revenue_4q": null,
            "common_shares": 1272290,
            "book_valuer_per_share": 13.43,
            "book_valuer_per_share_4q_avg": 3.36,
            "equity": 1709091,
            "current_ratio": 336.18,
            "debt_ratio": 24.02,
            "inventory_turnover_ratio": null,
            "account_receivable_turnover_ratio": null,
            "reinvestment_rate": null,
            "research_to_sale_ratio": null,
            "price_fair": 0,
            "eps_avg_yearly": 0,
            "eps_latest_yearly": 0,
            "eps_growth_yearly": 0
        },
        "20081": {
            "year_quarter": 20081,
            "year": 2008,
            "quarter": 1,
            "eps": null,
            "eps_growth_year": null,
            "eps_4q": null,
            "eps_4q_growth_year": null,
            "roe": null,
            "roe_4q": 0,
            "gross_profit": null,
            "gross_margin": null,
            "gross_margin_4q_avg": 0,
            "net_income": null,
            "net_income_4q": null,
            "revenue": null,
            "revenue_4q": null,
            "common_shares": null,
            "book_valuer_per_share": null,
            "book_valuer_per_share_4q_avg": 3.36,
            "equity": null,
            "current_ratio": null,
            "debt_ratio": null,
            "inventory_turnover_ratio": null,
            "account_receivable_turnover_ratio": null,
            "reinvestment_rate": null,
            "research_to_sale_ratio": null,
            "price_fair": 0,
            "eps_avg_yearly": 0,
            "eps_latest_yearly": 0,
            "eps_growth_yearly": 0
        },
        "20082": {
            "year_quarter": 20082,
            "year": 2008,
            "quarter": 2,
            "eps": null,
            "eps_growth_year": null,
            "eps_4q": null,
            "eps_4q_growth_year": null,
            "roe": null,
            "roe_4q": 0,
            "gross_profit": null,
            "gross_margin": null,
            "gross_margin_4q_avg": 0,
            "net_income": null,
            "net_income_4q": null,
            "revenue": null,
            "revenue_4q": null,
            "common_shares": null,
            "book_valuer_per_share": null,
            "book_valuer_per_share_4q_avg": 3.36,
            "equity": null,
            "current_ratio": null,
            "debt_ratio": null,
            "inventory_turnover_ratio": null,
            "account_receivable_turnover_ratio": null,
            "reinvestment_rate": null,
            "research_to_sale_ratio": null,
            "price_fair": 0,
            "eps_avg_yearly": 0,
            "eps_latest_yearly": 0,
            "eps_growth_yearly": 0
        },
        "20083": {
            "year_quarter": 20083,
            "year": 2008,
            "quarter": 3,
            "eps": null,
            "eps_growth_year": null,
            "eps_4q": null,
            "eps_4q_growth_year": null,
            "roe": null,
            "roe_4q": 0,
            "gross_profit": null,
            "gross_margin": null,
            "gross_margin_4q_avg": 0,
            "net_income": null,
            "net_income_4q": null,
            "revenue": null,
            "revenue_4q": null,
            "common_shares": null,
            "book_valuer_per_share": null,
            "book_valuer_per_share_4q_avg": 3.36,
            "equity": null,
            "current_ratio": null,
            "debt_ratio": null,
            "inventory_turnover_ratio": null,
            "account_receivable_turnover_ratio": null,
            "reinvestment_rate": null,
            "research_to_sale_ratio": null,
            "price_fair": 0,
            "eps_avg_yearly": 0,
            "eps_latest_yearly": 0,
            "eps_growth_yearly": 0
        },
        "20084": {
            "year_quarter": 20084,
            "year": 2008,
            "quarter": 4,
            "eps": null,
            "eps_growth_year": null,
            "eps_4q": null,
            "eps_4q_growth_year": null,
            "roe": null,
            "roe_4q": 0,
            "gross_profit": null,
            "gross_margin": null,
            "gross_margin_4q_avg": 0,
            "net_income": null,
            "net_income_4q": null,
            "revenue": null,
            "revenue_4q": null,
            "common_shares": 1333755,
            "book_valuer_per_share": 11.82,
            "book_valuer_per_share_4q_avg": 2.96,
            "equity": 1577145,
            "current_ratio": 237.06,
            "debt_ratio": 32.02,
            "inventory_turnover_ratio": null,
            "account_receivable_turnover_ratio": null,
            "reinvestment_rate": null,
            "research_to_sale_ratio": null,
            "price_fair": 0,
            "eps_avg_yearly": 0,
            "eps_latest_yearly": 0,
            "eps_growth_yearly": 0
        },
        "20091": {
            "year_quarter": 20091,
            "year": 2009,
            "quarter": 1,
            "eps": null,
            "eps_growth_year": null,
            "eps_4q": null,
            "eps_4q_growth_year": null,
            "roe": null,
            "roe_4q": 0,
            "gross_profit": null,
            "gross_margin": null,
            "gross_margin_4q_avg": 0,
            "net_income": null,
            "net_income_4q": null,
            "revenue": null,
            "revenue_4q": null,
            "common_shares": null,
            "book_valuer_per_share": null,
            "book_valuer_per_share_4q_avg": 2.96,
            "equity": null,
            "current_ratio": null,
            "debt_ratio": null,
            "inventory_turnover_ratio": null,
            "account_receivable_turnover_ratio": null,
            "reinvestment_rate": null,
            "research_to_sale_ratio": null,
            "price_fair": 0,
            "eps_avg_yearly": 0,
            "eps_latest_yearly": 0,
            "eps_growth_yearly": 0
        },
        "20092": {
            "year_quarter": 20092,
            "year": 2009,
            "quarter": 2,
            "eps": null,
            "eps_growth_year": null,
            "eps_4q": null,
            "eps_4q_growth_year": null,
            "roe": null,
            "roe_4q": 0,
            "gross_profit": null,
            "gross_margin": null,
            "gross_margin_4q_avg": 0,
            "net_income": null,
            "net_income_4q": null,
            "revenue": null,
            "revenue_4q": null,
            "common_shares": 1351365,
            "book_valuer_per_share": null,
            "book_valuer_per_share_4q_avg": 2.96,
            "equity": 1489877,
            "current_ratio": null,
            "debt_ratio": null,
            "inventory_turnover_ratio": null,
            "account_receivable_turnover_ratio": null,
            "reinvestment_rate": null,
            "research_to_sale_ratio": null,
            "price_fair": 0,
            "eps_avg_yearly": 0,
            "eps_latest_yearly": 0,
            "eps_growth_yearly": 0
        },
        "20093": {
            "year_quarter": 20093,
            "year": 2009,
            "quarter": 3,
            "eps": null,
            "eps_growth_year": null,
            "eps_4q": null,
            "eps_4q_growth_year": null,
            "roe": null,
            "roe_4q": 0,
            "gross_profit": null,
            "gross_margin": null,
            "gross_margin_4q_avg": 0,
            "net_income": null,
            "net_income_4q": null,
            "revenue": null,
            "revenue_4q": null,
            "common_shares": null,
            "book_valuer_per_share": null,
            "book_valuer_per_share_4q_avg": 2.96,
            "equity": null,
            "current_ratio": null,
            "debt_ratio": null,
            "inventory_turnover_ratio": null,
            "account_receivable_turnover_ratio": null,
            "reinvestment_rate": null,
            "research_to_sale_ratio": null,
            "price_fair": 0,
            "eps_avg_yearly": 0,
            "eps_latest_yearly": 0,
            "eps_growth_yearly": 0
        },
        "20094": {
            "year_quarter": 20094,
            "year": 2009,
            "quarter": 4,
            "eps": null,
            "eps_growth_year": null,
            "eps_4q": null,
            "eps_4q_growth_year": null,
            "roe": null,
            "roe_4q": 0,
            "gross_profit": null,
            "gross_margin": null,
            "gross_margin_4q_avg": 0,
            "net_income": null,
            "net_income_4q": null,
            "revenue": null,
            "revenue_4q": null,
            "common_shares": 1372003,
            "book_valuer_per_share": 10.57,
            "book_valuer_per_share_4q_avg": 2.64,
            "equity": 1450678,
            "current_ratio": 169.61,
            "debt_ratio": 50.18,
            "inventory_turnover_ratio": null,
            "account_receivable_turnover_ratio": null,
            "reinvestment_rate": null,
            "research_to_sale_ratio": null,
            "price_fair": 0,
            "eps_avg_yearly": 0,
            "eps_latest_yearly": 0,
            "eps_growth_yearly": 0
        },
        "20101": {
            "year_quarter": 20101,
            "year": 2010,
            "quarter": 1,
            "eps": null,
            "eps_growth_year": null,
            "eps_4q": null,
            "eps_4q_growth_year": null,
            "roe": null,
            "roe_4q": 0,
            "gross_profit": 50021,
            "gross_margin": null,
            "gross_margin_4q_avg": 0,
            "net_income": 817,
            "net_income_4q": null,
            "revenue": 333976,
            "revenue_4q": null,
            "common_shares": 1508003,
            "book_valuer_per_share": 11.58,
            "book_valuer_per_share_4q_avg": 5.54,
            "equity": 1746756,
            "current_ratio": 166.8,
            "debt_ratio": 47.39,
            "inventory_turnover_ratio": null,
            "account_receivable_turnover_ratio": null,
            "reinvestment_rate": null,
            "research_to_sale_ratio": null,
            "price_fair": 0,
            "eps_avg_yearly": 0,
            "eps_latest_yearly": 0,
            "eps_growth_yearly": 0
        },
        "20102": {
            "year_quarter": 20102,
            "year": 2010,
            "quarter": 2,
            "eps": 0.4,
            "eps_growth_year": null,
            "eps_4q": null,
            "eps_4q_growth_year": null,
            "roe": 3.41,
            "roe_4q": 3.41,
            "gross_profit": 139745,
            "gross_margin": 22.75,
            "gross_margin_4q_avg": 5.69,
            "net_income": 60765,
            "net_income_4q": null,
            "revenue": 614279,
            "revenue_4q": null,
            "common_shares": 1508003,
            "book_valuer_per_share": 12.07,
            "book_valuer_per_share_4q_avg": 8.56,
            "equity": 1819508,
            "current_ratio": 202.6,
            "debt_ratio": 48.73,
            "inventory_turnover_ratio": 2.35,
            "account_receivable_turnover_ratio": 1.8,
            "reinvestment_rate": null,
            "research_to_sale_ratio": null,
            "price_fair": 0,
            "eps_avg_yearly": 0,
            "eps_latest_yearly": 0,
            "eps_growth_yearly": 0
        },
        "20103": {
            "year_quarter": 20103,
            "year": 2010,
            "quarter": 3,
            "eps": null,
            "eps_growth_year": null,
            "eps_4q": null,
            "eps_4q_growth_year": null,
            "roe": null,
            "roe_4q": 3.41,
            "gross_profit": 321342,
            "gross_margin": null,
            "gross_margin_4q_avg": 5.69,
            "net_income": 248640,
            "net_income_4q": null,
            "revenue": 1017285,
            "revenue_4q": null,
            "common_shares": 1788707,
            "book_valuer_per_share": 16.19,
            "book_valuer_per_share_4q_avg": 12.6,
            "equity": 2895158,
            "current_ratio": 239.15,
            "debt_ratio": 43.36,
            "inventory_turnover_ratio": null,
            "account_receivable_turnover_ratio": null,
            "reinvestment_rate": null,
            "research_to_sale_ratio": null,
            "price_fair": 0,
            "eps_avg_yearly": 0,
            "eps_latest_yearly": 0,
            "eps_growth_yearly": 0
        },
        "20104": {
            "year_quarter": 20104,
            "year": 2010,
            "quarter": 4,
            "eps": null,
            "eps_growth_year": null,
            "eps_4q": null,
            "eps_4q_growth_year": null,
            "roe": null,
            "roe_4q": 3.41,
            "gross_profit": 334426,
            "gross_margin": null,
            "gross_margin_4q_avg": 5.69,
            "net_income": 166973,
            "net_income_4q": null,
            "revenue": 808258,
            "revenue_4q": null,
            "common_shares": 1801187,
            "book_valuer_per_share": 17.01,
            "book_valuer_per_share_4q_avg": 14.21,
            "equity": 3064081,
            "current_ratio": 187.59,
            "debt_ratio": 46.38,
            "inventory_turnover_ratio": null,
            "account_receivable_turnover_ratio": null,
            "reinvestment_rate": null,
            "research_to_sale_ratio": null,
            "price_fair": 0,
            "eps_avg_yearly": 0,
            "eps_latest_yearly": 0,
            "eps_growth_yearly": 0
        },
        "20111": {
            "year_quarter": 20111,
            "year": 2011,
            "quarter": 1,
            "eps": 1.03,
            "eps_growth_year": null,
            "eps_4q": 1.36,
            "eps_4q_growth_year": null,
            "roe": 5.88,
            "roe_4q": 9.29,
            "gross_profit": 333228,
            "gross_margin": 24.29,
            "gross_margin_4q_avg": 11.76,
            "net_income": 185753,
            "net_income_4q": null,
            "revenue": 1371691,
            "revenue_4q": null,
            "common_shares": 1812031,
            "book_valuer_per_share": 17.93,
            "book_valuer_per_share_4q_avg": 15.8,
            "equity": 3249343,
            "current_ratio": 132.93,
            "debt_ratio": 58.07,
            "inventory_turnover_ratio": 2.48,
            "account_receivable_turnover_ratio": 0.85,
            "reinvestment_rate": null,
            "research_to_sale_ratio": 1.22,
            "price_fair": 0,
            "eps_avg_yearly": 0,
            "eps_latest_yearly": 0,
            "eps_growth_yearly": 0
        },
        "20112": {
            "year_quarter": 20112,
            "year": 2011,
            "quarter": 2,
            "eps": 1.49,
            "eps_growth_year": 270.77,
            "eps_4q": 2.37,
            "eps_4q_growth_year": null,
            "roe": 7.12,
            "roe_4q": 13,
            "gross_profit": 553495,
            "gross_margin": 28.63,
            "gross_margin_4q_avg": 13.23,
            "net_income": 315537,
            "net_income_4q": null,
            "revenue": 1933282,
            "revenue_4q": null,
            "common_shares": 2112031,
            "book_valuer_per_share": 26.57,
            "book_valuer_per_share_4q_avg": 19.43,
            "equity": 5611433,
            "current_ratio": 193.72,
            "debt_ratio": 51.23,
            "inventory_turnover_ratio": 3.17,
            "account_receivable_turnover_ratio": 0.95,
            "reinvestment_rate": null,
            "research_to_sale_ratio": 1.06,
            "price_fair": 208.6,
            "eps_avg_yearly": 5.96,
            "eps_latest_yearly": 5.96,
            "eps_growth_yearly": 178.64
        },
        "20113": {
            "year_quarter": 20113,
            "year": 2011,
            "quarter": 3,
            "eps": 1.19,
            "eps_growth_year": null,
            "eps_4q": 3.56,
            "eps_4q_growth_year": null,
            "roe": 4.31,
            "roe_4q": 17.31,
            "gross_profit": 440174,
            "gross_margin": 19.84,
            "gross_margin_4q_avg": 18.19,
            "net_income": 250500,
            "net_income_4q": null,
            "revenue": 2218727,
            "revenue_4q": null,
            "common_shares": 2112779,
            "book_valuer_per_share": 28.45,
            "book_valuer_per_share_4q_avg": 22.49,
            "equity": 6010866,
            "current_ratio": 189.3,
            "debt_ratio": 51.28,
            "inventory_turnover_ratio": 4.03,
            "account_receivable_turnover_ratio": 0.93,
            "reinvestment_rate": null,
            "research_to_sale_ratio": 0.99,
            "price_fair": 187.6,
            "eps_avg_yearly": 5.36,
            "eps_latest_yearly": 4.76,
            "eps_growth_yearly": 49.05
        },
        "20114": {
            "year_quarter": 20114,
            "year": 2011,
            "quarter": 4,
            "eps": 0.38,
            "eps_growth_year": null,
            "eps_4q": 3.57,
            "eps_4q_growth_year": null,
            "roe": 1.33,
            "roe_4q": 18.64,
            "gross_profit": 319107,
            "gross_margin": 17.56,
            "gross_margin_4q_avg": 22.58,
            "net_income": 90164,
            "net_income_4q": null,
            "revenue": 1816944,
            "revenue_4q": null,
            "common_shares": 2355255,
            "book_valuer_per_share": 32.03,
            "book_valuer_per_share_4q_avg": 26.25,
            "equity": 7543496,
            "current_ratio": 206.36,
            "debt_ratio": 41.7,
            "inventory_turnover_ratio": 3.1,
            "account_receivable_turnover_ratio": 0.76,
            "reinvestment_rate": null,
            "research_to_sale_ratio": 2.07,
            "price_fair": 12.24,
            "eps_avg_yearly": 4.08,
            "eps_latest_yearly": 1.52,
            "eps_growth_yearly": -58.06
        },
        "20121": {
            "year_quarter": 20121,
            "year": 2012,
            "quarter": 1,
            "eps": 0.95,
            "eps_growth_year": -7.77,
            "eps_4q": 3.73,
            "eps_4q_growth_year": 174.46,
            "roe": 2.93,
            "roe_4q": 15.690000000000001,
            "gross_profit": 449278,
            "gross_margin": 23.19,
            "gross_margin_4q_avg": 22.31,
            "net_income": 223229,
            "net_income_4q": null,
            "revenue": 1937646,
            "revenue_4q": null,
            "common_shares": 2355255,
            "book_valuer_per_share": 32.71,
            "book_valuer_per_share_4q_avg": 29.94,
            "equity": 7705124,
            "current_ratio": 202.43,
            "debt_ratio": 41.67,
            "inventory_turnover_ratio": 2.6,
            "account_receivable_turnover_ratio": 0.94,
            "reinvestment_rate": null,
            "research_to_sale_ratio": 2.85,
            "price_fair": 140.35,
            "eps_avg_yearly": 4.01,
            "eps_latest_yearly": 3.8,
            "eps_growth_yearly": 106.46
        },
        "20122": {
            "year_quarter": 20122,
            "year": 2012,
            "quarter": 2,
            "eps": 0.56,
            "eps_growth_year": -62.19,
            "eps_4q": 2.96,
            "eps_4q_growth_year": 24.67,
            "roe": 1.76,
            "roe_4q": 10.33,
            "gross_profit": 438941,
            "gross_margin": 23.58,
            "gross_margin_4q_avg": 21.04,
            "net_income": 133042,
            "net_income_4q": null,
            "revenue": 1861182,
            "revenue_4q": null,
            "common_shares": 2355255,
            "book_valuer_per_share": 31.54,
            "book_valuer_per_share_4q_avg": 31.18,
            "equity": 7425331,
            "current_ratio": 154.73,
            "debt_ratio": 48.67,
            "inventory_turnover_ratio": 1.72,
            "account_receivable_turnover_ratio": 1.05,
            "reinvestment_rate": null,
            "research_to_sale_ratio": 5.75,
            "price_fair": 127.96,
            "eps_avg_yearly": 3.66,
            "eps_latest_yearly": 2.24,
            "eps_growth_yearly": 52.32
        },
        "20123": {
            "year_quarter": 20123,
            "year": 2012,
            "quarter": 3,
            "eps": 0.56,
            "eps_growth_year": -52.42,
            "eps_4q": 2.46,
            "eps_4q_growth_year": -30.88,
            "roe": 1.76,
            "roe_4q": 7.78,
            "gross_profit": 469304,
            "gross_margin": 19.95,
            "gross_margin_4q_avg": 21.07,
            "net_income": 131536,
            "net_income_4q": null,
            "revenue": 2352740,
            "revenue_4q": null,
            "common_shares": 2355255,
            "book_valuer_per_share": 31.97,
            "book_valuer_per_share_4q_avg": 32.06,
            "equity": 7523492,
            "current_ratio": 146.66,
            "debt_ratio": 47.69,
            "inventory_turnover_ratio": 1.51,
            "account_receivable_turnover_ratio": 1.2,
            "reinvestment_rate": null,
            "research_to_sale_ratio": 5.32,
            "price_fair": 119.7,
            "eps_avg_yearly": 3.42,
            "eps_latest_yearly": 2.24,
            "eps_growth_yearly": 43.6
        },
        "20124": {
            "year_quarter": 20124,
            "year": 2012,
            "quarter": 4,
            "eps": 0.63,
            "eps_growth_year": 65.14,
            "eps_4q": 2.47,
            "eps_4q_growth_year": -30.78,
            "roe": 1.95,
            "roe_4q": 8.4,
            "gross_profit": 572243,
            "gross_margin": 17.76,
            "gross_margin_4q_avg": 21.12,
            "net_income": 173077,
            "net_income_4q": null,
            "revenue": 3222300,
            "revenue_4q": null,
            "common_shares": 2655255,
            "book_valuer_per_share": 38.52,
            "book_valuer_per_share_4q_avg": 33.69,
            "equity": 10223652,
            "current_ratio": 166.99,
            "debt_ratio": 48.55,
            "inventory_turnover_ratio": 1.52,
            "account_receivable_turnover_ratio": 1.29,
            "reinvestment_rate": null,
            "research_to_sale_ratio": 3.46,
            "price_fair": 115.2,
            "eps_avg_yearly": 3.29,
            "eps_latest_yearly": 2.52,
            "eps_growth_yearly": 44.52
        },
        "20131": {
            "year_quarter": 20131,
            "year": 2013,
            "quarter": 1,
            "eps": 0.31,
            "eps_growth_year": -67.37,
            "eps_4q": 1.94,
            "eps_4q_growth_year": -48.05,
            "roe": 0.79,
            "roe_4q": 6.26,
            "gross_profit": 425864,
            "gross_margin": 12.21,
            "gross_margin_4q_avg": 18.38,
            "net_income": 82066,
            "net_income_4q": null,
            "revenue": 3488259,
            "revenue_4q": null,
            "common_shares": 2655255,
            "book_valuer_per_share": 39.13,
            "book_valuer_per_share_4q_avg": 35.29,
            "equity": 10530528,
            "current_ratio": 181.1,
            "debt_ratio": 47.11,
            "inventory_turnover_ratio": 1.61,
            "account_receivable_turnover_ratio": 1.13,
            "reinvestment_rate": null,
            "research_to_sale_ratio": 2.85,
            "price_fair": 71.49,
            "eps_avg_yearly": 3.04,
            "eps_latest_yearly": 1.24,
            "eps_growth_yearly": 13.56
        },
        "20132": {
            "year_quarter": 20132,
            "year": 2013,
            "quarter": 2,
            "eps": -1.59,
            "eps_growth_year": -381.48,
            "eps_4q": -0.15,
            "eps_4q_growth_year": -105.14,
            "roe": -4.21,
            "roe_4q": 0.29000000000000004,
            "gross_profit": -60709,
            "gross_margin": -2.32,
            "gross_margin_4q_avg": 11.9,
            "net_income": -429854,
            "net_income_4q": null,
            "revenue": 2611549,
            "revenue_4q": null,
            "common_shares": 2655255,
            "book_valuer_per_share": 36.77,
            "book_valuer_per_share_4q_avg": 36.6,
            "equity": 9897801,
            "current_ratio": 151.23,
            "debt_ratio": 46.49,
            "inventory_turnover_ratio": 1.76,
            "account_receivable_turnover_ratio": 0.88,
            "reinvestment_rate": null,
            "research_to_sale_ratio": 3.89,
            "price_fair": 71.49,
            "eps_avg_yearly": 3.04,
            "eps_latest_yearly": 1.24,
            "eps_growth_yearly": 13.56
        },
        "20133": {
            "year_quarter": 20133,
            "year": 2013,
            "quarter": 3,
            "eps": -1.39,
            "eps_growth_year": -346.39,
            "eps_4q": -2.03,
            "eps_4q_growth_year": -182.69,
            "roe": -3.96,
            "roe_4q": -5.43,
            "gross_profit": -43919,
            "gross_margin": -2.12,
            "gross_margin_4q_avg": 6.38,
            "net_income": -384277,
            "net_income_4q": null,
            "revenue": 2068535,
            "revenue_4q": null,
            "common_shares": 2685255,
            "book_valuer_per_share": 34.96,
            "book_valuer_per_share_4q_avg": 37.35,
            "equity": 9518844,
            "current_ratio": 155.32,
            "debt_ratio": 47.25,
            "inventory_turnover_ratio": 1.87,
            "account_receivable_turnover_ratio": 0.9,
            "reinvestment_rate": null,
            "research_to_sale_ratio": 7.54,
            "price_fair": 71.49,
            "eps_avg_yearly": 3.04,
            "eps_latest_yearly": 1.24,
            "eps_growth_yearly": 13.56
        },
        "20134": {
            "year_quarter": 20134,
            "year": 2013,
            "quarter": 4,
            "eps": -2.05,
            "eps_growth_year": -424.52,
            "eps_4q": -4.71,
            "eps_4q_growth_year": -290.25,
            "roe": -6.01,
            "roe_4q": -13.39,
            "gross_profit": -256608,
            "gross_margin": -14.17,
            "gross_margin_4q_avg": -1.6,
            "net_income": -557927,
            "net_income_4q": null,
            "revenue": 1810347,
            "revenue_4q": null,
            "common_shares": 2688389,
            "book_valuer_per_share": 33.21,
            "book_valuer_per_share_4q_avg": 36.02,
            "equity": 9052745,
            "current_ratio": 134.56,
            "debt_ratio": 49.31,
            "inventory_turnover_ratio": 2.72,
            "account_receivable_turnover_ratio": 0.91,
            "reinvestment_rate": 1218.31,
            "research_to_sale_ratio": 11.61,
            "price_fair": 71.49,
            "eps_avg_yearly": 3.04,
            "eps_latest_yearly": 1.24,
            "eps_growth_yearly": 13.56
        },
        "20141": {
            "year_quarter": 20141,
            "year": 2014,
            "quarter": 1,
            "eps": -1.57,
            "eps_growth_year": -606.45,
            "eps_4q": -6.58,
            "eps_4q_growth_year": -438.95,
            "roe": -4.84,
            "roe_4q": -19.02,
            "gross_profit": -59728,
            "gross_margin": -3.45,
            "gross_margin_4q_avg": -5.52,
            "net_income": -427926,
            "net_income_4q": null,
            "revenue": 1733029,
            "revenue_4q": null,
            "common_shares": 2688389,
            "book_valuer_per_share": 31.67,
            "book_valuer_per_share_4q_avg": 34.15,
            "equity": 8634236,
            "current_ratio": 135.17,
            "debt_ratio": 49.71,
            "inventory_turnover_ratio": 3.15,
            "account_receivable_turnover_ratio": 1,
            "reinvestment_rate": 3137.12,
            "research_to_sale_ratio": 8.66,
            "price_fair": 71.49,
            "eps_avg_yearly": 3.04,
            "eps_latest_yearly": 1.24,
            "eps_growth_yearly": 13.56
        },
        "20142": {
            "year_quarter": 20142,
            "year": 2014,
            "quarter": 2,
            "eps": -1.63,
            "eps_growth_year": null,
            "eps_4q": -6.63,
            "eps_4q_growth_year": null,
            "roe": -5.33,
            "roe_4q": -20.14,
            "gross_profit": -68354,
            "gross_margin": -3.73,
            "gross_margin_4q_avg": -5.87,
            "net_income": -447050,
            "net_income_4q": null,
            "revenue": 1831205,
            "revenue_4q": null,
            "common_shares": 2688389,
            "book_valuer_per_share": 29.89,
            "book_valuer_per_share_4q_avg": 32.43,
            "equity": 8141494,
            "current_ratio": 109.36,
            "debt_ratio": 52.55,
            "inventory_turnover_ratio": 2.94,
            "account_receivable_turnover_ratio": 1.22,
            "reinvestment_rate": null,
            "research_to_sale_ratio": 10.04,
            "price_fair": 71.49,
            "eps_avg_yearly": 3.04,
            "eps_latest_yearly": 1.24,
            "eps_growth_yearly": 13.56
        },
        "20143": {
            "year_quarter": 20143,
            "year": 2014,
            "quarter": 3,
            "eps": -1.04,
            "eps_growth_year": null,
            "eps_4q": -6.28,
            "eps_4q_growth_year": null,
            "roe": -3.57,
            "roe_4q": -19.75,
            "gross_profit": 101118,
            "gross_margin": 4.34,
            "gross_margin_4q_avg": -4.25,
            "net_income": -288520,
            "net_income_4q": null,
            "revenue": 2331529,
            "revenue_4q": null,
            "common_shares": 2687889,
            "book_valuer_per_share": 29.43,
            "book_valuer_per_share_4q_avg": 31.05,
            "equity": 8012387,
            "current_ratio": 117.69,
            "debt_ratio": 56.36,
            "inventory_turnover_ratio": 3.58,
            "account_receivable_turnover_ratio": 1.44,
            "reinvestment_rate": null,
            "research_to_sale_ratio": 7.26,
            "price_fair": 71.49,
            "eps_avg_yearly": 3.04,
            "eps_latest_yearly": 1.24,
            "eps_growth_yearly": 13.56
        },
        "20144": {
            "year_quarter": 20144,
            "year": 2014,
            "quarter": 4,
            "eps": -3.7,
            "eps_growth_year": null,
            "eps_4q": -7.93,
            "eps_4q_growth_year": null,
            "roe": -13.3,
            "roe_4q": -27.040000000000003,
            "gross_profit": -191326,
            "gross_margin": -9.57,
            "gross_margin_4q_avg": -3.1,
            "net_income": -1005477,
            "net_income_4q": null,
            "revenue": 1999080,
            "revenue_4q": null,
            "common_shares": 2687829,
            "book_valuer_per_share": 26.08,
            "book_valuer_per_share_4q_avg": 29.27,
            "equity": 7104090,
            "current_ratio": 111.94,
            "debt_ratio": 62.36,
            "inventory_turnover_ratio": 3.99,
            "account_receivable_turnover_ratio": 1.15,
            "reinvestment_rate": null,
            "research_to_sale_ratio": 4.33,
            "price_fair": 71.49,
            "eps_avg_yearly": 3.04,
            "eps_latest_yearly": 1.24,
            "eps_growth_yearly": 13.56
        },
        "20151": {
            "year_quarter": 20151,
            "year": 2015,
            "quarter": 1,
            "eps": -1.42,
            "eps_growth_year": null,
            "eps_4q": -7.79,
            "eps_4q_growth_year": null,
            "roe": -5.7,
            "roe_4q": -27.9,
            "gross_profit": -503854,
            "gross_margin": -39.04,
            "gross_margin_4q_avg": -12,
            "net_income": -393082,
            "net_income_4q": null,
            "revenue": 1290563,
            "revenue_4q": null,
            "common_shares": 2687829,
            "book_valuer_per_share": 24.58,
            "book_valuer_per_share_4q_avg": 27.5,
            "equity": 6689645,
            "current_ratio": 107.3,
            "debt_ratio": 61.65,
            "inventory_turnover_ratio": 3.12,
            "account_receivable_turnover_ratio": 0.94,
            "reinvestment_rate": null,
            "research_to_sale_ratio": 5.58,
            "price_fair": 71.49,
            "eps_avg_yearly": 3.04,
            "eps_latest_yearly": 1.24,
            "eps_growth_yearly": 13.56
        },
        "20152": {
            "year_quarter": 20152,
            "year": 2015,
            "quarter": 2,
            "eps": -11.07,
            "eps_growth_year": null,
            "eps_4q": -17.24,
            "eps_4q_growth_year": null,
            "roe": -58.7,
            "roe_4q": -81.27,
            "gross_profit": -673871,
            "gross_margin": -69.9,
            "gross_margin_4q_avg": -28.54,
            "net_income": -2983628,
            "net_income_4q": null,
            "revenue": 964029,
            "revenue_4q": null,
            "common_shares": 2686877,
            "book_valuer_per_share": 12.75,
            "book_valuer_per_share_4q_avg": 23.21,
            "equity": 3476867,
            "current_ratio": 84.46,
            "debt_ratio": 75.33,
            "inventory_turnover_ratio": 2.56,
            "account_receivable_turnover_ratio": 1.11,
            "reinvestment_rate": null,
            "research_to_sale_ratio": 8.11,
            "price_fair": 7.85,
            "eps_avg_yearly": 2.62,
            "eps_latest_yearly": 1.24,
            "eps_growth_yearly": -10.03
        },
        "20153": {
            "year_quarter": 20153,
            "year": 2015,
            "quarter": 3,
            "eps": -2.1,
            "eps_growth_year": null,
            "eps_4q": -18.32,
            "eps_4q_growth_year": null,
            "roe": -17.75,
            "roe_4q": -95.45,
            "gross_profit": -280388,
            "gross_margin": -15.84,
            "gross_margin_4q_avg": -33.59,
            "net_income": -570922,
            "net_income_4q": null,
            "revenue": 1769747,
            "revenue_4q": null,
            "common_shares": 2684650,
            "book_valuer_per_share": 10.82,
            "book_valuer_per_share_4q_avg": 18.56,
            "equity": 2955407,
            "current_ratio": 75.4,
            "debt_ratio": 79.73,
            "inventory_turnover_ratio": 3.46,
            "account_receivable_turnover_ratio": 1.67,
            "reinvestment_rate": null,
            "research_to_sale_ratio": 3.58,
            "price_fair": 26.5,
            "eps_avg_yearly": 2.26,
            "eps_latest_yearly": 1.24,
            "eps_growth_yearly": 1.72
        },
        "20154": {
            "year_quarter": 20154,
            "year": 2015,
            "quarter": 4,
            "eps": -4.51,
            "eps_growth_year": null,
            "eps_4q": -19.12,
            "eps_4q_growth_year": null,
            "roe": -51.94,
            "roe_4q": -134.08999999999997,
            "gross_profit": -358583,
            "gross_margin": -22.2,
            "gross_margin_4q_avg": -36.75,
            "net_income": -1216952,
            "net_income_4q": null,
            "revenue": 1614999,
            "revenue_4q": null,
            "common_shares": 2684419,
            "book_valuer_per_share": 6.32,
            "book_valuer_per_share_4q_avg": 13.62,
            "equity": 1730146,
            "current_ratio": 60.58,
            "debt_ratio": 86.28,
            "inventory_turnover_ratio": 4.67,
            "account_receivable_turnover_ratio": 1.22,
            "reinvestment_rate": null,
            "research_to_sale_ratio": 2.83,
            "price_fair": 84.28,
            "eps_avg_yearly": 2.41,
            "eps_latest_yearly": 1.24,
            "eps_growth_yearly": 56.52
        },
        "20161": {
            "year_quarter": 20161,
            "year": 2016,
            "quarter": 1,
            "eps": 0.06,
            "eps_growth_year": null,
            "eps_4q": -17.64,
            "eps_4q_growth_year": null,
            "roe": 0.6,
            "roe_4q": -127.79,
            "gross_profit": -494612,
            "gross_margin": -79.98,
            "gross_margin_4q_avg": -46.98,
            "net_income": 10392,
            "net_income_4q": null,
            "revenue": 618383,
            "revenue_4q": null,
            "common_shares": 2681878,
            "book_valuer_per_share": 6.37,
            "book_valuer_per_share_4q_avg": 9.07,
            "equity": 1735227,
            "current_ratio": 89.78,
            "debt_ratio": 84.69,
            "inventory_turnover_ratio": 4.73,
            "account_receivable_turnover_ratio": 0.71,
            "reinvestment_rate": null,
            "research_to_sale_ratio": 6.93,
            "price_fair": 6.18,
            "eps_avg_yearly": 2.06,
            "eps_latest_yearly": 1.24,
            "eps_growth_yearly": -79.35
        },
        "20162": {
            "year_quarter": 20162,
            "year": 2016,
            "quarter": 2,
            "eps": -0.01,
            "eps_growth_year": null,
            "eps_4q": -6.57,
            "eps_4q_growth_year": null,
            "roe": -0.32,
            "roe_4q": -69.41,
            "gross_profit": -242525,
            "gross_margin": -48.74,
            "gross_margin_4q_avg": -41.69,
            "net_income": -5614,
            "net_income_4q": null,
            "revenue": 497554,
            "revenue_4q": null,
            "common_shares": 2681158,
            "book_valuer_per_share": 6.37,
            "book_valuer_per_share_4q_avg": 7.47,
            "equity": 1732285,
            "current_ratio": 89.02,
            "debt_ratio": 82.35,
            "inventory_turnover_ratio": 3.35,
            "account_receivable_turnover_ratio": 1.04,
            "reinvestment_rate": null,
            "research_to_sale_ratio": 6.26,
            "price_fair": 6,
            "eps_avg_yearly": 2,
            "eps_latest_yearly": 1.24,
            "eps_growth_yearly": -51.06
        },
        "20163": {
            "year_quarter": 20163,
            "year": 2016,
            "quarter": 3,
            "eps": -1.1,
            "eps_growth_year": null,
            "eps_4q": -8.15,
            "eps_4q_growth_year": null,
            "roe": -11.7,
            "roe_4q": -63.36,
            "gross_profit": -176544,
            "gross_margin": -25.9,
            "gross_margin_4q_avg": -44.21,
            "net_income": -190894,
            "net_income_4q": null,
            "revenue": 681724,
            "revenue_4q": null,
            "common_shares": 1696415,
            "book_valuer_per_share": 8.91,
            "book_valuer_per_share_4q_avg": 6.99,
            "equity": 1531747,
            "current_ratio": 71.95,
            "debt_ratio": 77.79,
            "inventory_turnover_ratio": 3.01,
            "account_receivable_turnover_ratio": 1.31,
            "reinvestment_rate": null,
            "research_to_sale_ratio": 6.83,
            "price_fair": 5.64,
            "eps_avg_yearly": 1.88,
            "eps_latest_yearly": 1.24,
            "eps_growth_yearly": -76.59
        },
        "20164": {
            "year_quarter": 20164,
            "year": 2016,
            "quarter": 4,
            "eps": -1.64,
            "eps_growth_year": null,
            "eps_4q": -2.66,
            "eps_4q_growth_year": null,
            "roe": -20.11,
            "roe_4q": -31.529999999999994,
            "gross_profit": -158552,
            "gross_margin": -20.75,
            "gross_margin_4q_avg": -43.84,
            "net_income": -280198,
            "net_income_4q": null,
            "revenue": 764123,
            "revenue_4q": null,
            "common_shares": 1696415,
            "book_valuer_per_share": 7.4,
            "book_valuer_per_share_4q_avg": 7.26,
            "equity": 1254549,
            "current_ratio": 72.19,
            "debt_ratio": 79.44,
            "inventory_turnover_ratio": 3.21,
            "account_receivable_turnover_ratio": 1.34,
            "reinvestment_rate": null,
            "research_to_sale_ratio": 2.62,
            "price_fair": 3.72,
            "eps_avg_yearly": 1.24,
            "eps_latest_yearly": 1.24,
            "eps_growth_yearly": -203.17
        },
        "20171": {
            "year_quarter": 20171,
            "year": 2017,
            "quarter": 1,
            "eps": 0.07,
            "eps_growth_year": 16.67,
            "eps_4q": -2.69,
            "eps_4q_growth_year": null,
            "roe": 0.91,
            "roe_4q": -31.22,
            "gross_profit": -168702,
            "gross_margin": -32.45,
            "gross_margin_4q_avg": -31.96,
            "net_income": 11354,
            "net_income_4q": null,
            "revenue": 519940,
            "revenue_4q": null,
            "common_shares": 1696415,
            "book_valuer_per_share": 7.35,
            "book_valuer_per_share_4q_avg": 7.51,
            "equity": 1246837,
            "current_ratio": 67.55,
            "debt_ratio": 77.28,
            "inventory_turnover_ratio": 2.57,
            "account_receivable_turnover_ratio": 1.04,
            "reinvestment_rate": null,
            "research_to_sale_ratio": 2.84,
            "price_fair": 0,
            "eps_avg_yearly": 0,
            "eps_latest_yearly": 0,
            "eps_growth_yearly": 0
        },
        "20172": {
            "year_quarter": 20172,
            "year": 2017,
            "quarter": 2,
            "eps": 0.28,
            "eps_growth_year": null,
            "eps_4q": -2.39,
            "eps_4q_growth_year": null,
            "roe": 3.73,
            "roe_4q": -27.169999999999998,
            "gross_profit": -9796,
            "gross_margin": -1.07,
            "gross_margin_4q_avg": -20.04,
            "net_income": 46976,
            "net_income_4q": null,
            "revenue": 911528,
            "revenue_4q": null,
            "common_shares": 1696013,
            "book_valuer_per_share": 7.49,
            "book_valuer_per_share_4q_avg": 7.79,
            "equity": 1270455,
            "current_ratio": 71.08,
            "debt_ratio": 76.91,
            "inventory_turnover_ratio": 4.04,
            "account_receivable_turnover_ratio": 1.7,
            "reinvestment_rate": null,
            "research_to_sale_ratio": 1.7,
            "price_fair": 39.2,
            "eps_avg_yearly": 1.12,
            "eps_latest_yearly": 1.12,
            "eps_growth_yearly": 1200
        },
        "20173": {
            "year_quarter": 20173,
            "year": 2017,
            "quarter": 3,
            "eps": -0.15,
            "eps_growth_year": null,
            "eps_4q": -1.31,
            "eps_4q_growth_year": null,
            "roe": -1.88,
            "roe_4q": -17.349999999999998,
            "gross_profit": 1010,
            "gross_margin": 0.1,
            "gross_margin_4q_avg": -13.54,
            "net_income": -26450,
            "net_income_4q": null,
            "revenue": 1048095,
            "revenue_4q": null,
            "common_shares": 1883936,
            "book_valuer_per_share": 8.2,
            "book_valuer_per_share_4q_avg": 7.61,
            "equity": 1545614,
            "current_ratio": 76.35,
            "debt_ratio": 70.2,
            "inventory_turnover_ratio": 5.1,
            "account_receivable_turnover_ratio": 1.39,
            "reinvestment_rate": null,
            "research_to_sale_ratio": 1.43,
            "price_fair": 39.2,
            "eps_avg_yearly": 1.12,
            "eps_latest_yearly": 1.12,
            "eps_growth_yearly": 1200
        },
        "20174": {
            "year_quarter": 20174,
            "year": 2017,
            "quarter": 4,
            "eps": -0.07,
            "eps_growth_year": null,
            "eps_4q": 0.1,
            "eps_4q_growth_year": null,
            "roe": -0.8,
            "roe_4q": 1.9600000000000004,
            "gross_profit": 24979,
            "gross_margin": 2.18,
            "gross_margin_4q_avg": -7.81,
            "net_income": -12302,
            "net_income_4q": null,
            "revenue": 1145670,
            "revenue_4q": null,
            "common_shares": 1883936,
            "book_valuer_per_share": 8.18,
            "book_valuer_per_share_4q_avg": 7.81,
            "equity": 1541776,
            "current_ratio": 86.92,
            "debt_ratio": 71.27,
            "inventory_turnover_ratio": 5.05,
            "account_receivable_turnover_ratio": 1.22,
            "reinvestment_rate": null,
            "research_to_sale_ratio": 0.38,
            "price_fair": 39.2,
            "eps_avg_yearly": 1.12,
            "eps_latest_yearly": 1.12,
            "eps_growth_yearly": 1200
        },
        "20181": {
            "year_quarter": 20181,
            "year": 2018,
            "quarter": 1,
            "eps": -0.25,
            "eps_growth_year": -457.14,
            "eps_4q": -0.21,
            "eps_4q_growth_year": null,
            "roe": -3.16,
            "roe_4q": -2.11,
            "gross_profit": 23431,
            "gross_margin": 2.9,
            "gross_margin_4q_avg": 1.03,
            "net_income": -48010,
            "net_income_4q": null,
            "revenue": 807517,
            "revenue_4q": null,
            "common_shares": 1883936,
            "book_valuer_per_share": 7.95,
            "book_valuer_per_share_4q_avg": 7.96,
            "equity": 1497399,
            "current_ratio": 82.52,
            "debt_ratio": 69.58,
            "inventory_turnover_ratio": 3.21,
            "account_receivable_turnover_ratio": 0.91,
            "reinvestment_rate": null,
            "research_to_sale_ratio": 1.15,
            "price_fair": 39.2,
            "eps_avg_yearly": 1.12,
            "eps_latest_yearly": 1.12,
            "eps_growth_yearly": 1200
        },
        "20182": {
            "year_quarter": 20182,
            "year": 2018,
            "quarter": 2,
            "eps": 0.26,
            "eps_growth_year": -7.14,
            "eps_4q": -0.2,
            "eps_4q_growth_year": null,
            "roe": 3.28,
            "roe_4q": -2.5600000000000005,
            "gross_profit": 38551,
            "gross_margin": 3.16,
            "gross_margin_4q_avg": 2.09,
            "net_income": 49843,
            "net_income_4q": null,
            "revenue": 1218429,
            "revenue_4q": null,
            "common_shares": 1883936,
            "book_valuer_per_share": 8.2,
            "book_valuer_per_share_4q_avg": 8.13,
            "equity": 1544978,
            "current_ratio": 85.66,
            "debt_ratio": 69.22,
            "inventory_turnover_ratio": 4.63,
            "account_receivable_turnover_ratio": 1.34,
            "reinvestment_rate": null,
            "research_to_sale_ratio": 0.66,
            "price_fair": 39.2,
            "eps_avg_yearly": 1.12,
            "eps_latest_yearly": 1.12,
            "eps_growth_yearly": 1200
        },
        "20183": {
            "year_quarter": 20183,
            "year": 2018,
            "quarter": 3,
            "eps": -0.16,
            "eps_growth_year": null,
            "eps_4q": -0.2,
            "eps_4q_growth_year": null,
            "roe": -1.92,
            "roe_4q": -2.6000000000000005,
            "gross_profit": 30807,
            "gross_margin": 2.38,
            "gross_margin_4q_avg": 2.66,
            "net_income": -31447,
            "net_income_4q": null,
            "revenue": 1292386,
            "revenue_4q": null,
            "common_shares": 2063936,
            "book_valuer_per_share": 8.41,
            "book_valuer_per_share_4q_avg": 8.19,
            "equity": 1736603,
            "current_ratio": 87.95,
            "debt_ratio": 67.24,
            "inventory_turnover_ratio": 4.8,
            "account_receivable_turnover_ratio": 1.09,
            "reinvestment_rate": null,
            "research_to_sale_ratio": 0.95,
            "price_fair": 39.2,
            "eps_avg_yearly": 1.12,
            "eps_latest_yearly": 1.12,
            "eps_growth_yearly": 1200
        },
        "20184": {
            "year_quarter": 20184,
            "year": 2018,
            "quarter": 4,
            "eps": -0.46,
            "eps_growth_year": null,
            "eps_4q": -0.6,
            "eps_4q_growth_year": -680.45,
            "roe": -5.61,
            "roe_4q": -7.41,
            "gross_profit": -8689,
            "gross_margin": -1.02,
            "gross_margin_4q_avg": 1.86,
            "net_income": -94885,
            "net_income_4q": null,
            "revenue": 852371,
            "revenue_4q": null,
            "common_shares": 2063936,
            "book_valuer_per_share": 7.97,
            "book_valuer_per_share_4q_avg": 8.13,
            "equity": 1643934,
            "current_ratio": 85.17,
            "debt_ratio": 67.74,
            "inventory_turnover_ratio": 3.33,
            "account_receivable_turnover_ratio": 0.66,
            "reinvestment_rate": null,
            "research_to_sale_ratio": 2.96,
            "price_fair": 39.2,
            "eps_avg_yearly": 1.12,
            "eps_latest_yearly": 1.12,
            "eps_growth_yearly": 1200
        },
        "20191": {
            "year_quarter": 20191,
            "year": 2019,
            "quarter": 1,
            "eps": 0.03,
            "eps_growth_year": null,
            "eps_4q": -0.34,
            "eps_4q_growth_year": null,
            "roe": 0.36,
            "roe_4q": -3.89,
            "gross_profit": -16884,
            "gross_margin": -2.36,
            "gross_margin_4q_avg": 0.54,
            "net_income": 5812,
            "net_income_4q": null,
            "revenue": 716729,
            "revenue_4q": null,
            "common_shares": 2063936,
            "book_valuer_per_share": 7.73,
            "book_valuer_per_share_4q_avg": 8.08,
            "equity": 1596429,
            "current_ratio": 74.79,
            "debt_ratio": 63.99,
            "inventory_turnover_ratio": 3.1,
            "account_receivable_turnover_ratio": 0.73,
            "reinvestment_rate": null,
            "research_to_sale_ratio": 1.44,
            "price_fair": 39.2,
            "eps_avg_yearly": 1.12,
            "eps_latest_yearly": 1.12,
            "eps_growth_yearly": 1200
        },
        "20192": {
            "year_quarter": 20192,
            "year": 2019,
            "quarter": 2,
            "eps": -0.02,
            "eps_growth_year": -107.69,
            "eps_4q": -0.6,
            "eps_4q_growth_year": null,
            "roe": -0.22,
            "roe_4q": -7.390000000000001,
            "gross_profit": -25910,
            "gross_margin": -3.9,
            "gross_margin_4q_avg": -1.23,
            "net_income": -3553,
            "net_income_4q": null,
            "revenue": 665206,
            "revenue_4q": null,
            "common_shares": 2063936,
            "book_valuer_per_share": 7.7,
            "book_valuer_per_share_4q_avg": 7.95,
            "equity": 1590213,
            "current_ratio": 79.72,
            "debt_ratio": 64.21,
            "inventory_turnover_ratio": 3.11,
            "account_receivable_turnover_ratio": 0.93,
            "reinvestment_rate": null,
            "research_to_sale_ratio": 1.65,
            "price_fair": 39.2,
            "eps_avg_yearly": 1.12,
            "eps_latest_yearly": 1.12,
            "eps_growth_yearly": 1200
        },
        "20193": {
            "year_quarter": 20193,
            "year": 2019,
            "quarter": 3,
            "eps": -0.13,
            "eps_growth_year": null,
            "eps_4q": -0.58,
            "eps_4q_growth_year": null,
            "roe": -1.7,
            "roe_4q": -7.17,
            "gross_profit": 11577,
            "gross_margin": 1.54,
            "gross_margin_4q_avg": -1.44,
            "net_income": -26813,
            "net_income_4q": null,
            "revenue": 751265,
            "revenue_4q": null,
            "common_shares": 2063936,
            "book_valuer_per_share": 7.54,
            "book_valuer_per_share_4q_avg": 7.74,
            "equity": 1556268,
            "current_ratio": 102.27,
            "debt_ratio": 60.81,
            "inventory_turnover_ratio": 3.46,
            "account_receivable_turnover_ratio": 0.97,
            "reinvestment_rate": null,
            "research_to_sale_ratio": 1.57,
            "price_fair": 39.2,
            "eps_avg_yearly": 1.12,
            "eps_latest_yearly": 1.12,
            "eps_growth_yearly": 1200
        },
        "20194": {
            "year_quarter": 20194,
            "year": 2019,
            "quarter": 4,
            "eps": -0.17,
            "eps_growth_year": null,
            "eps_4q": -0.29,
            "eps_4q_growth_year": null,
            "roe": -2.33,
            "roe_4q": -3.89,
            "gross_profit": 14058,
            "gross_margin": 1.92,
            "gross_margin_4q_avg": -0.7,
            "net_income": -35815,
            "net_income_4q": null,
            "revenue": 732874,
            "revenue_4q": null,
            "common_shares": 2063936,
            "book_valuer_per_share": 7.35,
            "book_valuer_per_share_4q_avg": 7.58,
            "equity": 1517481,
            "current_ratio": 99.65,
            "debt_ratio": 60.94,
            "inventory_turnover_ratio": 3.75,
            "account_receivable_turnover_ratio": 0.91,
            "reinvestment_rate": null,
            "research_to_sale_ratio": 1.41,
            "price_fair": 39.2,
            "eps_avg_yearly": 1.12,
            "eps_latest_yearly": 1.12,
            "eps_growth_yearly": 1200
        },
        "20201": {
            "year_quarter": 20201,
            "year": 2020,
            "quarter": 1,
            "eps": -0.31,
            "eps_growth_year": -1133.33,
            "eps_4q": -0.63,
            "eps_4q_growth_year": null,
            "roe": -4.27,
            "roe_4q": -8.52,
            "gross_profit": -28451,
            "gross_margin": -7.08,
            "gross_margin_4q_avg": -1.88,
            "net_income": -63377,
            "net_income_4q": null,
            "revenue": 401571,
            "revenue_4q": null,
            "common_shares": 2063936,
            "book_valuer_per_share": 7.04,
            "book_valuer_per_share_4q_avg": 7.41,
            "equity": 1452417,
            "current_ratio": 95.73,
            "debt_ratio": 60.11,
            "inventory_turnover_ratio": 2.58,
            "account_receivable_turnover_ratio": 0.53,
            "reinvestment_rate": null,
            "research_to_sale_ratio": 2.27,
            "price_fair": 39.2,
            "eps_avg_yearly": 1.12,
            "eps_latest_yearly": 1.12,
            "eps_growth_yearly": 1200
        },
        "20202": {
            "year_quarter": 20202,
            "year": 2020,
            "quarter": 2,
            "eps": -0.9,
            "eps_growth_year": null,
            "eps_4q": -1.51,
            "eps_4q_growth_year": null,
            "roe": -13.69,
            "roe_4q": -21.99,
            "gross_profit": -5247,
            "gross_margin": -0.77,
            "gross_margin_4q_avg": -1.1,
            "net_income": -185921,
            "net_income_4q": null,
            "revenue": 685616,
            "revenue_4q": null,
            "common_shares": 2063936,
            "book_valuer_per_share": 6.12,
            "book_valuer_per_share_4q_avg": 7.01,
            "equity": 1263730,
            "current_ratio": 91.51,
            "debt_ratio": 63.64,
            "inventory_turnover_ratio": 4.74,
            "account_receivable_turnover_ratio": 0.97,
            "reinvestment_rate": null,
            "research_to_sale_ratio": 1.34,
            "price_fair": 39.2,
            "eps_avg_yearly": 1.12,
            "eps_latest_yearly": 1.12,
            "eps_growth_yearly": 1200
        },
        "20203": {
            "year_quarter": 20203,
            "year": 2020,
            "quarter": 3,
            "eps": 0.06,
            "eps_growth_year": null,
            "eps_4q": -1.32,
            "eps_4q_growth_year": null,
            "roe": 0.95,
            "roe_4q": -19.339999999999996,
            "gross_profit": 38243,
            "gross_margin": 5.23,
            "gross_margin_4q_avg": -0.18,
            "net_income": 12130,
            "net_income_4q": null,
            "revenue": 731342,
            "revenue_4q": null,
            "common_shares": 2063936,
            "book_valuer_per_share": 6.19,
            "book_valuer_per_share_4q_avg": 6.68,
            "equity": 1277534,
            "current_ratio": 120.8,
            "debt_ratio": 65.93,
            "inventory_turnover_ratio": 4.98,
            "account_receivable_turnover_ratio": 0.91,
            "reinvestment_rate": null,
            "research_to_sale_ratio": 1.53,
            "price_fair": 39.2,
            "eps_avg_yearly": 1.12,
            "eps_latest_yearly": 1.12,
            "eps_growth_yearly": 1200
        },
        "20204": {
            "year_quarter": 20204,
            "year": 2020,
            "quarter": 4,
            "eps": -0.27,
            "eps_growth_year": null,
            "eps_4q": -1.42,
            "eps_4q_growth_year": null,
            "roe": -3.98,
            "roe_4q": -20.99,
            "gross_profit": -13643,
            "gross_margin": -2.17,
            "gross_margin_4q_avg": -1.2,
            "net_income": -55955,
            "net_income_4q": null,
            "revenue": 630007,
            "revenue_4q": null,
            "common_shares": 2063936,
            "book_valuer_per_share": 7.45,
            "book_valuer_per_share_4q_avg": 6.7,
            "equity": 1537293,
            "current_ratio": 113.66,
            "debt_ratio": 62.02,
            "inventory_turnover_ratio": 4.27,
            "account_receivable_turnover_ratio": 0.81,
            "reinvestment_rate": null,
            "research_to_sale_ratio": 1.58,
            "price_fair": 39.2,
            "eps_avg_yearly": 1.12,
            "eps_latest_yearly": 1.12,
            "eps_growth_yearly": 1200
        },
        "20211": {
            "year_quarter": 20211,
            "year": 2021,
            "quarter": 1,
            "eps": -0.03,
            "eps_growth_year": null,
            "eps_4q": -1.14,
            "eps_4q_growth_year": null,
            "roe": -0.36,
            "roe_4q": -17.08,
            "gross_profit": 23799,
            "gross_margin": 3.81,
            "gross_margin_4q_avg": 1.53,
            "net_income": -5565,
            "net_income_4q": null,
            "revenue": 624417,
            "revenue_4q": null,
            "common_shares": 2063936,
            "book_valuer_per_share": 7.48,
            "book_valuer_per_share_4q_avg": 6.81,
            "equity": 1544411,
            "current_ratio": 139.18,
            "debt_ratio": 65.54,
            "inventory_turnover_ratio": 3.85,
            "account_receivable_turnover_ratio": 0.97,
            "reinvestment_rate": null,
            "research_to_sale_ratio": 2.41,
            "price_fair": 39.2,
            "eps_avg_yearly": 1.12,
            "eps_latest_yearly": 1.12,
            "eps_growth_yearly": 1200
        },
        "20212": {
            "year_quarter": 20212,
            "year": 2021,
            "quarter": 2,
            "eps": 0.02,
            "eps_growth_year": null,
            "eps_4q": -0.22,
            "eps_4q_growth_year": null,
            "roe": 0.21,
            "roe_4q": -3.1799999999999997,
            "gross_profit": 27348,
            "gross_margin": 4.23,
            "gross_margin_4q_avg": 2.78,
            "net_income": 3289,
            "net_income_4q": null,
            "revenue": 646284,
            "revenue_4q": null,
            "common_shares": 2063936,
            "book_valuer_per_share": 7.49,
            "book_valuer_per_share_4q_avg": 7.15,
            "equity": 1546454,
            "current_ratio": 133.83,
            "debt_ratio": 65.5,
            "inventory_turnover_ratio": 3.81,
            "account_receivable_turnover_ratio": 0.97,
            "reinvestment_rate": null,
            "research_to_sale_ratio": 2.75,
            "price_fair": 0,
            "eps_avg_yearly": 0,
            "eps_latest_yearly": 0,
            "eps_growth_yearly": 0
        },
        "20213": {
            "year_quarter": 20213,
            "year": 2021,
            "quarter": 3,
            "eps": -0.09,
            "eps_growth_year": -250,
            "eps_4q": -0.37,
            "eps_4q_growth_year": null,
            "roe": -1.21,
            "roe_4q": -5.34,
            "gross_profit": 7256,
            "gross_margin": 1.08,
            "gross_margin_4q_avg": 1.74,
            "net_income": -18568,
            "net_income_4q": null,
            "revenue": 674654,
            "revenue_4q": null,
            "common_shares": 2063936,
            "book_valuer_per_share": 7.41,
            "book_valuer_per_share_4q_avg": 7.46,
            "equity": 1528391,
            "current_ratio": 129.34,
            "debt_ratio": 65.66,
            "inventory_turnover_ratio": 3.58,
            "account_receivable_turnover_ratio": 0.98,
            "reinvestment_rate": null,
            "research_to_sale_ratio": 2.47,
            "price_fair": 0,
            "eps_avg_yearly": 0,
            "eps_latest_yearly": 0,
            "eps_growth_yearly": 0
        },
        "20214": {
            "year_quarter": 20214,
            "year": 2021,
            "quarter": 4,
            "eps": -0.48,
            "eps_growth_year": null,
            "eps_4q": -0.59,
            "eps_4q_growth_year": null,
            "roe": -6.75,
            "roe_4q": -8.11,
            "gross_profit": -21336,
            "gross_margin": -3.19,
            "gross_margin_4q_avg": 1.48,
            "net_income": -99951,
            "net_income_4q": null,
            "revenue": 668478,
            "revenue_4q": null,
            "common_shares": 2063936,
            "book_valuer_per_share": 6.94,
            "book_valuer_per_share_4q_avg": 7.33,
            "equity": 1432759,
            "current_ratio": 116.32,
            "debt_ratio": 68.12,
            "inventory_turnover_ratio": 3.32,
            "account_receivable_turnover_ratio": 0.99,
            "reinvestment_rate": null,
            "research_to_sale_ratio": 2.19,
            "price_fair": 0,
            "eps_avg_yearly": 0,
            "eps_latest_yearly": 0,
            "eps_growth_yearly": 0
        },
        "20221": {
            "year_quarter": 20221,
            "year": 2022,
            "quarter": 1,
            "eps": -0.22,
            "eps_growth_year": null,
            "eps_4q": -0.78,
            "eps_4q_growth_year": null,
            "roe": -3.27,
            "roe_4q": -11.02,
            "gross_profit": -15593,
            "gross_margin": -3.15,
            "gross_margin_4q_avg": -0.26,
            "net_income": -46154,
            "net_income_4q": null,
            "revenue": 495174,
            "revenue_4q": null,
            "common_shares": 2063936,
            "book_valuer_per_share": 6.75,
            "book_valuer_per_share_4q_avg": 7.15,
            "equity": 1392390,
            "current_ratio": 110.34,
            "debt_ratio": 68.05,
            "inventory_turnover_ratio": 2.41,
            "account_receivable_turnover_ratio": 0.91,
            "reinvestment_rate": null,
            "research_to_sale_ratio": 3,
            "price_fair": 0,
            "eps_avg_yearly": 0,
            "eps_latest_yearly": 0,
            "eps_growth_yearly": 0
        },
        "20222": {
            "year_quarter": 20222,
            "year": 2022,
            "quarter": 2,
            "eps": -0.45,
            "eps_growth_year": -2350,
            "eps_4q": -1.17,
            "eps_4q_growth_year": null,
            "roe": -6.37,
            "roe_4q": -17.6,
            "gross_profit": -52072,
            "gross_margin": -7.92,
            "gross_margin_4q_avg": -3.3,
            "net_income": -96580,
            "net_income_4q": null,
            "revenue": 657607,
            "revenue_4q": null,
            "common_shares": 2233936,
            "book_valuer_per_share": 7.35,
            "book_valuer_per_share_4q_avg": 7.11,
            "equity": 1640934,
            "current_ratio": 132.36,
            "debt_ratio": 63.64,
            "inventory_turnover_ratio": 3.45,
            "account_receivable_turnover_ratio": 1.3,
            "reinvestment_rate": null,
            "research_to_sale_ratio": 2.31,
            "price_fair": 0,
            "eps_avg_yearly": 0,
            "eps_latest_yearly": 0,
            "eps_growth_yearly": 0
        },
        "20223": {
            "year_quarter": 20223,
            "year": 2022,
            "quarter": 3,
            "eps": -0.26,
            "eps_growth_year": null,
            "eps_4q": -1.34,
            "eps_4q_growth_year": null,
            "roe": -3.56,
            "roe_4q": -19.95,
            "gross_profit": -49091,
            "gross_margin": -7.36,
            "gross_margin_4q_avg": -5.41,
            "net_income": -57474,
            "net_income_4q": null,
            "revenue": 667167,
            "revenue_4q": null,
            "common_shares": 2233936,
            "book_valuer_per_share": 7.11,
            "book_valuer_per_share_4q_avg": 7.04,
            "equity": 1588227,
            "current_ratio": 127.78,
            "debt_ratio": 64.86,
            "inventory_turnover_ratio": 3.64,
            "account_receivable_turnover_ratio": 1.12,
            "reinvestment_rate": null,
            "research_to_sale_ratio": 1.85,
            "price_fair": 0,
            "eps_avg_yearly": 0,
            "eps_latest_yearly": 0,
            "eps_growth_yearly": 0
        },
        "20224": {
            "year_quarter": 20224,
            "year": 2022,
            "quarter": 4,
            "eps": -0.51,
            "eps_growth_year": null,
            "eps_4q": -1.41,
            "eps_4q_growth_year": null,
            "roe": -7.53,
            "roe_4q": -20.73,
            "gross_profit": -5354,
            "gross_margin": -0.88,
            "gross_margin_4q_avg": -4.83,
            "net_income": -115385,
            "net_income_4q": null,
            "revenue": 610254,
            "revenue_4q": null,
            "common_shares": 2241856,
            "book_valuer_per_share": 6.59,
            "book_valuer_per_share_4q_avg": 6.95,
            "equity": 1478459,
            "current_ratio": 134.52,
            "debt_ratio": 66.11,
            "inventory_turnover_ratio": 3.23,
            "account_receivable_turnover_ratio": 1.14,
            "reinvestment_rate": null,
            "research_to_sale_ratio": 3.26,
            "price_fair": 0,
            "eps_avg_yearly": 0,
            "eps_latest_yearly": 0,
            "eps_growth_yearly": 0
        },
        "20231": {
            "year_quarter": 20231,
            "year": 2023,
            "quarter": 1,
            "eps": -0.1,
            "eps_growth_year": null,
            "eps_4q": -1.3,
            "eps_4q_growth_year": null,
            "roe": -1.5,
            "roe_4q": -18.96,
            "gross_profit": 4953,
            "gross_margin": 1.25,
            "gross_margin_4q_avg": -3.73,
            "net_income": -22030,
            "net_income_4q": null,
            "revenue": 396074,
            "revenue_4q": null,
            "common_shares": 2241856,
            "book_valuer_per_share": 6.5,
            "book_valuer_per_share_4q_avg": 6.89,
            "equity": 1456877,
            "current_ratio": 103.98,
            "debt_ratio": 65.42,
            "inventory_turnover_ratio": 2.16,
            "account_receivable_turnover_ratio": 0.96,
            "reinvestment_rate": null,
            "research_to_sale_ratio": 6.12,
            "price_fair": 0,
            "eps_avg_yearly": 0,
            "eps_latest_yearly": 0,
            "eps_growth_yearly": 0
        },
        "20232": {
            "year_quarter": 20232,
            "year": 2023,
            "quarter": 2,
            "eps": -0.06,
            "eps_growth_year": null,
            "eps_4q": -0.93,
            "eps_4q_growth_year": null,
            "roe": -0.98,
            "roe_4q": -13.57,
            "gross_profit": 21454,
            "gross_margin": 4.45,
            "gross_margin_4q_avg": -0.64,
            "net_income": -14278,
            "net_income_4q": null,
            "revenue": 482635,
            "revenue_4q": null,
            "common_shares": 2243296,
            "book_valuer_per_share": 6.43,
            "book_valuer_per_share_4q_avg": 6.66,
            "equity": 1442949,
            "current_ratio": 102.15,
            "debt_ratio": 65.23,
            "inventory_turnover_ratio": 2.62,
            "account_receivable_turnover_ratio": 1.23,
            "reinvestment_rate": null,
            "research_to_sale_ratio": 3.75,
            "price_fair": 0,
            "eps_avg_yearly": 0,
            "eps_latest_yearly": 0,
            "eps_growth_yearly": 0
        },
        "20233": {
            "year_quarter": 20233,
            "year": 2023,
            "quarter": 3,
            "eps": -0.17,
            "eps_growth_year": null,
            "eps_4q": -1.22,
            "eps_4q_growth_year": null,
            "roe": -1.75,
            "roe_4q": -11.760000000000002,
            "gross_profit": 13423,
            "gross_margin": 2.76,
            "gross_margin_4q_avg": 1.9,
            "net_income": -25065,
            "net_income_4q": null,
            "revenue": 485876,
            "revenue_4q": null,
            "common_shares": 1443296,
            "book_valuer_per_share": 9.85,
            "book_valuer_per_share_4q_avg": 7.34,
            "equity": 1422309,
            "current_ratio": 100.26,
            "debt_ratio": 65.06,
            "inventory_turnover_ratio": 2.87,
            "account_receivable_turnover_ratio": 1.17,
            "reinvestment_rate": null,
            "research_to_sale_ratio": 5.03,
            "price_fair": 0,
            "eps_avg_yearly": 0,
            "eps_latest_yearly": 0,
            "eps_growth_yearly": 0
        }
    },
    "months": {
        "2004-08": {
            "month": "2004-08",
            "price": "18.00",
            "revenue": 36918
        },
        "2004-10": {
            "month": "2004-10",
            "price": "14.71",
            "revenue": 17839
        },
        "2004-11": {
            "month": "2004-11",
            "price": "12.42",
            "revenue": 22697
        },
        "2005-04": {
            "month": "2005-04",
            "price": "11.04",
            "revenue": 22333
        },
        "2005-05": {
            "month": "2005-05",
            "price": "8.79",
            "revenue": 30038
        },
        "2005-06": {
            "month": "2005-06",
            "price": "7.56",
            "revenue": 32823
        },
        "2005-07": {
            "month": "2005-07",
            "price": "7.35",
            "revenue": 31033
        },
        "2005-08": {
            "month": "2005-08",
            "price": "6.71",
            "revenue": 40108
        },
        "2005-09": {
            "month": "2005-09",
            "price": "6.30",
            "revenue": 40463
        },
        "2005-10": {
            "month": "2005-10",
            "price": "5.89",
            "revenue": 38110
        },
        "2005-11": {
            "month": "2005-11",
            "price": "7.72",
            "revenue": 38219
        },
        "2005-12": {
            "month": "2005-12",
            "price": "7.71",
            "revenue": 33381
        },
        "2006-01": {
            "month": "2006-01",
            "price": "7.00",
            "revenue": 32885
        },
        "2006-02": {
            "month": "2006-02",
            "price": "6.70",
            "revenue": 31250
        },
        "2006-03": {
            "month": "2006-03",
            "price": "5.87",
            "revenue": 37983
        },
        "2006-04": {
            "month": "2006-04",
            "price": "6.51",
            "revenue": 41206
        },
        "2006-05": {
            "month": "2006-05",
            "price": "8.58",
            "revenue": 43643
        },
        "2006-06": {
            "month": "2006-06",
            "price": "7.72",
            "revenue": 45329
        },
        "2006-07": {
            "month": "2006-07",
            "price": "7.11",
            "revenue": 38060
        },
        "2006-08": {
            "month": "2006-08",
            "price": "7.11",
            "revenue": 41211
        },
        "2006-09": {
            "month": "2006-09",
            "price": "7.10",
            "revenue": 45145
        },
        "2006-10": {
            "month": "2006-10",
            "price": "8.37",
            "revenue": 50800
        },
        "2006-11": {
            "month": "2006-11",
            "price": "13.15",
            "revenue": 46054
        },
        "2006-12": {
            "month": "2006-12",
            "price": "13.54",
            "revenue": 32247
        },
        "2007-01": {
            "month": "2007-01",
            "price": "15.41",
            "revenue": 26975
        },
        "2007-02": {
            "month": "2007-02",
            "price": "16.21",
            "revenue": 19401
        },
        "2007-03": {
            "month": "2007-03",
            "price": "24.02",
            "revenue": 38148
        },
        "2007-04": {
            "month": "2007-04",
            "price": "29.26",
            "revenue": 43676
        },
        "2007-05": {
            "month": "2007-05",
            "price": "32.47",
            "revenue": 65357
        },
        "2007-06": {
            "month": "2007-06",
            "price": "55.44",
            "revenue": 76438
        },
        "2007-07": {
            "month": "2007-07",
            "price": "76.97",
            "revenue": 64985
        },
        "2007-08": {
            "month": "2007-08",
            "price": "91.34",
            "revenue": 68711
        },
        "2007-09": {
            "month": "2007-09",
            "price": "84.09",
            "revenue": 76096
        },
        "2007-10": {
            "month": "2007-10",
            "price": "72.65",
            "revenue": 84402
        },
        "2007-11": {
            "month": "2007-11",
            "price": "64.98",
            "revenue": 101408
        },
        "2007-12": {
            "month": "2007-12",
            "price": "68.56",
            "revenue": 92251
        },
        "2008-01": {
            "month": "2008-01",
            "price": "61.19",
            "revenue": 100825
        },
        "2008-02": {
            "month": "2008-02",
            "price": "52.76",
            "revenue": 80906
        },
        "2008-03": {
            "month": "2008-03",
            "price": "50.83",
            "revenue": 83335
        },
        "2008-04": {
            "month": "2008-04",
            "price": "51.60",
            "revenue": 64132
        },
        "2008-05": {
            "month": "2008-05",
            "price": "54.30",
            "revenue": 24526
        },
        "2008-06": {
            "month": "2008-06",
            "price": "45.06",
            "revenue": 18212
        },
        "2008-07": {
            "month": "2008-07",
            "price": "35.35",
            "revenue": 37818
        },
        "2008-08": {
            "month": "2008-08",
            "price": "29.55",
            "revenue": 53860
        },
        "2008-09": {
            "month": "2008-09",
            "price": "18.05",
            "revenue": 71534
        },
        "2008-10": {
            "month": "2008-10",
            "price": "16.41",
            "revenue": 55168
        },
        "2008-11": {
            "month": "2008-11",
            "price": "13.53",
            "revenue": 31317
        },
        "2008-12": {
            "month": "2008-12",
            "price": "12.70",
            "revenue": 35966
        },
        "2009-01": {
            "month": "2009-01",
            "price": "11.84",
            "revenue": 33359
        },
        "2009-02": {
            "month": "2009-02",
            "price": "13.65",
            "revenue": 24204
        },
        "2009-03": {
            "month": "2009-03",
            "price": "17.39",
            "revenue": 26978
        },
        "2009-04": {
            "month": "2009-04",
            "price": "24.05",
            "revenue": 39598
        },
        "2009-05": {
            "month": "2009-05",
            "price": "27.99",
            "revenue": 29841
        },
        "2009-06": {
            "month": "2009-06",
            "price": "25.22",
            "revenue": 41744
        },
        "2009-07": {
            "month": "2009-07",
            "price": "24.64",
            "revenue": 59403
        },
        "2009-08": {
            "month": "2009-08",
            "price": "21.79",
            "revenue": 59326
        },
        "2009-09": {
            "month": "2009-09",
            "price": "23.29",
            "revenue": 99295
        },
        "2009-10": {
            "month": "2009-10",
            "price": "26.24",
            "revenue": 104686
        },
        "2009-11": {
            "month": "2009-11",
            "price": "30.92",
            "revenue": 95030
        },
        "2009-12": {
            "month": "2009-12",
            "price": "41.49",
            "revenue": 112641
        },
        "2010-01": {
            "month": "2010-01",
            "price": "52.12",
            "revenue": 94972
        },
        "2010-02": {
            "month": "2010-02",
            "price": "46.93",
            "revenue": 79813
        },
        "2010-03": {
            "month": "2010-03",
            "price": "46.66",
            "revenue": 135714
        },
        "2010-04": {
            "month": "2010-04",
            "price": "44.29",
            "revenue": 139272
        },
        "2010-05": {
            "month": "2010-05",
            "price": "43.82",
            "revenue": 171637
        },
        "2010-06": {
            "month": "2010-06",
            "price": "46.09",
            "revenue": 191046
        },
        "2010-07": {
            "month": "2010-07",
            "price": "48.43",
            "revenue": 271412
        },
        "2010-08": {
            "month": "2010-08",
            "price": "63.59",
            "revenue": 244975
        },
        "2010-09": {
            "month": "2010-09",
            "price": "71.28",
            "revenue": 283634
        },
        "2010-10": {
            "month": "2010-10",
            "price": "88.12",
            "revenue": 287022
        },
        "2010-11": {
            "month": "2010-11",
            "price": "82.25",
            "revenue": 332930
        },
        "2010-12": {
            "month": "2010-12",
            "price": "115.91",
            "revenue": 348499
        },
        "2011-01": {
            "month": "2011-01",
            "price": "128.39",
            "revenue": 423643
        },
        "2011-02": {
            "month": "2011-02",
            "price": "115.07",
            "revenue": 378110
        },
        "2011-03": {
            "month": "2011-03",
            "price": "118.87",
            "revenue": 554426
        },
        "2011-04": {
            "month": "2011-04",
            "price": "122.11",
            "revenue": 569962
        },
        "2011-05": {
            "month": "2011-05",
            "price": "115.68",
            "revenue": 681635
        },
        "2011-06": {
            "month": "2011-06",
            "price": "112.83",
            "revenue": 669652
        },
        "2011-07": {
            "month": "2011-07",
            "price": "104.25",
            "revenue": 664246
        },
        "2011-08": {
            "month": "2011-08",
            "price": "85.58",
            "revenue": 777454
        },
        "2011-09": {
            "month": "2011-09",
            "price": "88.86",
            "revenue": 783297
        },
        "2011-10": {
            "month": "2011-10",
            "price": "75.07",
            "revenue": 654410
        },
        "2011-11": {
            "month": "2011-11",
            "price": "55.62",
            "revenue": 471523
        },
        "2011-12": {
            "month": "2011-12",
            "price": "57.23",
            "revenue": 723445
        },
        "2012-01": {
            "month": "2012-01",
            "price": "71.79",
            "revenue": 629816
        },
        "2012-02": {
            "month": "2012-02",
            "price": "90.75",
            "revenue": 654608
        },
        "2012-03": {
            "month": "2012-03",
            "price": "95.45",
            "revenue": 650033
        },
        "2012-04": {
            "month": "2012-04",
            "price": "94.73",
            "revenue": 602048
        },
        "2012-05": {
            "month": "2012-05",
            "price": "87.06",
            "revenue": 714005
        },
        "2012-06": {
            "month": "2012-06",
            "price": "85.63",
            "revenue": 541942
        },
        "2012-07": {
            "month": "2012-07",
            "price": "84.44",
            "revenue": 607687
        },
        "2012-08": {
            "month": "2012-08",
            "price": "83.54",
            "revenue": 704346
        },
        "2012-09": {
            "month": "2012-09",
            "price": "88.46",
            "revenue": 1039072
        },
        "2012-10": {
            "month": "2012-10",
            "price": "85.41",
            "revenue": 1361458
        },
        "2012-11": {
            "month": "2012-11",
            "price": "75.36",
            "revenue": 902679
        },
        "2012-12": {
            "month": "2012-12",
            "price": "75.26",
            "revenue": 976537
        },
        "2013-01": {
            "month": "2013-01",
            "price": "70.14",
            "revenue": 1328234
        },
        "2013-02": {
            "month": "2013-02",
            "price": "71.00",
            "revenue": 879854
        },
        "2013-03": {
            "month": "2013-03",
            "price": "70.93",
            "revenue": 1275000
        },
        "2013-04": {
            "month": "2013-04",
            "price": "66.42",
            "revenue": 1291532
        },
        "2013-05": {
            "month": "2013-05",
            "price": "64.37",
            "revenue": 772790
        },
        "2013-06": {
            "month": "2013-06",
            "price": "55.27",
            "revenue": 540450
        },
        "2013-07": {
            "month": "2013-07",
            "price": "56.36",
            "revenue": 690075
        },
        "2013-08": {
            "month": "2013-08",
            "price": "56.26",
            "revenue": 608760
        },
        "2013-09": {
            "month": "2013-09",
            "price": "60.22",
            "revenue": 768861
        },
        "2013-10": {
            "month": "2013-10",
            "price": "53.88",
            "revenue": 743733
        },
        "2013-11": {
            "month": "2013-11",
            "price": "38.92",
            "revenue": 470077
        },
        "2013-12": {
            "month": "2013-12",
            "price": "33.92",
            "revenue": 590395
        },
        "2014-01": {
            "month": "2014-01",
            "price": "39.88",
            "revenue": 636229
        },
        "2014-02": {
            "month": "2014-02",
            "price": "38.63",
            "revenue": 490999
        },
        "2014-03": {
            "month": "2014-03",
            "price": "39.15",
            "revenue": 602968
        },
        "2014-04": {
            "month": "2014-04",
            "price": "40.14",
            "revenue": 600345
        },
        "2014-05": {
            "month": "2014-05",
            "price": "34.72",
            "revenue": 515262
        },
        "2014-06": {
            "month": "2014-06",
            "price": "34.98",
            "revenue": 715203
        },
        "2014-07": {
            "month": "2014-07",
            "price": "35.47",
            "revenue": 801471
        },
        "2014-08": {
            "month": "2014-08",
            "price": "31.22",
            "revenue": 816568
        },
        "2014-09": {
            "month": "2014-09",
            "price": "30.42",
            "revenue": 710859
        },
        "2014-10": {
            "month": "2014-10",
            "price": "25.70",
            "revenue": 664847
        },
        "2014-11": {
            "month": "2014-11",
            "price": "24.30",
            "revenue": 682199
        },
        "2014-12": {
            "month": "2014-12",
            "price": "27.29",
            "revenue": 700518
        },
        "2015-01": {
            "month": "2015-01",
            "price": "29.44",
            "revenue": 612364
        },
        "2015-02": {
            "month": "2015-02",
            "price": "27.60",
            "revenue": 300350
        },
        "2015-03": {
            "month": "2015-03",
            "price": "28.85",
            "revenue": 382407
        },
        "2015-04": {
            "month": "2015-04",
            "price": "28.20",
            "revenue": 332902
        },
        "2015-05": {
            "month": "2015-05",
            "price": "22.84",
            "revenue": 306307
        },
        "2015-06": {
            "month": "2015-06",
            "price": "18.59",
            "revenue": 319343
        },
        "2015-07": {
            "month": "2015-07",
            "price": "15.72",
            "revenue": 627122
        },
        "2015-08": {
            "month": "2015-08",
            "price": "12.49",
            "revenue": 525258
        },
        "2015-09": {
            "month": "2015-09",
            "price": "12.74",
            "revenue": 592970
        },
        "2015-10": {
            "month": "2015-10",
            "price": "14.39",
            "revenue": 526464
        },
        "2015-11": {
            "month": "2015-11",
            "price": "13.96",
            "revenue": 568612
        },
        "2015-12": {
            "month": "2015-12",
            "price": "12.95",
            "revenue": 492137
        },
        "2016-01": {
            "month": "2016-01",
            "price": "11.12",
            "revenue": 322231
        },
        "2016-02": {
            "month": "2016-02",
            "price": "11.65",
            "revenue": 147597
        },
        "2016-03": {
            "month": "2016-03",
            "price": "12.43",
            "revenue": 141306
        },
        "2016-04": {
            "month": "2016-04",
            "price": "10.68",
            "revenue": 178067
        },
        "2016-05": {
            "month": "2016-05",
            "price": "8.61",
            "revenue": 157017
        },
        "2016-06": {
            "month": "2016-06",
            "price": "10.37",
            "revenue": 190146
        },
        "2016-07": {
            "month": "2016-07",
            "price": "12.17",
            "revenue": 209979
        },
        "2016-08": {
            "month": "2016-08",
            "price": "12.49",
            "revenue": 240518
        },
        "2016-09": {
            "month": "2016-09",
            "price": "12.06",
            "revenue": 234397
        },
        "2016-10": {
            "month": "2016-10",
            "price": "17.06",
            "revenue": 201703
        },
        "2016-11": {
            "month": "2016-11",
            "price": "22.24",
            "revenue": 312928
        },
        "2016-12": {
            "month": "2016-12",
            "price": "21.05",
            "revenue": 243967
        },
        "2017-01": {
            "month": "2017-01",
            "price": "20.71",
            "revenue": 154140
        },
        "2017-02": {
            "month": "2017-02",
            "price": "21.61",
            "revenue": 147589
        },
        "2017-03": {
            "month": "2017-03",
            "price": "20.90",
            "revenue": 234674
        },
        "2017-04": {
            "month": "2017-04",
            "price": "18.63",
            "revenue": 270984
        },
        "2017-05": {
            "month": "2017-05",
            "price": "18.02",
            "revenue": 344088
        },
        "2017-06": {
            "month": "2017-06",
            "price": "19.84",
            "revenue": 286397
        },
        "2017-07": {
            "month": "2017-07",
            "price": "19.46",
            "revenue": 317253
        },
        "2017-08": {
            "month": "2017-08",
            "price": "20.68",
            "revenue": 319094
        },
        "2017-09": {
            "month": "2017-09",
            "price": "24.53",
            "revenue": 404772
        },
        "2017-10": {
            "month": "2017-10",
            "price": "23.35",
            "revenue": 393341
        },
        "2017-11": {
            "month": "2017-11",
            "price": "21.94",
            "revenue": 390099
        },
        "2017-12": {
            "month": "2017-12",
            "price": "19.64",
            "revenue": 362801
        },
        "2018-01": {
            "month": "2018-01",
            "price": "19.36",
            "revenue": 303027
        },
        "2018-02": {
            "month": "2018-02",
            "price": "16.80",
            "revenue": 203054
        },
        "2018-03": {
            "month": "2018-03",
            "price": "17.15",
            "revenue": 301436
        },
        "2018-04": {
            "month": "2018-04",
            "price": "16.81",
            "revenue": 338618
        },
        "2018-05": {
            "month": "2018-05",
            "price": "15.44",
            "revenue": 447739
        },
        "2018-06": {
            "month": "2018-06",
            "price": "15.89",
            "revenue": 432072
        },
        "2018-07": {
            "month": "2018-07",
            "price": "14.85",
            "revenue": 421515
        },
        "2018-08": {
            "month": "2018-08",
            "price": "13.28",
            "revenue": 436220
        },
        "2018-09": {
            "month": "2018-09",
            "price": "11.77",
            "revenue": 434651
        },
        "2018-10": {
            "month": "2018-10",
            "price": "11.32",
            "revenue": 397635
        },
        "2018-11": {
            "month": "2018-11",
            "price": "9.93",
            "revenue": 371793
        },
        "2018-12": {
            "month": "2018-12",
            "price": "9.06",
            "revenue": 319168
        },
        "2019-01": {
            "month": "2019-01",
            "price": "8.82",
            "revenue": 295262
        },
        "2019-02": {
            "month": "2019-02",
            "price": "9.68",
            "revenue": 174107
        },
        "2019-03": {
            "month": "2019-03",
            "price": "12.42",
            "revenue": 247360
        },
        "2019-04": {
            "month": "2019-04",
            "price": "12.34",
            "revenue": 224011
        },
        "2019-05": {
            "month": "2019-05",
            "price": "10.52",
            "revenue": 229159
        },
        "2019-06": {
            "month": "2019-06",
            "price": "11.63",
            "revenue": 212037
        },
        "2019-07": {
            "month": "2019-07",
            "price": "11.93",
            "revenue": 230369
        },
        "2019-08": {
            "month": "2019-08",
            "price": "10.54",
            "revenue": 259820
        },
        "2019-09": {
            "month": "2019-09",
            "price": "10.90",
            "revenue": 261075
        },
        "2019-10": {
            "month": "2019-10",
            "price": "10.44",
            "revenue": 247296
        },
        "2019-11": {
            "month": "2019-11",
            "price": "10.02",
            "revenue": 214064
        },
        "2019-12": {
            "month": "2019-12",
            "price": "9.52",
            "revenue": 271515
        },
        "2020-01": {
            "month": "2020-01",
            "price": "9.08",
            "revenue": 130994
        },
        "2020-02": {
            "month": "2020-02",
            "price": "8.24",
            "revenue": 99685
        },
        "2020-03": {
            "month": "2020-03",
            "price": "6.03",
            "revenue": 170892
        },
        "2020-04": {
            "month": "2020-04",
            "price": "5.94",
            "revenue": 218538
        },
        "2020-05": {
            "month": "2020-05",
            "price": "6.97",
            "revenue": 242999
        },
        "2020-06": {
            "month": "2020-06",
            "price": "7.14",
            "revenue": 224079
        },
        "2020-07": {
            "month": "2020-07",
            "price": "7.68",
            "revenue": 235738
        },
        "2020-08": {
            "month": "2020-08",
            "price": "9.53",
            "revenue": 248421
        },
        "2020-09": {
            "month": "2020-09",
            "price": "10.98",
            "revenue": 247183
        },
        "2020-10": {
            "month": "2020-10",
            "price": "14.99",
            "revenue": 224076
        },
        "2020-11": {
            "month": "2020-11",
            "price": "15.94",
            "revenue": 217658
        },
        "2020-12": {
            "month": "2020-12",
            "price": "18.06",
            "revenue": 188272
        },
        "2021-01": {
            "month": "2021-01",
            "price": "27.98",
            "revenue": 243320
        },
        "2021-02": {
            "month": "2021-02",
            "price": "27.45",
            "revenue": 164251
        },
        "2021-03": {
            "month": "2021-03",
            "price": "33.75",
            "revenue": 216847
        },
        "2021-04": {
            "month": "2021-04",
            "price": "46.54",
            "revenue": 192395
        },
        "2021-05": {
            "month": "2021-05",
            "price": "33.99",
            "revenue": 195458
        },
        "2021-06": {
            "month": "2021-06",
            "price": "37.56",
            "revenue": 257138
        },
        "2021-07": {
            "month": "2021-07",
            "price": "42.55",
            "revenue": 240766
        },
        "2021-08": {
            "month": "2021-08",
            "price": "40.15",
            "revenue": 208617
        },
        "2021-09": {
            "month": "2021-09",
            "price": "34.80",
            "revenue": 225271
        },
        "2021-10": {
            "month": "2021-10",
            "price": "32.11",
            "revenue": 207742
        },
        "2021-11": {
            "month": "2021-11",
            "price": "32.10",
            "revenue": 236559
        },
        "2021-12": {
            "month": "2021-12",
            "price": "31.35",
            "revenue": 224176
        },
        "2022-01": {
            "month": "2022-01",
            "price": "29.89",
            "revenue": 215615
        },
        "2022-02": {
            "month": "2022-02",
            "price": "27.30",
            "revenue": 120558
        },
        "2022-03": {
            "month": "2022-03",
            "price": "24.14",
            "revenue": 159002
        },
        "2022-04": {
            "month": "2022-04",
            "price": "24.60",
            "revenue": 218359
        },
        "2022-05": {
            "month": "2022-05",
            "price": "23.21",
            "revenue": 200280
        },
        "2022-06": {
            "month": "2022-06",
            "price": "20.80",
            "revenue": 238968
        },
        "2022-07": {
            "month": "2022-07",
            "price": "16.96",
            "revenue": 224365
        },
        "2022-08": {
            "month": "2022-08",
            "price": "18.18",
            "revenue": 229172
        },
        "2022-09": {
            "month": "2022-09",
            "price": "19.10",
            "revenue": 213629
        },
        "2022-10": {
            "month": "2022-10",
            "price": "20.68",
            "revenue": 222310
        },
        "2022-11": {
            "month": "2022-11",
            "price": "20.70",
            "revenue": 232136
        },
        "2022-12": {
            "month": "2022-12",
            "price": "19.83",
            "revenue": 155807
        },
        "2023-01": {
            "month": "2023-01",
            "price": "18.42",
            "revenue": 114844
        },
        "2023-02": {
            "month": "2023-02",
            "price": "18.86",
            "revenue": 111034
        },
        "2023-03": {
            "month": "2023-03",
            "price": "18.53",
            "revenue": 170195
        },
        "2023-04": {
            "month": "2023-04",
            "price": "18.55",
            "revenue": 162731
        },
        "2023-05": {
            "month": "2023-05",
            "price": "15.40",
            "revenue": 156135
        },
        "2023-06": {
            "month": "2023-06",
            "price": "14.50",
            "revenue": 163768
        },
        "2023-07": {
            "month": "2023-07",
            "price": "13.72",
            "revenue": 164089
        },
        "2023-08": {
            "month": "2023-08",
            "price": "13.34",
            "revenue": 162737
        },
        "2023-09": {
            "month": "2023-09",
            "price": "14.63",
            "revenue": 159050
        },
        "2023-10": {
            "month": "2023-10",
            "price": "15.50",
            "revenue": 165786
        },
        "2023-11": {
            "month": "2023-11",
            "price": "19.57",
            "revenue": 160557
        },
        "2023-12": {
            "month": "2023-12",
            "price": "23.71",
            "revenue": 168112
        }
    }
}
