{
    "summary": {
        "stock_name": "璟德",
        "stock_id": "3152",
        "category": "通信網路",
        "main_business": "高頻整合元件及模組(研究、開發、生產、製造及銷售)<br>高頻晶片陶瓷元件(研究、開發、生產、製造及銷售)<br>電子材料及電信器材之零售之批發",
        "website_url": "http://www.acxc.com.tw",
        "ceo": "郭建文",
        "pe_ratio": 53,
        "report_year_from": 2001,
        "report_year_to": 2023,
        "age": 23,
        "eps_negative_percentage": 0,
        "eps_growth_avg": {
            "last_all": 9.74,
            "last_2y": -15.66,
            "last_4y": -6.65,
            "last_8y": 3.13,
            "last_12y": 2.03,
            "last_16y": 9.74,
            "last_20y": null,
            "at_2006_last_3y": null,
            "at_2007_last_3y": null,
            "at_2008_last_3y": null,
            "at_2009_last_3y": null,
            "at_2010_last_3y": 34.78,
            "at_2011_last_3y": -1,
            "at_2012_last_3y": 0,
            "at_2013_last_3y": 9.62,
            "at_2014_last_3y": -0.44,
            "at_2015_last_3y": 25.7,
            "at_2016_last_3y": 27.89,
            "at_2017_last_3y": 17.66,
            "at_2018_last_3y": 15.37,
            "at_2019_last_3y": -3.67,
            "at_2020_last_3y": 2.01,
            "at_2021_last_3y": 6.93,
            "at_2022_last_3y": -8.94,
            "at_2023_last_3y": -4.65,
            "at_2024_last_3y": -4.65,
            "at_2006_last_all": null,
            "at_2007_last_all": null,
            "at_2008_last_all": 46.47,
            "at_2009_last_all": 33.11,
            "at_2010_last_all": 34.78,
            "at_2011_last_all": 19.2,
            "at_2012_last_all": 15.49,
            "at_2013_last_all": 19.68,
            "at_2014_last_all": 17.17,
            "at_2015_last_all": 22.09,
            "at_2016_last_all": 20.45,
            "at_2017_last_all": 18.95,
            "at_2018_last_all": 16.57,
            "at_2019_last_all": 14.17,
            "at_2020_last_all": 15.18,
            "at_2021_last_all": 15.74,
            "at_2022_last_all": 10.19,
            "at_2023_last_all": 9.74,
            "at_2024_last_all": 9.74
        },
        "latest_eps": 4.09,
        "latest_price": 218,
        "latest_roe": 7.91,
        "latest_gross_margin": 45.25,
        "latest_equity": 3589046,
        "latest_revenue": 414467,
        "latest_gross_profit": 187563,
        "latest_net_income": 83926,
        "latest_debt_ratio": 14.29,
        "latest_current_ratio": 333.78,
        "latest_account_receivable_turnover_ratio": 1.52,
        "latest_inventory_turnover_ratio": 1.66,
        "latest_reinvestment_rate": 42.23,
        "latest_research_to_sale_ratio": 6.16
    },
    "eps_dividends": {
        "2001": {
            "cash": 0,
            "stock": 0,
            "eps": 0
        },
        "2002": {
            "cash": 0,
            "stock": 0,
            "eps": 0
        },
        "2003": {
            "cash": 0,
            "stock": 0,
            "eps": 0
        },
        "2004": {
            "cash": 0,
            "stock": 0.5,
            "eps": 0
        },
        "2005": {
            "cash": 0,
            "stock": 0.7,
            "eps": 0
        },
        "2006": {
            "cash": 0,
            "stock": 1,
            "eps": 1.76
        },
        "2007": {
            "cash": 1.2,
            "stock": 0.4,
            "eps": 6.23
        },
        "2008": {
            "cash": 4,
            "stock": 0.16,
            "eps": 5.79
        },
        "2009": {
            "cash": 3,
            "stock": 0,
            "eps": 6.16
        },
        "2010": {
            "cash": 4,
            "stock": 1,
            "eps": 8.61
        },
        "2011": {
            "cash": 5.5,
            "stock": 0,
            "eps": 4.9
        },
        "2012": {
            "cash": 4.41,
            "stock": 0,
            "eps": 4.75
        },
        "2013": {
            "cash": 4.28,
            "stock": 0,
            "eps": 6.88
        },
        "2014": {
            "cash": 6.19,
            "stock": 0,
            "eps": 6.85
        },
        "2015": {
            "cash": 6.66,
            "stock": 0,
            "eps": 11.06
        },
        "2016": {
            "cash": 9.95,
            "stock": 0,
            "eps": 11.69
        },
        "2017": {
            "cash": 10.5,
            "stock": 0,
            "eps": 12.15
        },
        "2018": {
            "cash": 10.9,
            "stock": 0,
            "eps": 10.98
        },
        "2019": {
            "cash": 9.88,
            "stock": 0,
            "eps": 9.37
        },
        "2020": {
            "cash": 8.43,
            "stock": 0,
            "eps": 12.03
        },
        "2021": {
            "cash": 10.8,
            "stock": 0,
            "eps": 14.87
        },
        "2022": {
            "cash": 8,
            "stock": 0,
            "eps": 4
        },
        "2023": {
            "cash": 3.59,
            "stock": 0,
            "eps": 4.1
        },
        "2024": {
            "cash": 3.68,
            "stock": 0,
            "eps": 0
        }
    },
    "dividends": {
        "2004-03-18": {
            "cash": 0,
            "stock": 0.5
        },
        "2005-04-29": {
            "cash": 0,
            "stock": 0.7
        },
        "2006-03-09": {
            "cash": 0,
            "stock": 1
        },
        "2007-03-27": {
            "cash": 1.2,
            "stock": 0.4
        },
        "2008-03-20": {
            "cash": 4,
            "stock": 0.16
        },
        "2009-03-23": {
            "cash": 3,
            "stock": 0
        },
        "2010-03-22": {
            "cash": 4,
            "stock": 1
        },
        "2011-03-01": {
            "cash": 5.5,
            "stock": 0
        },
        "2012-02-21": {
            "cash": 4.41,
            "stock": 0
        },
        "2013-06-25": {
            "cash": 4.28,
            "stock": 0
        },
        "2014-09-02": {
            "cash": 6.19,
            "stock": 0
        },
        "2015-09-03": {
            "cash": 6.66,
            "stock": 0
        },
        "2016-09-02": {
            "cash": 9.95,
            "stock": 0
        },
        "2017-09-01": {
            "cash": 10.5,
            "stock": 0
        },
        "2018-09-05": {
            "cash": 10.9,
            "stock": 0
        },
        "2019-09-04": {
            "cash": 9.88,
            "stock": 0
        },
        "2020-09-02": {
            "cash": 8.43,
            "stock": 0
        },
        "2021-10-06": {
            "cash": 10.8,
            "stock": 0
        },
        "2022-09-01": {
            "cash": 8,
            "stock": 0
        },
        "2023-09-08": {
            "cash": 3.59,
            "stock": 0
        },
        "2024-02-27": {
            "cash": 3.68,
            "stock": 0
        }
    },
    "prices": {
        "200101": "無",
        "200102": "無",
        "200103": "無",
        "200104": "無",
        "200105": "無",
        "200106": "無",
        "200107": "無",
        "200108": "無",
        "200109": "無",
        "200110": "無",
        "200111": "無",
        "200112": "無",
        "200201": "無",
        "200202": "無",
        "200203": "無",
        "200204": "無",
        "200205": "無",
        "200206": "無",
        "200207": "無",
        "200208": "無",
        "200209": "無",
        "200210": "無",
        "200211": "無",
        "200212": "無",
        "200301": "無",
        "200302": "無",
        "200303": "無",
        "200304": "無",
        "200305": "無",
        "200306": "無",
        "200307": "無",
        "200308": "無",
        "200309": "無",
        "200310": "無",
        "200311": "無",
        "200312": "無",
        "200401": "無",
        "200402": "無",
        "200403": "無",
        "200404": "無",
        "200405": "無",
        "200406": "無",
        "200407": "無",
        "200408": "無",
        "200409": "無",
        "200410": "無",
        "200411": "無",
        "200412": "28.74",
        "200501": "27.30",
        "200502": "27.56",
        "200503": "24.31",
        "200504": "25.00",
        "200505": "25.65",
        "200506": "25.00",
        "200507": "23.58",
        "200508": "23.75",
        "200509": "24.84",
        "200510": "26.26",
        "200511": "26.27",
        "200512": "31.09",
        "200601": "40.32",
        "200602": "38.84",
        "200603": "38.74",
        "200604": "38.54",
        "200605": "39.04",
        "200606": "38.91",
        "200607": "39.63",
        "200608": "38.37",
        "200609": "39.92",
        "200610": "40.49",
        "200611": "40.03",
        "200612": "42.76",
        "200701": "63.65",
        "200702": "61.47",
        "200703": "59.77",
        "200704": "52.65",
        "200705": "52.80",
        "200706": "63.57",
        "200707": "69.84",
        "200708": "63.10",
        "200709": "65.57",
        "200710": "64.19",
        "200711": "65.58",
        "200712": "61.95",
        "200801": "62.06",
        "200802": "62.04",
        "200803": "87.12",
        "200804": "117.04",
        "200805": "130.38",
        "200806": "113.08",
        "200807": "95.85",
        "200808": "86.80",
        "200809": "74.79",
        "200810": "58.41",
        "200811": "52.32",
        "200812": "49.40",
        "200901": "48.73",
        "200902": "48.97",
        "200903": "64.51",
        "200904": "74.50",
        "200905": "81.18",
        "200906": "86.01",
        "200907": "90.46",
        "200908": "99.36",
        "200909": "120.84",
        "200910": "120.27",
        "200911": "128.67",
        "200912": "148.48",
        "201001": "164.25",
        "201002": "172.39",
        "201003": "210.52",
        "201004": "221.83",
        "201005": "203.74",
        "201006": "220.10",
        "201007": "244.89",
        "201008": "233.61",
        "201009": "217.57",
        "201010": "173.24",
        "201011": "157.55",
        "201012": "144.26",
        "201101": "126.18",
        "201102": "115.68",
        "201103": "138.52",
        "201104": "138.37",
        "201105": "140.60",
        "201106": "135.24",
        "201107": "109.80",
        "201108": "84.59",
        "201109": "84.10",
        "201110": "84.07",
        "201111": "79.54",
        "201112": "65.27",
        "201201": "66.26",
        "201202": "88.80",
        "201203": "99.01",
        "201204": "81.24",
        "201205": "83.48",
        "201206": "84.49",
        "201207": "82.19",
        "201208": "86.65",
        "201209": "87.84",
        "201210": "81.11",
        "201211": "79.21",
        "201212": "79.74",
        "201301": "79.50",
        "201302": "80.84",
        "201303": "84.93",
        "201304": "85.74",
        "201305": "91.15",
        "201306": "94.55",
        "201307": "97.74",
        "201308": "101.15",
        "201309": "129.80",
        "201310": "129.00",
        "201311": "140.90",
        "201312": "157.25",
        "201401": "151.08",
        "201402": "143.85",
        "201403": "152.10",
        "201404": "150.02",
        "201405": "147.38",
        "201406": "148.72",
        "201407": "147.39",
        "201408": "134.52",
        "201409": "128.33",
        "201410": "120.25",
        "201411": "127.00",
        "201412": "128.19",
        "201501": "145.62",
        "201502": "148.04",
        "201503": "152.95",
        "201504": "148.40",
        "201505": "173.75",
        "201506": "242.38",
        "201507": "229.70",
        "201508": "190.57",
        "201509": "213.15",
        "201510": "212.12",
        "201511": "211.98",
        "201512": "223.04",
        "201601": "185.55",
        "201602": "191.27",
        "201603": "184.07",
        "201604": "174.45",
        "201605": "162.29",
        "201606": "167.69",
        "201607": "177.05",
        "201608": "187.59",
        "201609": "210.92",
        "201610": "222.25",
        "201611": "243.77",
        "201612": "234.20",
        "201701": "262.84",
        "201702": "286.69",
        "201703": "315.17",
        "201704": "316.53",
        "201705": "313.20",
        "201706": "349.09",
        "201707": "365.57",
        "201708": "392.78",
        "201709": "420.16",
        "201710": "367.76",
        "201711": "351.48",
        "201712": "379.33",
        "201801": "386.25",
        "201802": "348.69",
        "201803": "308.28",
        "201804": "261.64",
        "201805": "255.52",
        "201806": "267.72",
        "201807": "262.57",
        "201808": "255.85",
        "201809": "224.71",
        "201810": "200.66",
        "201811": "188.77",
        "201812": "234.83",
        "201901": "247.60",
        "201902": "256.42",
        "201903": "250.50",
        "201904": "267.82",
        "201905": "241.14",
        "201906": "215.05",
        "201907": "236.43",
        "201908": "220.17",
        "201909": "259.00",
        "201910": "265.31",
        "201911": "255.43",
        "201912": "317.82",
        "202001": "329.40",
        "202002": "320.37",
        "202003": "261.41",
        "202004": "286.45",
        "202005": "308.80",
        "202006": "364.42",
        "202007": "406.87",
        "202008": "373.60",
        "202009": "393.36",
        "202010": "385.26",
        "202011": "407.76",
        "202012": "487.46",
        "202101": "477.80",
        "202102": "483.85",
        "202103": "556.95",
        "202104": "541.63",
        "202105": "459.95",
        "202106": "501.98",
        "202107": "481.80",
        "202108": "452.14",
        "202109": "365.20",
        "202110": "336.78",
        "202111": "366.30",
        "202112": "345.09",
        "202201": "326.61",
        "202202": "296.23",
        "202203": "271.00",
        "202204": "255.71",
        "202205": "228.90",
        "202206": "219.19",
        "202207": "180.17",
        "202208": "181.70",
        "202209": "175.62",
        "202210": "155.95",
        "202211": "175.32",
        "202212": "184.80",
        "202301": "186.92",
        "202302": "224.78",
        "202303": "218.83",
        "202304": "227.85",
        "202305": "206.75",
        "202306": "219.45",
        "202307": "214.26",
        "202308": "189.50",
        "202309": "213.72",
        "202310": "207.95",
        "202311": "235.20",
        "202312": "247.00"
    },
    "quarters": {
        "20011": {
            "year_quarter": 20011,
            "year": 2001,
            "quarter": 1,
            "eps": null,
            "eps_growth_year": null,
            "eps_4q": null,
            "eps_4q_growth_year": null,
            "roe": null,
            "roe_4q": 0,
            "gross_profit": null,
            "gross_margin": null,
            "gross_margin_4q_avg": 0,
            "net_income": null,
            "net_income_4q": null,
            "revenue": null,
            "revenue_4q": null,
            "common_shares": null,
            "book_valuer_per_share": null,
            "book_valuer_per_share_4q_avg": 0,
            "equity": null,
            "current_ratio": null,
            "debt_ratio": null,
            "inventory_turnover_ratio": null,
            "account_receivable_turnover_ratio": null,
            "reinvestment_rate": null,
            "research_to_sale_ratio": null,
            "price_fair": 0,
            "eps_avg_yearly": 0,
            "eps_latest_yearly": 0,
            "eps_growth_yearly": 0
        },
        "20012": {
            "year_quarter": 20012,
            "year": 2001,
            "quarter": 2,
            "eps": null,
            "eps_growth_year": null,
            "eps_4q": null,
            "eps_4q_growth_year": null,
            "roe": null,
            "roe_4q": 0,
            "gross_profit": null,
            "gross_margin": null,
            "gross_margin_4q_avg": 0,
            "net_income": null,
            "net_income_4q": null,
            "revenue": null,
            "revenue_4q": null,
            "common_shares": null,
            "book_valuer_per_share": null,
            "book_valuer_per_share_4q_avg": 0,
            "equity": null,
            "current_ratio": null,
            "debt_ratio": null,
            "inventory_turnover_ratio": null,
            "account_receivable_turnover_ratio": null,
            "reinvestment_rate": null,
            "research_to_sale_ratio": null,
            "price_fair": 0,
            "eps_avg_yearly": 0,
            "eps_latest_yearly": 0,
            "eps_growth_yearly": 0
        },
        "20013": {
            "year_quarter": 20013,
            "year": 2001,
            "quarter": 3,
            "eps": null,
            "eps_growth_year": null,
            "eps_4q": null,
            "eps_4q_growth_year": null,
            "roe": null,
            "roe_4q": 0,
            "gross_profit": null,
            "gross_margin": null,
            "gross_margin_4q_avg": 0,
            "net_income": null,
            "net_income_4q": null,
            "revenue": null,
            "revenue_4q": null,
            "common_shares": null,
            "book_valuer_per_share": null,
            "book_valuer_per_share_4q_avg": 0,
            "equity": null,
            "current_ratio": null,
            "debt_ratio": null,
            "inventory_turnover_ratio": null,
            "account_receivable_turnover_ratio": null,
            "reinvestment_rate": null,
            "research_to_sale_ratio": null,
            "price_fair": 0,
            "eps_avg_yearly": 0,
            "eps_latest_yearly": 0,
            "eps_growth_yearly": 0
        },
        "20014": {
            "year_quarter": 20014,
            "year": 2001,
            "quarter": 4,
            "eps": null,
            "eps_growth_year": null,
            "eps_4q": null,
            "eps_4q_growth_year": null,
            "roe": null,
            "roe_4q": 0,
            "gross_profit": null,
            "gross_margin": null,
            "gross_margin_4q_avg": 0,
            "net_income": null,
            "net_income_4q": null,
            "revenue": null,
            "revenue_4q": null,
            "common_shares": 620000,
            "book_valuer_per_share": 15.82,
            "book_valuer_per_share_4q_avg": 3.96,
            "equity": 980620,
            "current_ratio": 1354.45,
            "debt_ratio": 4.85,
            "inventory_turnover_ratio": null,
            "account_receivable_turnover_ratio": null,
            "reinvestment_rate": null,
            "research_to_sale_ratio": null,
            "price_fair": 0,
            "eps_avg_yearly": 0,
            "eps_latest_yearly": 0,
            "eps_growth_yearly": 0
        },
        "20021": {
            "year_quarter": 20021,
            "year": 2002,
            "quarter": 1,
            "eps": null,
            "eps_growth_year": null,
            "eps_4q": null,
            "eps_4q_growth_year": null,
            "roe": null,
            "roe_4q": 0,
            "gross_profit": null,
            "gross_margin": null,
            "gross_margin_4q_avg": 0,
            "net_income": null,
            "net_income_4q": null,
            "revenue": null,
            "revenue_4q": null,
            "common_shares": null,
            "book_valuer_per_share": null,
            "book_valuer_per_share_4q_avg": 3.96,
            "equity": null,
            "current_ratio": null,
            "debt_ratio": null,
            "inventory_turnover_ratio": null,
            "account_receivable_turnover_ratio": null,
            "reinvestment_rate": null,
            "research_to_sale_ratio": null,
            "price_fair": 0,
            "eps_avg_yearly": 0,
            "eps_latest_yearly": 0,
            "eps_growth_yearly": 0
        },
        "20022": {
            "year_quarter": 20022,
            "year": 2002,
            "quarter": 2,
            "eps": null,
            "eps_growth_year": null,
            "eps_4q": null,
            "eps_4q_growth_year": null,
            "roe": null,
            "roe_4q": 0,
            "gross_profit": null,
            "gross_margin": null,
            "gross_margin_4q_avg": 0,
            "net_income": null,
            "net_income_4q": null,
            "revenue": null,
            "revenue_4q": null,
            "common_shares": null,
            "book_valuer_per_share": null,
            "book_valuer_per_share_4q_avg": 3.96,
            "equity": null,
            "current_ratio": null,
            "debt_ratio": null,
            "inventory_turnover_ratio": null,
            "account_receivable_turnover_ratio": null,
            "reinvestment_rate": null,
            "research_to_sale_ratio": null,
            "price_fair": 0,
            "eps_avg_yearly": 0,
            "eps_latest_yearly": 0,
            "eps_growth_yearly": 0
        },
        "20023": {
            "year_quarter": 20023,
            "year": 2002,
            "quarter": 3,
            "eps": null,
            "eps_growth_year": null,
            "eps_4q": null,
            "eps_4q_growth_year": null,
            "roe": null,
            "roe_4q": 0,
            "gross_profit": null,
            "gross_margin": null,
            "gross_margin_4q_avg": 0,
            "net_income": null,
            "net_income_4q": null,
            "revenue": null,
            "revenue_4q": null,
            "common_shares": null,
            "book_valuer_per_share": null,
            "book_valuer_per_share_4q_avg": 3.96,
            "equity": null,
            "current_ratio": null,
            "debt_ratio": null,
            "inventory_turnover_ratio": null,
            "account_receivable_turnover_ratio": null,
            "reinvestment_rate": null,
            "research_to_sale_ratio": null,
            "price_fair": 0,
            "eps_avg_yearly": 0,
            "eps_latest_yearly": 0,
            "eps_growth_yearly": 0
        },
        "20024": {
            "year_quarter": 20024,
            "year": 2002,
            "quarter": 4,
            "eps": null,
            "eps_growth_year": null,
            "eps_4q": null,
            "eps_4q_growth_year": null,
            "roe": null,
            "roe_4q": 0,
            "gross_profit": null,
            "gross_margin": null,
            "gross_margin_4q_avg": 0,
            "net_income": null,
            "net_income_4q": null,
            "revenue": null,
            "revenue_4q": null,
            "common_shares": 620000,
            "book_valuer_per_share": 16.16,
            "book_valuer_per_share_4q_avg": 4.04,
            "equity": 1001749,
            "current_ratio": 1593.11,
            "debt_ratio": 4.47,
            "inventory_turnover_ratio": null,
            "account_receivable_turnover_ratio": null,
            "reinvestment_rate": null,
            "research_to_sale_ratio": null,
            "price_fair": 0,
            "eps_avg_yearly": 0,
            "eps_latest_yearly": 0,
            "eps_growth_yearly": 0
        },
        "20031": {
            "year_quarter": 20031,
            "year": 2003,
            "quarter": 1,
            "eps": null,
            "eps_growth_year": null,
            "eps_4q": null,
            "eps_4q_growth_year": null,
            "roe": null,
            "roe_4q": 0,
            "gross_profit": null,
            "gross_margin": null,
            "gross_margin_4q_avg": 0,
            "net_income": null,
            "net_income_4q": null,
            "revenue": null,
            "revenue_4q": null,
            "common_shares": null,
            "book_valuer_per_share": null,
            "book_valuer_per_share_4q_avg": 4.04,
            "equity": null,
            "current_ratio": null,
            "debt_ratio": null,
            "inventory_turnover_ratio": null,
            "account_receivable_turnover_ratio": null,
            "reinvestment_rate": null,
            "research_to_sale_ratio": null,
            "price_fair": 0,
            "eps_avg_yearly": 0,
            "eps_latest_yearly": 0,
            "eps_growth_yearly": 0
        },
        "20032": {
            "year_quarter": 20032,
            "year": 2003,
            "quarter": 2,
            "eps": null,
            "eps_growth_year": null,
            "eps_4q": null,
            "eps_4q_growth_year": null,
            "roe": null,
            "roe_4q": 0,
            "gross_profit": null,
            "gross_margin": null,
            "gross_margin_4q_avg": 0,
            "net_income": null,
            "net_income_4q": null,
            "revenue": null,
            "revenue_4q": null,
            "common_shares": null,
            "book_valuer_per_share": null,
            "book_valuer_per_share_4q_avg": 4.04,
            "equity": null,
            "current_ratio": null,
            "debt_ratio": null,
            "inventory_turnover_ratio": null,
            "account_receivable_turnover_ratio": null,
            "reinvestment_rate": null,
            "research_to_sale_ratio": null,
            "price_fair": 0,
            "eps_avg_yearly": 0,
            "eps_latest_yearly": 0,
            "eps_growth_yearly": 0
        },
        "20033": {
            "year_quarter": 20033,
            "year": 2003,
            "quarter": 3,
            "eps": null,
            "eps_growth_year": null,
            "eps_4q": null,
            "eps_4q_growth_year": null,
            "roe": null,
            "roe_4q": 0,
            "gross_profit": null,
            "gross_margin": null,
            "gross_margin_4q_avg": 0,
            "net_income": null,
            "net_income_4q": null,
            "revenue": null,
            "revenue_4q": null,
            "common_shares": null,
            "book_valuer_per_share": null,
            "book_valuer_per_share_4q_avg": 4.04,
            "equity": null,
            "current_ratio": null,
            "debt_ratio": null,
            "inventory_turnover_ratio": null,
            "account_receivable_turnover_ratio": null,
            "reinvestment_rate": null,
            "research_to_sale_ratio": null,
            "price_fair": 0,
            "eps_avg_yearly": 0,
            "eps_latest_yearly": 0,
            "eps_growth_yearly": 0
        },
        "20034": {
            "year_quarter": 20034,
            "year": 2003,
            "quarter": 4,
            "eps": null,
            "eps_growth_year": null,
            "eps_4q": null,
            "eps_4q_growth_year": null,
            "roe": null,
            "roe_4q": 0,
            "gross_profit": null,
            "gross_margin": null,
            "gross_margin_4q_avg": 0,
            "net_income": null,
            "net_income_4q": null,
            "revenue": null,
            "revenue_4q": null,
            "common_shares": 620000,
            "book_valuer_per_share": 17.24,
            "book_valuer_per_share_4q_avg": 4.31,
            "equity": 1068649,
            "current_ratio": 1209.51,
            "debt_ratio": 5.05,
            "inventory_turnover_ratio": null,
            "account_receivable_turnover_ratio": null,
            "reinvestment_rate": null,
            "research_to_sale_ratio": null,
            "price_fair": 0,
            "eps_avg_yearly": 0,
            "eps_latest_yearly": 0,
            "eps_growth_yearly": 0
        },
        "20041": {
            "year_quarter": 20041,
            "year": 2004,
            "quarter": 1,
            "eps": null,
            "eps_growth_year": null,
            "eps_4q": null,
            "eps_4q_growth_year": null,
            "roe": null,
            "roe_4q": 0,
            "gross_profit": null,
            "gross_margin": null,
            "gross_margin_4q_avg": 0,
            "net_income": null,
            "net_income_4q": null,
            "revenue": null,
            "revenue_4q": null,
            "common_shares": null,
            "book_valuer_per_share": null,
            "book_valuer_per_share_4q_avg": 4.31,
            "equity": null,
            "current_ratio": null,
            "debt_ratio": null,
            "inventory_turnover_ratio": null,
            "account_receivable_turnover_ratio": null,
            "reinvestment_rate": null,
            "research_to_sale_ratio": null,
            "price_fair": 0,
            "eps_avg_yearly": 0,
            "eps_latest_yearly": 0,
            "eps_growth_yearly": 0
        },
        "20042": {
            "year_quarter": 20042,
            "year": 2004,
            "quarter": 2,
            "eps": null,
            "eps_growth_year": null,
            "eps_4q": null,
            "eps_4q_growth_year": null,
            "roe": null,
            "roe_4q": 0,
            "gross_profit": null,
            "gross_margin": null,
            "gross_margin_4q_avg": 0,
            "net_income": null,
            "net_income_4q": null,
            "revenue": null,
            "revenue_4q": null,
            "common_shares": null,
            "book_valuer_per_share": null,
            "book_valuer_per_share_4q_avg": 4.31,
            "equity": null,
            "current_ratio": null,
            "debt_ratio": null,
            "inventory_turnover_ratio": null,
            "account_receivable_turnover_ratio": null,
            "reinvestment_rate": null,
            "research_to_sale_ratio": null,
            "price_fair": 0,
            "eps_avg_yearly": 0,
            "eps_latest_yearly": 0,
            "eps_growth_yearly": 0
        },
        "20043": {
            "year_quarter": 20043,
            "year": 2004,
            "quarter": 3,
            "eps": null,
            "eps_growth_year": null,
            "eps_4q": null,
            "eps_4q_growth_year": null,
            "roe": null,
            "roe_4q": 0,
            "gross_profit": null,
            "gross_margin": null,
            "gross_margin_4q_avg": 0,
            "net_income": null,
            "net_income_4q": null,
            "revenue": null,
            "revenue_4q": null,
            "common_shares": null,
            "book_valuer_per_share": null,
            "book_valuer_per_share_4q_avg": 4.31,
            "equity": null,
            "current_ratio": null,
            "debt_ratio": null,
            "inventory_turnover_ratio": null,
            "account_receivable_turnover_ratio": null,
            "reinvestment_rate": null,
            "research_to_sale_ratio": null,
            "price_fair": 0,
            "eps_avg_yearly": 0,
            "eps_latest_yearly": 0,
            "eps_growth_yearly": 0
        },
        "20044": {
            "year_quarter": 20044,
            "year": 2004,
            "quarter": 4,
            "eps": null,
            "eps_growth_year": null,
            "eps_4q": null,
            "eps_4q_growth_year": null,
            "roe": null,
            "roe_4q": 0,
            "gross_profit": null,
            "gross_margin": null,
            "gross_margin_4q_avg": 0,
            "net_income": null,
            "net_income_4q": null,
            "revenue": null,
            "revenue_4q": null,
            "common_shares": 664676,
            "book_valuer_per_share": 18.01,
            "book_valuer_per_share_4q_avg": 4.5,
            "equity": 1197331,
            "current_ratio": 942.9,
            "debt_ratio": 8.25,
            "inventory_turnover_ratio": null,
            "account_receivable_turnover_ratio": null,
            "reinvestment_rate": null,
            "research_to_sale_ratio": null,
            "price_fair": 0,
            "eps_avg_yearly": 0,
            "eps_latest_yearly": 0,
            "eps_growth_yearly": 0
        },
        "20051": {
            "year_quarter": 20051,
            "year": 2005,
            "quarter": 1,
            "eps": null,
            "eps_growth_year": null,
            "eps_4q": null,
            "eps_4q_growth_year": null,
            "roe": null,
            "roe_4q": 0,
            "gross_profit": null,
            "gross_margin": null,
            "gross_margin_4q_avg": 0,
            "net_income": null,
            "net_income_4q": null,
            "revenue": null,
            "revenue_4q": null,
            "common_shares": null,
            "book_valuer_per_share": null,
            "book_valuer_per_share_4q_avg": 4.5,
            "equity": null,
            "current_ratio": null,
            "debt_ratio": null,
            "inventory_turnover_ratio": null,
            "account_receivable_turnover_ratio": null,
            "reinvestment_rate": null,
            "research_to_sale_ratio": null,
            "price_fair": 0,
            "eps_avg_yearly": 0,
            "eps_latest_yearly": 0,
            "eps_growth_yearly": 0
        },
        "20052": {
            "year_quarter": 20052,
            "year": 2005,
            "quarter": 2,
            "eps": null,
            "eps_growth_year": null,
            "eps_4q": null,
            "eps_4q_growth_year": null,
            "roe": null,
            "roe_4q": 0,
            "gross_profit": null,
            "gross_margin": null,
            "gross_margin_4q_avg": 0,
            "net_income": null,
            "net_income_4q": null,
            "revenue": null,
            "revenue_4q": null,
            "common_shares": null,
            "book_valuer_per_share": null,
            "book_valuer_per_share_4q_avg": 4.5,
            "equity": null,
            "current_ratio": null,
            "debt_ratio": null,
            "inventory_turnover_ratio": null,
            "account_receivable_turnover_ratio": null,
            "reinvestment_rate": null,
            "research_to_sale_ratio": null,
            "price_fair": 0,
            "eps_avg_yearly": 0,
            "eps_latest_yearly": 0,
            "eps_growth_yearly": 0
        },
        "20053": {
            "year_quarter": 20053,
            "year": 2005,
            "quarter": 3,
            "eps": null,
            "eps_growth_year": null,
            "eps_4q": null,
            "eps_4q_growth_year": null,
            "roe": null,
            "roe_4q": 0,
            "gross_profit": null,
            "gross_margin": null,
            "gross_margin_4q_avg": 0,
            "net_income": null,
            "net_income_4q": null,
            "revenue": null,
            "revenue_4q": null,
            "common_shares": null,
            "book_valuer_per_share": null,
            "book_valuer_per_share_4q_avg": 4.5,
            "equity": null,
            "current_ratio": null,
            "debt_ratio": null,
            "inventory_turnover_ratio": null,
            "account_receivable_turnover_ratio": null,
            "reinvestment_rate": null,
            "research_to_sale_ratio": null,
            "price_fair": 0,
            "eps_avg_yearly": 0,
            "eps_latest_yearly": 0,
            "eps_growth_yearly": 0
        },
        "20054": {
            "year_quarter": 20054,
            "year": 2005,
            "quarter": 4,
            "eps": null,
            "eps_growth_year": null,
            "eps_4q": null,
            "eps_4q_growth_year": null,
            "roe": null,
            "roe_4q": 0,
            "gross_profit": null,
            "gross_margin": null,
            "gross_margin_4q_avg": 0,
            "net_income": null,
            "net_income_4q": null,
            "revenue": null,
            "revenue_4q": null,
            "common_shares": 731729,
            "book_valuer_per_share": 19.08,
            "book_valuer_per_share_4q_avg": 4.77,
            "equity": 1396370,
            "current_ratio": 937,
            "debt_ratio": 8.62,
            "inventory_turnover_ratio": null,
            "account_receivable_turnover_ratio": null,
            "reinvestment_rate": null,
            "research_to_sale_ratio": null,
            "price_fair": 0,
            "eps_avg_yearly": 0,
            "eps_latest_yearly": 0,
            "eps_growth_yearly": 0
        },
        "20061": {
            "year_quarter": 20061,
            "year": 2006,
            "quarter": 1,
            "eps": null,
            "eps_growth_year": null,
            "eps_4q": null,
            "eps_4q_growth_year": null,
            "roe": null,
            "roe_4q": 0,
            "gross_profit": null,
            "gross_margin": null,
            "gross_margin_4q_avg": 0,
            "net_income": null,
            "net_income_4q": null,
            "revenue": null,
            "revenue_4q": null,
            "common_shares": null,
            "book_valuer_per_share": null,
            "book_valuer_per_share_4q_avg": 4.77,
            "equity": null,
            "current_ratio": null,
            "debt_ratio": null,
            "inventory_turnover_ratio": null,
            "account_receivable_turnover_ratio": null,
            "reinvestment_rate": null,
            "research_to_sale_ratio": null,
            "price_fair": 0,
            "eps_avg_yearly": 0,
            "eps_latest_yearly": 0,
            "eps_growth_yearly": 0
        },
        "20062": {
            "year_quarter": 20062,
            "year": 2006,
            "quarter": 2,
            "eps": null,
            "eps_growth_year": null,
            "eps_4q": null,
            "eps_4q_growth_year": null,
            "roe": null,
            "roe_4q": 0,
            "gross_profit": null,
            "gross_margin": null,
            "gross_margin_4q_avg": 0,
            "net_income": null,
            "net_income_4q": null,
            "revenue": null,
            "revenue_4q": null,
            "common_shares": null,
            "book_valuer_per_share": null,
            "book_valuer_per_share_4q_avg": 4.77,
            "equity": null,
            "current_ratio": null,
            "debt_ratio": null,
            "inventory_turnover_ratio": null,
            "account_receivable_turnover_ratio": null,
            "reinvestment_rate": null,
            "research_to_sale_ratio": null,
            "price_fair": 0,
            "eps_avg_yearly": 0,
            "eps_latest_yearly": 0,
            "eps_growth_yearly": 0
        },
        "20063": {
            "year_quarter": 20063,
            "year": 2006,
            "quarter": 3,
            "eps": 1.03,
            "eps_growth_year": null,
            "eps_4q": null,
            "eps_4q_growth_year": null,
            "roe": 5.63,
            "roe_4q": 5.63,
            "gross_profit": 111840,
            "gross_margin": 58.27,
            "gross_margin_4q_avg": 14.57,
            "net_income": 92780,
            "net_income_4q": null,
            "revenue": 191931,
            "revenue_4q": null,
            "common_shares": 837184,
            "book_valuer_per_share": 19.68,
            "book_valuer_per_share_4q_avg": 9.69,
            "equity": 1647770,
            "current_ratio": 889.13,
            "debt_ratio": 6.45,
            "inventory_turnover_ratio": 1.19,
            "account_receivable_turnover_ratio": null,
            "reinvestment_rate": null,
            "research_to_sale_ratio": null,
            "price_fair": 0,
            "eps_avg_yearly": 0,
            "eps_latest_yearly": 0,
            "eps_growth_yearly": 0
        },
        "20064": {
            "year_quarter": 20064,
            "year": 2006,
            "quarter": 4,
            "eps": 0.73,
            "eps_growth_year": null,
            "eps_4q": null,
            "eps_4q_growth_year": null,
            "roe": 3.71,
            "roe_4q": 9.34,
            "gross_profit": 86783,
            "gross_margin": 52.62,
            "gross_margin_4q_avg": 27.72,
            "net_income": 55908,
            "net_income_4q": null,
            "revenue": 164928,
            "revenue_4q": null,
            "common_shares": 502310,
            "book_valuer_per_share": 27.25,
            "book_valuer_per_share_4q_avg": 11.73,
            "equity": 1368798,
            "current_ratio": 1186.21,
            "debt_ratio": 4.18,
            "inventory_turnover_ratio": 1.24,
            "account_receivable_turnover_ratio": null,
            "reinvestment_rate": null,
            "research_to_sale_ratio": null,
            "price_fair": 8.76,
            "eps_avg_yearly": 2.92,
            "eps_latest_yearly": 2.92,
            "eps_growth_yearly": -116.5
        },
        "20071": {
            "year_quarter": 20071,
            "year": 2007,
            "quarter": 1,
            "eps": 1.1,
            "eps_growth_year": null,
            "eps_4q": null,
            "eps_4q_growth_year": null,
            "roe": 3.95,
            "roe_4q": 13.29,
            "gross_profit": 67810,
            "gross_margin": 45.93,
            "gross_margin_4q_avg": 39.21,
            "net_income": 55091,
            "net_income_4q": null,
            "revenue": 147626,
            "revenue_4q": null,
            "common_shares": 502310,
            "book_valuer_per_share": 28.35,
            "book_valuer_per_share_4q_avg": 18.82,
            "equity": 1424020,
            "current_ratio": 1444.02,
            "debt_ratio": 3.65,
            "inventory_turnover_ratio": 1.47,
            "account_receivable_turnover_ratio": null,
            "reinvestment_rate": null,
            "research_to_sale_ratio": null,
            "price_fair": 128.1,
            "eps_avg_yearly": 3.66,
            "eps_latest_yearly": 4.4,
            "eps_growth_yearly": 43.12
        },
        "20072": {
            "year_quarter": 20072,
            "year": 2007,
            "quarter": 2,
            "eps": 1.13,
            "eps_growth_year": null,
            "eps_4q": 4.88,
            "eps_4q_growth_year": null,
            "roe": 4.33,
            "roe_4q": 17.62,
            "gross_profit": 85291,
            "gross_margin": 50.95,
            "gross_margin_4q_avg": 51.94,
            "net_income": 61375,
            "net_income_4q": null,
            "revenue": 167413,
            "revenue_4q": null,
            "common_shares": 502310,
            "book_valuer_per_share": 28.06,
            "book_valuer_per_share_4q_avg": 25.84,
            "equity": 1409535,
            "current_ratio": 622.09,
            "debt_ratio": 8.84,
            "inventory_turnover_ratio": 1.68,
            "account_receivable_turnover_ratio": null,
            "reinvestment_rate": null,
            "research_to_sale_ratio": null,
            "price_fair": 138.13,
            "eps_avg_yearly": 3.95,
            "eps_latest_yearly": 4.52,
            "eps_growth_yearly": 32.38
        },
        "20073": {
            "year_quarter": 20073,
            "year": 2007,
            "quarter": 3,
            "eps": 1.75,
            "eps_growth_year": 69.9,
            "eps_4q": 4.92,
            "eps_4q_growth_year": null,
            "roe": 6.53,
            "roe_4q": 18.52,
            "gross_profit": 114221,
            "gross_margin": 55.64,
            "gross_margin_4q_avg": 51.29,
            "net_income": 95147,
            "net_income_4q": null,
            "revenue": 205296,
            "revenue_4q": null,
            "common_shares": 542511,
            "book_valuer_per_share": 27.74,
            "book_valuer_per_share_4q_avg": 27.85,
            "equity": 1504708,
            "current_ratio": 1152.52,
            "debt_ratio": 4.97,
            "inventory_turnover_ratio": 1.71,
            "account_receivable_turnover_ratio": null,
            "reinvestment_rate": null,
            "research_to_sale_ratio": null,
            "price_fair": 164.85,
            "eps_avg_yearly": 4.71,
            "eps_latest_yearly": 7,
            "eps_growth_yearly": 79.15
        },
        "20074": {
            "year_quarter": 20074,
            "year": 2007,
            "quarter": 4,
            "eps": 2.25,
            "eps_growth_year": 208.22,
            "eps_4q": 6.14,
            "eps_4q_growth_year": null,
            "roe": 7.8,
            "roe_4q": 22.61,
            "gross_profit": 146013,
            "gross_margin": 59.11,
            "gross_margin_4q_avg": 52.91,
            "net_income": 122270,
            "net_income_4q": null,
            "revenue": 247036,
            "revenue_4q": null,
            "common_shares": 542511,
            "book_valuer_per_share": 30.04,
            "book_valuer_per_share_4q_avg": 28.55,
            "equity": 1629680,
            "current_ratio": 1036.35,
            "debt_ratio": 5.75,
            "inventory_turnover_ratio": 1.64,
            "account_receivable_turnover_ratio": null,
            "reinvestment_rate": null,
            "research_to_sale_ratio": null,
            "price_fair": 194.88,
            "eps_avg_yearly": 5.57,
            "eps_latest_yearly": 9,
            "eps_growth_yearly": 86.18
        },
        "20081": {
            "year_quarter": 20081,
            "year": 2008,
            "quarter": 1,
            "eps": 1.24,
            "eps_growth_year": 12.73,
            "eps_4q": 6.26,
            "eps_4q_growth_year": null,
            "roe": 3.72,
            "roe_4q": 22.380000000000003,
            "gross_profit": 114493,
            "gross_margin": 50.54,
            "gross_margin_4q_avg": 54.06,
            "net_income": 68867,
            "net_income_4q": null,
            "revenue": 226522,
            "revenue_4q": null,
            "common_shares": 613401,
            "book_valuer_per_share": 33.87,
            "book_valuer_per_share_4q_avg": 29.93,
            "equity": 2077585,
            "current_ratio": 1103.2,
            "debt_ratio": 6.07,
            "inventory_turnover_ratio": 1.63,
            "account_receivable_turnover_ratio": null,
            "reinvestment_rate": null,
            "research_to_sale_ratio": null,
            "price_fair": 191.33,
            "eps_avg_yearly": 5.47,
            "eps_latest_yearly": 4.96,
            "eps_growth_yearly": 41.89
        },
        "20082": {
            "year_quarter": 20082,
            "year": 2008,
            "quarter": 2,
            "eps": 1.75,
            "eps_growth_year": 54.87,
            "eps_4q": 6.66,
            "eps_4q_growth_year": 36.48,
            "roe": 5.14,
            "roe_4q": 23.19,
            "gross_profit": 122075,
            "gross_margin": 49.67,
            "gross_margin_4q_avg": 53.74,
            "net_income": 101980,
            "net_income_4q": null,
            "revenue": 245782,
            "revenue_4q": null,
            "common_shares": 613401,
            "book_valuer_per_share": 30.76,
            "book_valuer_per_share_4q_avg": 30.6,
            "equity": 1886788,
            "current_ratio": 349.03,
            "debt_ratio": 18.32,
            "inventory_turnover_ratio": 1.56,
            "account_receivable_turnover_ratio": null,
            "reinvestment_rate": null,
            "research_to_sale_ratio": null,
            "price_fair": 199,
            "eps_avg_yearly": 5.69,
            "eps_latest_yearly": 7,
            "eps_growth_yearly": 59.41
        },
        "20083": {
            "year_quarter": 20083,
            "year": 2008,
            "quarter": 3,
            "eps": 1.7,
            "eps_growth_year": -2.86,
            "eps_4q": 6.51,
            "eps_4q_growth_year": 32.36,
            "roe": 5.34,
            "roe_4q": 22,
            "gross_profit": 122228,
            "gross_margin": 49.3,
            "gross_margin_4q_avg": 52.16,
            "net_income": 103544,
            "net_income_4q": null,
            "revenue": 247951,
            "revenue_4q": null,
            "common_shares": 627420,
            "book_valuer_per_share": 31.72,
            "book_valuer_per_share_4q_avg": 31.6,
            "equity": 1990456,
            "current_ratio": 580.71,
            "debt_ratio": 10.58,
            "inventory_turnover_ratio": 1.43,
            "account_receivable_turnover_ratio": null,
            "reinvestment_rate": null,
            "research_to_sale_ratio": null,
            "price_fair": 203.88,
            "eps_avg_yearly": 5.83,
            "eps_latest_yearly": 6.8,
            "eps_growth_yearly": 50.55
        },
        "20084": {
            "year_quarter": 20084,
            "year": 2008,
            "quarter": 4,
            "eps": 1.1,
            "eps_growth_year": -51.11,
            "eps_4q": 5.56,
            "eps_4q_growth_year": -9.43,
            "roe": 3.34,
            "roe_4q": 17.54,
            "gross_profit": 87464,
            "gross_margin": 42.18,
            "gross_margin_4q_avg": 47.92,
            "net_income": 67602,
            "net_income_4q": null,
            "revenue": 207360,
            "revenue_4q": null,
            "common_shares": 627420,
            "book_valuer_per_share": 32.8,
            "book_valuer_per_share_4q_avg": 32.29,
            "equity": 2057918,
            "current_ratio": 1100.29,
            "debt_ratio": 5.65,
            "inventory_turnover_ratio": 1.41,
            "account_receivable_turnover_ratio": 2.25,
            "reinvestment_rate": null,
            "research_to_sale_ratio": null,
            "price_fair": 198.33,
            "eps_avg_yearly": 5.67,
            "eps_latest_yearly": 4.4,
            "eps_growth_yearly": 29.25
        },
        "20091": {
            "year_quarter": 20091,
            "year": 2009,
            "quarter": 1,
            "eps": 0.72,
            "eps_growth_year": -41.94,
            "eps_4q": 5.06,
            "eps_4q_growth_year": -19.21,
            "roe": 2.18,
            "roe_4q": 16,
            "gross_profit": 61525,
            "gross_margin": 36.67,
            "gross_margin_4q_avg": 44.46,
            "net_income": 45341,
            "net_income_4q": null,
            "revenue": 167801,
            "revenue_4q": null,
            "common_shares": 627420,
            "book_valuer_per_share": 33.52,
            "book_valuer_per_share_4q_avg": 32.2,
            "equity": 2103264,
            "current_ratio": 1197.83,
            "debt_ratio": 5.34,
            "inventory_turnover_ratio": 1.6,
            "account_receivable_turnover_ratio": 1.12,
            "reinvestment_rate": null,
            "research_to_sale_ratio": null,
            "price_fair": 121.27,
            "eps_avg_yearly": 5.39,
            "eps_latest_yearly": 2.88,
            "eps_growth_yearly": 12.51
        },
        "20092": {
            "year_quarter": 20092,
            "year": 2009,
            "quarter": 2,
            "eps": 1.51,
            "eps_growth_year": -13.71,
            "eps_4q": 4.97,
            "eps_4q_growth_year": -25.41,
            "roe": 4.6,
            "roe_4q": 15.459999999999999,
            "gross_profit": 136923,
            "gross_margin": 51.51,
            "gross_margin_4q_avg": 44.92,
            "net_income": 94494,
            "net_income_4q": null,
            "revenue": 265793,
            "revenue_4q": null,
            "common_shares": 627420,
            "book_valuer_per_share": 32.03,
            "book_valuer_per_share_4q_avg": 32.52,
            "equity": 2009529,
            "current_ratio": 429.48,
            "debt_ratio": 15.18,
            "inventory_turnover_ratio": 2.39,
            "account_receivable_turnover_ratio": 1.97,
            "reinvestment_rate": null,
            "research_to_sale_ratio": null,
            "price_fair": 190.65,
            "eps_avg_yearly": 5.45,
            "eps_latest_yearly": 6.04,
            "eps_growth_yearly": 51.27
        },
        "20093": {
            "year_quarter": 20093,
            "year": 2009,
            "quarter": 3,
            "eps": 1.83,
            "eps_growth_year": 7.65,
            "eps_4q": 5.14,
            "eps_4q_growth_year": -21.15,
            "roe": 5.56,
            "roe_4q": 15.68,
            "gross_profit": 156032,
            "gross_margin": 52.38,
            "gross_margin_4q_avg": 45.69,
            "net_income": 114856,
            "net_income_4q": null,
            "revenue": 297894,
            "revenue_4q": null,
            "common_shares": 627420,
            "book_valuer_per_share": 33.86,
            "book_valuer_per_share_4q_avg": 33.05,
            "equity": 2124381,
            "current_ratio": 709.53,
            "debt_ratio": 9.07,
            "inventory_turnover_ratio": 2.23,
            "account_receivable_turnover_ratio": 1.82,
            "reinvestment_rate": null,
            "research_to_sale_ratio": null,
            "price_fair": 196.12,
            "eps_avg_yearly": 5.6,
            "eps_latest_yearly": 7.32,
            "eps_growth_yearly": 54.06
        },
        "20094": {
            "year_quarter": 20094,
            "year": 2009,
            "quarter": 4,
            "eps": 2.1,
            "eps_growth_year": 90.91,
            "eps_4q": 6.16,
            "eps_4q_growth_year": 10.73,
            "roe": 6.02,
            "roe_4q": 18.36,
            "gross_profit": 183025,
            "gross_margin": 54.86,
            "gross_margin_4q_avg": 48.86,
            "net_income": 131920,
            "net_income_4q": null,
            "revenue": 333616,
            "revenue_4q": null,
            "common_shares": 627420,
            "book_valuer_per_share": 35.96,
            "book_valuer_per_share_4q_avg": 33.84,
            "equity": 2256261,
            "current_ratio": 743.73,
            "debt_ratio": 8.81,
            "inventory_turnover_ratio": 1.9,
            "account_receivable_turnover_ratio": 3.07,
            "reinvestment_rate": null,
            "research_to_sale_ratio": null,
            "price_fair": 203.65,
            "eps_avg_yearly": 5.82,
            "eps_latest_yearly": 8.4,
            "eps_growth_yearly": 54.44
        },
        "20101": {
            "year_quarter": 20101,
            "year": 2010,
            "quarter": 1,
            "eps": 2.28,
            "eps_growth_year": 216.67,
            "eps_4q": 7.72,
            "eps_4q_growth_year": 52.56,
            "roe": 6.13,
            "roe_4q": 22.309999999999995,
            "gross_profit": 186200,
            "gross_margin": 52.59,
            "gross_margin_4q_avg": 52.84,
            "net_income": 142788,
            "net_income_4q": null,
            "revenue": 354039,
            "revenue_4q": null,
            "common_shares": 627420,
            "book_valuer_per_share": 38.24,
            "book_valuer_per_share_4q_avg": 35.02,
            "equity": 2399092,
            "current_ratio": 745.11,
            "debt_ratio": 9.22,
            "inventory_turnover_ratio": 1.83,
            "account_receivable_turnover_ratio": 1.66,
            "reinvestment_rate": null,
            "research_to_sale_ratio": 4.73,
            "price_fair": 211.9,
            "eps_avg_yearly": 6.05,
            "eps_latest_yearly": 9.12,
            "eps_growth_yearly": 53
        },
        "20102": {
            "year_quarter": 20102,
            "year": 2010,
            "quarter": 2,
            "eps": 2.78,
            "eps_growth_year": 84.01,
            "eps_4q": 8.42,
            "eps_4q_growth_year": 69.5,
            "roe": 8.09,
            "roe_4q": 25.799999999999997,
            "gross_profit": 244083,
            "gross_margin": 55.23,
            "gross_margin_4q_avg": 53.77,
            "net_income": 191763,
            "net_income_4q": null,
            "revenue": 441957,
            "revenue_4q": null,
            "common_shares": 627420,
            "book_valuer_per_share": 37.29,
            "book_valuer_per_share_4q_avg": 36.34,
            "equity": 2339884,
            "current_ratio": 327.2,
            "debt_ratio": 20.46,
            "inventory_turnover_ratio": 1.85,
            "account_receivable_turnover_ratio": 1.76,
            "reinvestment_rate": 61.69,
            "research_to_sale_ratio": 4.72,
            "price_fair": 223.72,
            "eps_avg_yearly": 6.39,
            "eps_latest_yearly": 11.12,
            "eps_growth_yearly": 55.32
        },
        "20103": {
            "year_quarter": 20103,
            "year": 2010,
            "quarter": 3,
            "eps": 2.47,
            "eps_growth_year": 34.99,
            "eps_4q": 9.23,
            "eps_4q_growth_year": 79.73,
            "roe": 7.03,
            "roe_4q": 27.27,
            "gross_profit": 222612,
            "gross_margin": 55.52,
            "gross_margin_4q_avg": 54.55,
            "net_income": 170494,
            "net_income_4q": null,
            "revenue": 400969,
            "revenue_4q": null,
            "common_shares": 690162,
            "book_valuer_per_share": 36.37,
            "book_valuer_per_share_4q_avg": 36.97,
            "equity": 2510379,
            "current_ratio": 472.73,
            "debt_ratio": 13.22,
            "inventory_turnover_ratio": 1.41,
            "account_receivable_turnover_ratio": 1.46,
            "reinvestment_rate": 21.21,
            "research_to_sale_ratio": 4.7,
            "price_fair": 231.35,
            "eps_avg_yearly": 6.61,
            "eps_latest_yearly": 9.88,
            "eps_growth_yearly": 49.07
        },
        "20104": {
            "year_quarter": 20104,
            "year": 2010,
            "quarter": 4,
            "eps": 1.08,
            "eps_growth_year": -48.43,
            "eps_4q": 8.4,
            "eps_4q_growth_year": 36.33,
            "roe": 2.93,
            "roe_4q": 24.18,
            "gross_profit": 127327,
            "gross_margin": 47.97,
            "gross_margin_4q_avg": 52.83,
            "net_income": 74744,
            "net_income_4q": null,
            "revenue": 265432,
            "revenue_4q": null,
            "common_shares": 690162,
            "book_valuer_per_share": 37.43,
            "book_valuer_per_share_4q_avg": 37.33,
            "equity": 2583540,
            "current_ratio": 788.22,
            "debt_ratio": 7.81,
            "inventory_turnover_ratio": 1.06,
            "account_receivable_turnover_ratio": 1.12,
            "reinvestment_rate": 22.43,
            "research_to_sale_ratio": 6.16,
            "price_fair": 234.41,
            "eps_avg_yearly": 6.7,
            "eps_latest_yearly": 4.32,
            "eps_growth_yearly": 42.28
        },
        "20111": {
            "year_quarter": 20111,
            "year": 2011,
            "quarter": 1,
            "eps": 1,
            "eps_growth_year": -56.14,
            "eps_4q": 7.33,
            "eps_4q_growth_year": -4.98,
            "roe": 2.63,
            "roe_4q": 20.68,
            "gross_profit": 100149,
            "gross_margin": 40.03,
            "gross_margin_4q_avg": 49.69,
            "net_income": 68939,
            "net_income_4q": null,
            "revenue": 250212,
            "revenue_4q": null,
            "common_shares": 690162,
            "book_valuer_per_share": 38.46,
            "book_valuer_per_share_4q_avg": 37.39,
            "equity": 2654061,
            "current_ratio": 824.29,
            "debt_ratio": 7.02,
            "inventory_turnover_ratio": 1.35,
            "account_receivable_turnover_ratio": 1.15,
            "reinvestment_rate": 30.63,
            "research_to_sale_ratio": 4.66,
            "price_fair": 233.54,
            "eps_avg_yearly": 6.67,
            "eps_latest_yearly": 4,
            "eps_growth_yearly": 27.76
        },
        "20112": {
            "year_quarter": 20112,
            "year": 2011,
            "quarter": 2,
            "eps": 1.61,
            "eps_growth_year": -42.03,
            "eps_4q": 6.16,
            "eps_4q_growth_year": -26.83,
            "roe": 4.41,
            "roe_4q": 17,
            "gross_profit": 156443,
            "gross_margin": 47.8,
            "gross_margin_4q_avg": 47.83,
            "net_income": 111161,
            "net_income_4q": null,
            "revenue": 327265,
            "revenue_4q": null,
            "common_shares": 690162,
            "book_valuer_per_share": 34.57,
            "book_valuer_per_share_4q_avg": 36.71,
            "equity": 2385633,
            "current_ratio": 286.7,
            "debt_ratio": 21.16,
            "inventory_turnover_ratio": 1.52,
            "account_receivable_turnover_ratio": 1.32,
            "reinvestment_rate": 29.53,
            "research_to_sale_ratio": 3.86,
            "price_fair": 237.74,
            "eps_avg_yearly": 6.79,
            "eps_latest_yearly": 6.44,
            "eps_growth_yearly": 42.33
        },
        "20113": {
            "year_quarter": 20113,
            "year": 2011,
            "quarter": 3,
            "eps": 1.38,
            "eps_growth_year": -44.12,
            "eps_4q": 5.07,
            "eps_4q_growth_year": -45.03,
            "roe": 3.92,
            "roe_4q": 13.89,
            "gross_profit": 119964,
            "gross_margin": 45.57,
            "gross_margin_4q_avg": 45.34,
            "net_income": 95269,
            "net_income_4q": null,
            "revenue": 263250,
            "revenue_4q": null,
            "common_shares": 690162,
            "book_valuer_per_share": 35.95,
            "book_valuer_per_share_4q_avg": 36.6,
            "equity": 2480903,
            "current_ratio": 677.7,
            "debt_ratio": 8.5,
            "inventory_turnover_ratio": 1.21,
            "account_receivable_turnover_ratio": 1.01,
            "reinvestment_rate": 28.4,
            "research_to_sale_ratio": 4.62,
            "price_fair": 234.5,
            "eps_avg_yearly": 6.7,
            "eps_latest_yearly": 5.52,
            "eps_growth_yearly": 25.04
        },
        "20114": {
            "year_quarter": 20114,
            "year": 2011,
            "quarter": 4,
            "eps": 0.91,
            "eps_growth_year": -15.96,
            "eps_4q": 4.9,
            "eps_4q_growth_year": -41.67,
            "roe": 2.5,
            "roe_4q": 13.46,
            "gross_profit": 85378,
            "gross_margin": 38,
            "gross_margin_4q_avg": 42.85,
            "net_income": 62816,
            "net_income_4q": null,
            "revenue": 224686,
            "revenue_4q": null,
            "common_shares": 690162,
            "book_valuer_per_share": 36.86,
            "book_valuer_per_share_4q_avg": 36.46,
            "equity": 2543718,
            "current_ratio": 1034.7,
            "debt_ratio": 5.6,
            "inventory_turnover_ratio": 1.32,
            "account_receivable_turnover_ratio": 0.98,
            "reinvestment_rate": 27.17,
            "research_to_sale_ratio": 4.61,
            "price_fair": 123.38,
            "eps_avg_yearly": 6.37,
            "eps_latest_yearly": 3.64,
            "eps_growth_yearly": 9.38
        },
        "20121": {
            "year_quarter": 20121,
            "year": 2012,
            "quarter": 1,
            "eps": 0.91,
            "eps_growth_year": -9,
            "eps_4q": 4.81,
            "eps_4q_growth_year": -34.33,
            "roe": 2.45,
            "roe_4q": 13.280000000000001,
            "gross_profit": 100600,
            "gross_margin": 41.23,
            "gross_margin_4q_avg": 43.15,
            "net_income": 63021,
            "net_income_4q": null,
            "revenue": 244008,
            "revenue_4q": null,
            "common_shares": 690162,
            "book_valuer_per_share": 37.77,
            "book_valuer_per_share_4q_avg": 36.29,
            "equity": 2606739,
            "current_ratio": 952.96,
            "debt_ratio": 6.36,
            "inventory_turnover_ratio": 1.42,
            "account_receivable_turnover_ratio": 1.09,
            "reinvestment_rate": 23.02,
            "research_to_sale_ratio": 4.37,
            "price_fair": 192.28,
            "eps_avg_yearly": 6.28,
            "eps_latest_yearly": 3.64,
            "eps_growth_yearly": 20.61
        },
        "20122": {
            "year_quarter": 20122,
            "year": 2012,
            "quarter": 2,
            "eps": 1.57,
            "eps_growth_year": -2.74,
            "eps_4q": 4.77,
            "eps_4q_growth_year": -22.6,
            "roe": 4.31,
            "roe_4q": 13.18,
            "gross_profit": 145757,
            "gross_margin": 46.02,
            "gross_margin_4q_avg": 42.71,
            "net_income": 108115,
            "net_income_4q": null,
            "revenue": 316721,
            "revenue_4q": null,
            "common_shares": 690162,
            "book_valuer_per_share": 34.93,
            "book_valuer_per_share_4q_avg": 36.38,
            "equity": 2410493,
            "current_ratio": 377.07,
            "debt_ratio": 16.79,
            "inventory_turnover_ratio": 1.62,
            "account_receivable_turnover_ratio": 1.23,
            "reinvestment_rate": 15.27,
            "research_to_sale_ratio": 3.49,
            "price_fair": 218.31,
            "eps_avg_yearly": 6.24,
            "eps_latest_yearly": 6.28,
            "eps_growth_yearly": 28.46
        },
        "20123": {
            "year_quarter": 20123,
            "year": 2012,
            "quarter": 3,
            "eps": 1.16,
            "eps_growth_year": -15.61,
            "eps_4q": 4.55,
            "eps_4q_growth_year": -10.21,
            "roe": 3.28,
            "roe_4q": 12.54,
            "gross_profit": 121514,
            "gross_margin": 44.18,
            "gross_margin_4q_avg": 42.36,
            "net_income": 80402,
            "net_income_4q": null,
            "revenue": 275074,
            "revenue_4q": null,
            "common_shares": 690162,
            "book_valuer_per_share": 36.09,
            "book_valuer_per_share_4q_avg": 36.41,
            "equity": 2490895,
            "current_ratio": 916.7,
            "debt_ratio": 6.7,
            "inventory_turnover_ratio": 1.49,
            "account_receivable_turnover_ratio": 1.06,
            "reinvestment_rate": 1.72,
            "research_to_sale_ratio": 3.96,
            "price_fair": 199.19,
            "eps_avg_yearly": 6.1,
            "eps_latest_yearly": 4.64,
            "eps_growth_yearly": 22.64
        },
        "20124": {
            "year_quarter": 20124,
            "year": 2012,
            "quarter": 4,
            "eps": 1.11,
            "eps_growth_year": 22.41,
            "eps_4q": 4.76,
            "eps_4q_growth_year": -2.88,
            "roe": 3.04,
            "roe_4q": 13.079999999999998,
            "gross_profit": 118550,
            "gross_margin": 42.58,
            "gross_margin_4q_avg": 43.5,
            "net_income": 76892,
            "net_income_4q": null,
            "revenue": 278420,
            "revenue_4q": null,
            "common_shares": 690162,
            "book_valuer_per_share": 37.21,
            "book_valuer_per_share_4q_avg": 36.5,
            "equity": 2567787,
            "current_ratio": 1118.25,
            "debt_ratio": 5.69,
            "inventory_turnover_ratio": 1.73,
            "account_receivable_turnover_ratio": 1.17,
            "reinvestment_rate": 0.12,
            "research_to_sale_ratio": 4.1,
            "price_fair": 213.68,
            "eps_avg_yearly": 6.11,
            "eps_latest_yearly": 4.44,
            "eps_growth_yearly": 30.39
        },
        "20131": {
            "year_quarter": 20131,
            "year": 2013,
            "quarter": 1,
            "eps": 1.4,
            "eps_growth_year": 53.85,
            "eps_4q": 5.25,
            "eps_4q_growth_year": 9,
            "roe": 3.7,
            "roe_4q": 14.329999999999998,
            "gross_profit": 132202,
            "gross_margin": 46.02,
            "gross_margin_4q_avg": 44.7,
            "net_income": 96753,
            "net_income_4q": null,
            "revenue": 287295,
            "revenue_4q": null,
            "common_shares": 690162,
            "book_valuer_per_share": 38.56,
            "book_valuer_per_share_4q_avg": 36.7,
            "equity": 2661450,
            "current_ratio": 1017.7,
            "debt_ratio": 6.58,
            "inventory_turnover_ratio": 1.86,
            "account_receivable_turnover_ratio": 1.16,
            "reinvestment_rate": 9.71,
            "research_to_sale_ratio": 4.33,
            "price_fair": 219.63,
            "eps_avg_yearly": 6.28,
            "eps_latest_yearly": 5.6,
            "eps_growth_yearly": 45.56
        },
        "20132": {
            "year_quarter": 20132,
            "year": 2013,
            "quarter": 2,
            "eps": 1.89,
            "eps_growth_year": 20.65,
            "eps_4q": 5.57,
            "eps_4q_growth_year": 16.77,
            "roe": 5.06,
            "roe_4q": 15.08,
            "gross_profit": 182270,
            "gross_margin": 51.31,
            "gross_margin_4q_avg": 46.02,
            "net_income": 130385,
            "net_income_4q": null,
            "revenue": 355206,
            "revenue_4q": null,
            "common_shares": 690162,
            "book_valuer_per_share": 36.17,
            "book_valuer_per_share_4q_avg": 37.01,
            "equity": 2496446,
            "current_ratio": 399.16,
            "debt_ratio": 17.26,
            "inventory_turnover_ratio": 2.1,
            "account_receivable_turnover_ratio": 1.25,
            "reinvestment_rate": 6.96,
            "research_to_sale_ratio": 3.88,
            "price_fair": 222.95,
            "eps_avg_yearly": 6.37,
            "eps_latest_yearly": 7.56,
            "eps_growth_yearly": 26.87
        },
        "20133": {
            "year_quarter": 20133,
            "year": 2013,
            "quarter": 3,
            "eps": 1.88,
            "eps_growth_year": 61.38,
            "eps_4q": 6.29,
            "eps_4q_growth_year": 38.09,
            "roe": 5.08,
            "roe_4q": 16.88,
            "gross_profit": 184757,
            "gross_margin": 52.66,
            "gross_margin_4q_avg": 48.14,
            "net_income": 130075,
            "net_income_4q": null,
            "revenue": 350868,
            "revenue_4q": null,
            "common_shares": 690162,
            "book_valuer_per_share": 38.06,
            "book_valuer_per_share_4q_avg": 37.5,
            "equity": 2626521,
            "current_ratio": 818.97,
            "debt_ratio": 8.4,
            "inventory_turnover_ratio": 2.06,
            "account_receivable_turnover_ratio": 1.14,
            "reinvestment_rate": 4.52,
            "research_to_sale_ratio": 3.88,
            "price_fair": 200.69,
            "eps_avg_yearly": 6.38,
            "eps_latest_yearly": 7.52,
            "eps_growth_yearly": 21.44
        },
        "20134": {
            "year_quarter": 20134,
            "year": 2013,
            "quarter": 4,
            "eps": 1.71,
            "eps_growth_year": 53.54,
            "eps_4q": 6.89,
            "eps_4q_growth_year": 44.71,
            "roe": 4.4,
            "roe_4q": 18.24,
            "gross_profit": 156763,
            "gross_margin": 52.77,
            "gross_margin_4q_avg": 50.69,
            "net_income": 118057,
            "net_income_4q": null,
            "revenue": 297088,
            "revenue_4q": null,
            "common_shares": 690162,
            "book_valuer_per_share": 39.77,
            "book_valuer_per_share_4q_avg": 38.14,
            "equity": 2744723,
            "current_ratio": 998.89,
            "debt_ratio": 7.07,
            "inventory_turnover_ratio": 1.83,
            "account_receivable_turnover_ratio": 1.05,
            "reinvestment_rate": 2.79,
            "research_to_sale_ratio": 4.57,
            "price_fair": 160.24,
            "eps_avg_yearly": 6.29,
            "eps_latest_yearly": 6.84,
            "eps_growth_yearly": 15.5
        },
        "20141": {
            "year_quarter": 20141,
            "year": 2014,
            "quarter": 1,
            "eps": 1.53,
            "eps_growth_year": 9.29,
            "eps_4q": 7.02,
            "eps_4q_growth_year": 33.77,
            "roe": 3.79,
            "roe_4q": 18.330000000000002,
            "gross_profit": 148894,
            "gross_margin": 51.59,
            "gross_margin_4q_avg": 52.08,
            "net_income": 105933,
            "net_income_4q": null,
            "revenue": 288612,
            "revenue_4q": null,
            "common_shares": 690162,
            "book_valuer_per_share": 41.3,
            "book_valuer_per_share_4q_avg": 38.83,
            "equity": 2850656,
            "current_ratio": 940.81,
            "debt_ratio": 7.72,
            "inventory_turnover_ratio": 1.81,
            "account_receivable_turnover_ratio": 1.15,
            "reinvestment_rate": 2.77,
            "research_to_sale_ratio": 5.81,
            "price_fair": 126.34,
            "eps_avg_yearly": 6.1,
            "eps_latest_yearly": 6.12,
            "eps_growth_yearly": 10.72
        },
        "20142": {
            "year_quarter": 20142,
            "year": 2014,
            "quarter": 2,
            "eps": 1.59,
            "eps_growth_year": -15.87,
            "eps_4q": 6.72,
            "eps_4q_growth_year": 20.6,
            "roe": 4.07,
            "roe_4q": 17.340000000000003,
            "gross_profit": 175097,
            "gross_margin": 54.74,
            "gross_margin_4q_avg": 52.94,
            "net_income": 109553,
            "net_income_4q": null,
            "revenue": 319882,
            "revenue_4q": null,
            "common_shares": 690162,
            "book_valuer_per_share": 36.7,
            "book_valuer_per_share_4q_avg": 38.96,
            "equity": 2532999,
            "current_ratio": 342.97,
            "debt_ratio": 21.55,
            "inventory_turnover_ratio": 1.83,
            "account_receivable_turnover_ratio": 1.26,
            "reinvestment_rate": -6.83,
            "research_to_sale_ratio": 5.27,
            "price_fair": 94.07,
            "eps_avg_yearly": 5.8,
            "eps_latest_yearly": 6.36,
            "eps_growth_yearly": 6.22
        },
        "20143": {
            "year_quarter": 20143,
            "year": 2014,
            "quarter": 3,
            "eps": 1.77,
            "eps_growth_year": -5.85,
            "eps_4q": 6.6,
            "eps_4q_growth_year": 4.96,
            "roe": 4.71,
            "roe_4q": 16.97,
            "gross_profit": 181541,
            "gross_margin": 54.1,
            "gross_margin_4q_avg": 53.3,
            "net_income": 122104,
            "net_income_4q": null,
            "revenue": 335557,
            "revenue_4q": null,
            "common_shares": 690162,
            "book_valuer_per_share": 38.47,
            "book_valuer_per_share_4q_avg": 39.06,
            "equity": 2655103,
            "current_ratio": 692.55,
            "debt_ratio": 10.34,
            "inventory_turnover_ratio": 1.93,
            "account_receivable_turnover_ratio": 1.23,
            "reinvestment_rate": -13.73,
            "research_to_sale_ratio": 4.61,
            "price_fair": 122.83,
            "eps_avg_yearly": 5.63,
            "eps_latest_yearly": 7.08,
            "eps_growth_yearly": 11.84
        },
        "20144": {
            "year_quarter": 20144,
            "year": 2014,
            "quarter": 4,
            "eps": 1.96,
            "eps_growth_year": 14.39,
            "eps_4q": 6.85,
            "eps_4q_growth_year": -0.56,
            "roe": 4.96,
            "roe_4q": 17.53,
            "gross_profit": 185308,
            "gross_margin": 53.95,
            "gross_margin_4q_avg": 53.6,
            "net_income": 135040,
            "net_income_4q": null,
            "revenue": 343499,
            "revenue_4q": null,
            "common_shares": 690162,
            "book_valuer_per_share": 40.44,
            "book_valuer_per_share_4q_avg": 39.23,
            "equity": 2791350,
            "current_ratio": 751.16,
            "debt_ratio": 9.66,
            "inventory_turnover_ratio": 1.99,
            "account_receivable_turnover_ratio": 1.25,
            "reinvestment_rate": -13.45,
            "research_to_sale_ratio": 4.24,
            "price_fair": 204.58,
            "eps_avg_yearly": 5.85,
            "eps_latest_yearly": 7.84,
            "eps_growth_yearly": 28.59
        },
        "20151": {
            "year_quarter": 20151,
            "year": 2015,
            "quarter": 1,
            "eps": 2.01,
            "eps_growth_year": 31.37,
            "eps_4q": 7.32,
            "eps_4q_growth_year": 4.31,
            "roe": 4.85,
            "roe_4q": 18.59,
            "gross_profit": 208072,
            "gross_margin": 59.11,
            "gross_margin_4q_avg": 55.48,
            "net_income": 138629,
            "net_income_4q": null,
            "revenue": 352004,
            "revenue_4q": null,
            "common_shares": 690162,
            "book_valuer_per_share": 42.45,
            "book_valuer_per_share_4q_avg": 39.52,
            "equity": 2929979,
            "current_ratio": 721.31,
            "debt_ratio": 10.38,
            "inventory_turnover_ratio": 1.64,
            "account_receivable_turnover_ratio": 1.31,
            "reinvestment_rate": -21.43,
            "research_to_sale_ratio": 4.82,
            "price_fair": 213.41,
            "eps_avg_yearly": 6.1,
            "eps_latest_yearly": 8.04,
            "eps_growth_yearly": 31.08
        },
        "20152": {
            "year_quarter": 20152,
            "year": 2015,
            "quarter": 2,
            "eps": 2.5,
            "eps_growth_year": 57.23,
            "eps_4q": 8.23,
            "eps_4q_growth_year": 22.55,
            "roe": 6.19,
            "roe_4q": 20.71,
            "gross_profit": 258180,
            "gross_margin": 61.43,
            "gross_margin_4q_avg": 57.15,
            "net_income": 172390,
            "net_income_4q": null,
            "revenue": 420263,
            "revenue_4q": null,
            "common_shares": 690162,
            "book_valuer_per_share": 38.29,
            "book_valuer_per_share_4q_avg": 39.91,
            "equity": 2642721,
            "current_ratio": 322.62,
            "debt_ratio": 23.46,
            "inventory_turnover_ratio": 1.66,
            "account_receivable_turnover_ratio": 1.44,
            "reinvestment_rate": -19.41,
            "research_to_sale_ratio": 4.81,
            "price_fair": 201.75,
            "eps_avg_yearly": 6.32,
            "eps_latest_yearly": 10,
            "eps_growth_yearly": 21.92
        },
        "20153": {
            "year_quarter": 20153,
            "year": 2015,
            "quarter": 3,
            "eps": 3.52,
            "eps_growth_year": 98.87,
            "eps_4q": 9.98,
            "eps_4q_growth_year": 51.22,
            "roe": 8.79,
            "roe_4q": 24.79,
            "gross_profit": 301781,
            "gross_margin": 62.66,
            "gross_margin_4q_avg": 59.29,
            "net_income": 242979,
            "net_income_4q": null,
            "revenue": 481607,
            "revenue_4q": null,
            "common_shares": 690162,
            "book_valuer_per_share": 41.81,
            "book_valuer_per_share_4q_avg": 40.75,
            "equity": 2885700,
            "current_ratio": 609.75,
            "debt_ratio": 12.15,
            "inventory_turnover_ratio": 1.58,
            "account_receivable_turnover_ratio": 1.45,
            "reinvestment_rate": -14.91,
            "research_to_sale_ratio": 5.51,
            "price_fair": 239.93,
            "eps_avg_yearly": 6.86,
            "eps_latest_yearly": 14.08,
            "eps_growth_yearly": 35.69
        },
        "20154": {
            "year_quarter": 20154,
            "year": 2015,
            "quarter": 4,
            "eps": 3.03,
            "eps_growth_year": 54.8,
            "eps_4q": 11.06,
            "eps_4q_growth_year": 61.45,
            "roe": 6.99,
            "roe_4q": 26.82,
            "gross_profit": 312799,
            "gross_margin": 61.65,
            "gross_margin_4q_avg": 61.21,
            "net_income": 209042,
            "net_income_4q": null,
            "revenue": 507349,
            "revenue_4q": null,
            "common_shares": 690162,
            "book_valuer_per_share": 44.83,
            "book_valuer_per_share_4q_avg": 41.85,
            "equity": 3093929,
            "current_ratio": 649.97,
            "debt_ratio": 11.54,
            "inventory_turnover_ratio": 1.69,
            "account_receivable_turnover_ratio": 1.48,
            "reinvestment_rate": -11.43,
            "research_to_sale_ratio": 5.02,
            "price_fair": 258.48,
            "eps_avg_yearly": 7.39,
            "eps_latest_yearly": 12.12,
            "eps_growth_yearly": 40.73
        },
        "20161": {
            "year_quarter": 20161,
            "year": 2016,
            "quarter": 1,
            "eps": 2.48,
            "eps_growth_year": 23.38,
            "eps_4q": 11.52,
            "eps_4q_growth_year": 57.41,
            "roe": 5.38,
            "roe_4q": 27.35,
            "gross_profit": 258998,
            "gross_margin": 60.14,
            "gross_margin_4q_avg": 61.47,
            "net_income": 170999,
            "net_income_4q": null,
            "revenue": 430632,
            "revenue_4q": null,
            "common_shares": 690162,
            "book_valuer_per_share": 47.31,
            "book_valuer_per_share_4q_avg": 43.06,
            "equity": 3264928,
            "current_ratio": 614.88,
            "debt_ratio": 12.54,
            "inventory_turnover_ratio": 1.71,
            "account_receivable_turnover_ratio": 1.36,
            "reinvestment_rate": -9.9,
            "research_to_sale_ratio": 5.27,
            "price_fair": 272.21,
            "eps_avg_yearly": 7.78,
            "eps_latest_yearly": 9.92,
            "eps_growth_yearly": 36.19
        },
        "20162": {
            "year_quarter": 20162,
            "year": 2016,
            "quarter": 2,
            "eps": 2.78,
            "eps_growth_year": 11.2,
            "eps_4q": 11.81,
            "eps_4q_growth_year": 43.45,
            "roe": 6.36,
            "roe_4q": 27.52,
            "gross_profit": 272385,
            "gross_margin": 60.75,
            "gross_margin_4q_avg": 61.3,
            "net_income": 192011,
            "net_income_4q": null,
            "revenue": 448347,
            "revenue_4q": null,
            "common_shares": 690162,
            "book_valuer_per_share": 40.14,
            "book_valuer_per_share_4q_avg": 43.52,
            "equity": 2770228,
            "current_ratio": 275.43,
            "debt_ratio": 28.48,
            "inventory_turnover_ratio": 1.91,
            "account_receivable_turnover_ratio": 1.45,
            "reinvestment_rate": -9.47,
            "research_to_sale_ratio": 5.08,
            "price_fair": 251.15,
            "eps_avg_yearly": 8.08,
            "eps_latest_yearly": 11.12,
            "eps_growth_yearly": 21.08
        },
        "20163": {
            "year_quarter": 20163,
            "year": 2016,
            "quarter": 3,
            "eps": 3.05,
            "eps_growth_year": -13.35,
            "eps_4q": 11.34,
            "eps_4q_growth_year": 13.54,
            "roe": 7.31,
            "roe_4q": 26.04,
            "gross_profit": 324221,
            "gross_margin": 63,
            "gross_margin_4q_avg": 61.39,
            "net_income": 210257,
            "net_income_4q": null,
            "revenue": 514612,
            "revenue_4q": null,
            "common_shares": 690162,
            "book_valuer_per_share": 43.19,
            "book_valuer_per_share_4q_avg": 43.87,
            "equity": 2980485,
            "current_ratio": 630.18,
            "debt_ratio": 12.23,
            "inventory_turnover_ratio": 2.12,
            "account_receivable_turnover_ratio": 1.51,
            "reinvestment_rate": -2.05,
            "research_to_sale_ratio": 4.74,
            "price_fair": 299.34,
            "eps_avg_yearly": 8.55,
            "eps_latest_yearly": 12.2,
            "eps_growth_yearly": 30.04
        },
        "20164": {
            "year_quarter": 20164,
            "year": 2016,
            "quarter": 4,
            "eps": 3.38,
            "eps_growth_year": 11.66,
            "eps_4q": 11.69,
            "eps_4q_growth_year": 5.72,
            "roe": 7.54,
            "roe_4q": 26.59,
            "gross_profit": 328239,
            "gross_margin": 63.63,
            "gross_margin_4q_avg": 61.88,
            "net_income": 233409,
            "net_income_4q": null,
            "revenue": 515881,
            "revenue_4q": null,
            "common_shares": 690162,
            "book_valuer_per_share": 46.56,
            "book_valuer_per_share_4q_avg": 44.3,
            "equity": 3213737,
            "current_ratio": 678.98,
            "debt_ratio": 11.64,
            "inventory_turnover_ratio": 1.85,
            "account_receivable_turnover_ratio": 1.46,
            "reinvestment_rate": -1.07,
            "research_to_sale_ratio": 5.24,
            "price_fair": 319.2,
            "eps_avg_yearly": 9.12,
            "eps_latest_yearly": 13.52,
            "eps_growth_yearly": 33.82
        },
        "20171": {
            "year_quarter": 20171,
            "year": 2017,
            "quarter": 1,
            "eps": 2.8,
            "eps_growth_year": 12.9,
            "eps_4q": 12.01,
            "eps_4q_growth_year": 4.21,
            "roe": 5.84,
            "roe_4q": 27.049999999999997,
            "gross_profit": 307297,
            "gross_margin": 62.83,
            "gross_margin_4q_avg": 62.55,
            "net_income": 193209,
            "net_income_4q": null,
            "revenue": 489102,
            "revenue_4q": null,
            "common_shares": 690162,
            "book_valuer_per_share": 49.36,
            "book_valuer_per_share_4q_avg": 44.81,
            "equity": 3406946,
            "current_ratio": 598.31,
            "debt_ratio": 13.01,
            "inventory_turnover_ratio": 1.7,
            "account_receivable_turnover_ratio": 1.45,
            "reinvestment_rate": -2.43,
            "research_to_sale_ratio": 4.9,
            "price_fair": 312.52,
            "eps_avg_yearly": 9.47,
            "eps_latest_yearly": 11.2,
            "eps_growth_yearly": 23
        },
        "20172": {
            "year_quarter": 20172,
            "year": 2017,
            "quarter": 2,
            "eps": 3.34,
            "eps_growth_year": 20.14,
            "eps_4q": 12.57,
            "eps_4q_growth_year": 6.45,
            "roe": 7.3,
            "roe_4q": 27.99,
            "gross_profit": 321452,
            "gross_margin": 63.89,
            "gross_margin_4q_avg": 63.34,
            "net_income": 230753,
            "net_income_4q": null,
            "revenue": 503145,
            "revenue_4q": null,
            "common_shares": 690162,
            "book_valuer_per_share": 42.21,
            "book_valuer_per_share_4q_avg": 45.33,
            "equity": 2913029,
            "current_ratio": 256.22,
            "debt_ratio": 29.73,
            "inventory_turnover_ratio": 1.67,
            "account_receivable_turnover_ratio": 1.33,
            "reinvestment_rate": 2.3,
            "research_to_sale_ratio": 5.08,
            "price_fair": 285.86,
            "eps_avg_yearly": 9.83,
            "eps_latest_yearly": 13.36,
            "eps_growth_yearly": 19.07
        },
        "20173": {
            "year_quarter": 20173,
            "year": 2017,
            "quarter": 3,
            "eps": 3.29,
            "eps_growth_year": 7.87,
            "eps_4q": 12.81,
            "eps_4q_growth_year": 13.01,
            "roe": 7.49,
            "roe_4q": 28.169999999999998,
            "gross_profit": 324671,
            "gross_margin": 64.15,
            "gross_margin_4q_avg": 63.63,
            "net_income": 226738,
            "net_income_4q": null,
            "revenue": 506099,
            "revenue_4q": null,
            "common_shares": 690162,
            "book_valuer_per_share": 45.49,
            "book_valuer_per_share_4q_avg": 45.91,
            "equity": 3139767,
            "current_ratio": 520.39,
            "debt_ratio": 14.16,
            "inventory_turnover_ratio": 1.51,
            "account_receivable_turnover_ratio": 1.25,
            "reinvestment_rate": 3.12,
            "research_to_sale_ratio": 5.23,
            "price_fair": 293.64,
            "eps_avg_yearly": 10.19,
            "eps_latest_yearly": 13.16,
            "eps_growth_yearly": 18.83
        },
        "20174": {
            "year_quarter": 20174,
            "year": 2017,
            "quarter": 4,
            "eps": 2.72,
            "eps_growth_year": -19.5,
            "eps_4q": 12.15,
            "eps_4q_growth_year": 3.96,
            "roe": 5.81,
            "roe_4q": 26.44,
            "gross_profit": 282681,
            "gross_margin": 60.77,
            "gross_margin_4q_avg": 62.91,
            "net_income": 187888,
            "net_income_4q": null,
            "revenue": 465144,
            "revenue_4q": null,
            "common_shares": 690162,
            "book_valuer_per_share": 48.22,
            "book_valuer_per_share_4q_avg": 46.32,
            "equity": 3327618,
            "current_ratio": 649.5,
            "debt_ratio": 11.49,
            "inventory_turnover_ratio": 1.55,
            "account_receivable_turnover_ratio": 1.29,
            "reinvestment_rate": 3.55,
            "research_to_sale_ratio": 5.07,
            "price_fair": 279.31,
            "eps_avg_yearly": 10.44,
            "eps_latest_yearly": 10.88,
            "eps_growth_yearly": 16.76
        },
        "20181": {
            "year_quarter": 20181,
            "year": 2018,
            "quarter": 1,
            "eps": 2.15,
            "eps_growth_year": -23.21,
            "eps_4q": 11.5,
            "eps_4q_growth_year": -4.24,
            "roe": 4.36,
            "roe_4q": 24.96,
            "gross_profit": 238613,
            "gross_margin": 61.14,
            "gross_margin_4q_avg": 62.49,
            "net_income": 148359,
            "net_income_4q": null,
            "revenue": 390271,
            "revenue_4q": null,
            "common_shares": 690162,
            "book_valuer_per_share": 50.36,
            "book_valuer_per_share_4q_avg": 46.57,
            "equity": 3475977,
            "current_ratio": 639.15,
            "debt_ratio": 11.99,
            "inventory_turnover_ratio": 1.32,
            "account_receivable_turnover_ratio": 1.23,
            "reinvestment_rate": 3.3,
            "research_to_sale_ratio": 5.75,
            "price_fair": 255.84,
            "eps_avg_yearly": 10.59,
            "eps_latest_yearly": 8.6,
            "eps_growth_yearly": 14.15
        },
        "20182": {
            "year_quarter": 20182,
            "year": 2018,
            "quarter": 2,
            "eps": 2.99,
            "eps_growth_year": -10.48,
            "eps_4q": 11.14,
            "eps_4q_growth_year": -11.36,
            "roe": 6.44,
            "roe_4q": 24.1,
            "gross_profit": 282690,
            "gross_margin": 61.85,
            "gross_margin_4q_avg": 61.98,
            "net_income": 206118,
            "net_income_4q": null,
            "revenue": 457038,
            "revenue_4q": null,
            "common_shares": 690162,
            "book_valuer_per_share": 42.45,
            "book_valuer_per_share_4q_avg": 46.63,
            "equity": 2929818,
            "current_ratio": 262.67,
            "debt_ratio": 29.56,
            "inventory_turnover_ratio": 1.36,
            "account_receivable_turnover_ratio": 1.4,
            "reinvestment_rate": 3.22,
            "research_to_sale_ratio": 5.69,
            "price_fair": 360.44,
            "eps_avg_yearly": 10.94,
            "eps_latest_yearly": 11.96,
            "eps_growth_yearly": 22.94
        },
        "20183": {
            "year_quarter": 20183,
            "year": 2018,
            "quarter": 3,
            "eps": 2.87,
            "eps_growth_year": -12.77,
            "eps_4q": 10.73,
            "eps_4q_growth_year": -16.23,
            "roe": 6.55,
            "roe_4q": 23.16,
            "gross_profit": 298527,
            "gross_margin": 63.19,
            "gross_margin_4q_avg": 61.74,
            "net_income": 198261,
            "net_income_4q": null,
            "revenue": 472421,
            "revenue_4q": null,
            "common_shares": 690162,
            "book_valuer_per_share": 45.32,
            "book_valuer_per_share_4q_avg": 46.59,
            "equity": 3128079,
            "current_ratio": 519.6,
            "debt_ratio": 13.9,
            "inventory_turnover_ratio": 1.26,
            "account_receivable_turnover_ratio": 1.34,
            "reinvestment_rate": 6.38,
            "research_to_sale_ratio": 5.91,
            "price_fair": 326.5,
            "eps_avg_yearly": 11.22,
            "eps_latest_yearly": 11.48,
            "eps_growth_yearly": 19.11
        },
        "20184": {
            "year_quarter": 20184,
            "year": 2018,
            "quarter": 4,
            "eps": 2.97,
            "eps_growth_year": 9.11,
            "eps_4q": 10.98,
            "eps_4q_growth_year": -9.64,
            "roe": 6.35,
            "roe_4q": 23.7,
            "gross_profit": 302389,
            "gross_margin": 62.4,
            "gross_margin_4q_avg": 62.15,
            "net_income": 205001,
            "net_income_4q": null,
            "revenue": 484578,
            "revenue_4q": null,
            "common_shares": 690162,
            "book_valuer_per_share": 48.3,
            "book_valuer_per_share_4q_avg": 46.61,
            "equity": 3333357,
            "current_ratio": 591.86,
            "debt_ratio": 12.22,
            "inventory_turnover_ratio": 1.35,
            "account_receivable_turnover_ratio": 1.46,
            "reinvestment_rate": 7.93,
            "research_to_sale_ratio": 5.74,
            "price_fair": 313.06,
            "eps_avg_yearly": 11.47,
            "eps_latest_yearly": 11.88,
            "eps_growth_yearly": 17.29
        },
        "20191": {
            "year_quarter": 20191,
            "year": 2019,
            "quarter": 1,
            "eps": 2.44,
            "eps_growth_year": 13.49,
            "eps_4q": 11.27,
            "eps_4q_growth_year": -1.97,
            "roe": 4.94,
            "roe_4q": 24.28,
            "gross_profit": 257058,
            "gross_margin": 60.36,
            "gross_margin_4q_avg": 61.95,
            "net_income": 168744,
            "net_income_4q": null,
            "revenue": 425852,
            "revenue_4q": null,
            "common_shares": 690162,
            "book_valuer_per_share": 50.74,
            "book_valuer_per_share_4q_avg": 46.7,
            "equity": 3502101,
            "current_ratio": 571.35,
            "debt_ratio": 12.65,
            "inventory_turnover_ratio": 1.32,
            "account_receivable_turnover_ratio": 1.43,
            "reinvestment_rate": 10.58,
            "research_to_sale_ratio": 6.33,
            "price_fair": 256.96,
            "eps_avg_yearly": 11.58,
            "eps_latest_yearly": 9.76,
            "eps_growth_yearly": 12.19
        },
        "20192": {
            "year_quarter": 20192,
            "year": 2019,
            "quarter": 2,
            "eps": 2.41,
            "eps_growth_year": -19.4,
            "eps_4q": 10.69,
            "eps_4q_growth_year": -4.06,
            "roe": 5.11,
            "roe_4q": 22.95,
            "gross_profit": 255721,
            "gross_margin": 59.53,
            "gross_margin_4q_avg": 61.37,
            "net_income": 165860,
            "net_income_4q": null,
            "revenue": 429565,
            "revenue_4q": null,
            "common_shares": 690162,
            "book_valuer_per_share": 43.27,
            "book_valuer_per_share_4q_avg": 46.91,
            "equity": 2986081,
            "current_ratio": 246.78,
            "debt_ratio": 28.63,
            "inventory_turnover_ratio": 1.4,
            "account_receivable_turnover_ratio": 1.54,
            "reinvestment_rate": 12.12,
            "research_to_sale_ratio": 6.8,
            "price_fair": 182.48,
            "eps_avg_yearly": 11.56,
            "eps_latest_yearly": 9.64,
            "eps_growth_yearly": 5.79
        },
        "20193": {
            "year_quarter": 20193,
            "year": 2019,
            "quarter": 3,
            "eps": 2.26,
            "eps_growth_year": -21.25,
            "eps_4q": 10.08,
            "eps_4q_growth_year": -6.04,
            "roe": 5.1,
            "roe_4q": 21.5,
            "gross_profit": 244903,
            "gross_margin": 59,
            "gross_margin_4q_avg": 60.32,
            "net_income": 156309,
            "net_income_4q": null,
            "revenue": 415061,
            "revenue_4q": null,
            "common_shares": 690162,
            "book_valuer_per_share": 45.53,
            "book_valuer_per_share_4q_avg": 46.96,
            "equity": 3142390,
            "current_ratio": 481.92,
            "debt_ratio": 13.57,
            "inventory_turnover_ratio": 1.35,
            "account_receivable_turnover_ratio": 1.51,
            "reinvestment_rate": 14.55,
            "research_to_sale_ratio": 6.78,
            "price_fair": 33.72,
            "eps_avg_yearly": 11.24,
            "eps_latest_yearly": 9.04,
            "eps_growth_yearly": -5.96
        },
        "20194": {
            "year_quarter": 20194,
            "year": 2019,
            "quarter": 4,
            "eps": 2.26,
            "eps_growth_year": -24.02,
            "eps_4q": 9.37,
            "eps_4q_growth_year": -14.66,
            "roe": 4.84,
            "roe_4q": 19.990000000000002,
            "gross_profit": 260058,
            "gross_margin": 59.49,
            "gross_margin_4q_avg": 59.6,
            "net_income": 155752,
            "net_income_4q": null,
            "revenue": 437148,
            "revenue_4q": null,
            "common_shares": 690162,
            "book_valuer_per_share": 47.79,
            "book_valuer_per_share_4q_avg": 46.83,
            "equity": 3298044,
            "current_ratio": 502.45,
            "debt_ratio": 12.74,
            "inventory_turnover_ratio": 1.43,
            "account_receivable_turnover_ratio": 1.66,
            "reinvestment_rate": 17.12,
            "research_to_sale_ratio": 5.97,
            "price_fair": 33.14,
            "eps_avg_yearly": 11.05,
            "eps_latest_yearly": 9.04,
            "eps_growth_yearly": -2.48
        },
        "20201": {
            "year_quarter": 20201,
            "year": 2020,
            "quarter": 1,
            "eps": 2.69,
            "eps_growth_year": 10.25,
            "eps_4q": 9.62,
            "eps_4q_growth_year": -14.69,
            "roe": 5.48,
            "roe_4q": 20.53,
            "gross_profit": 281208,
            "gross_margin": 58.45,
            "gross_margin_4q_avg": 59.12,
            "net_income": 185896,
            "net_income_4q": null,
            "revenue": 481098,
            "revenue_4q": null,
            "common_shares": 690162,
            "book_valuer_per_share": 50.48,
            "book_valuer_per_share_4q_avg": 46.77,
            "equity": 3483940,
            "current_ratio": 440.49,
            "debt_ratio": 13.99,
            "inventory_turnover_ratio": 1.7,
            "account_receivable_turnover_ratio": 1.42,
            "reinvestment_rate": 21.15,
            "research_to_sale_ratio": 6.46,
            "price_fair": 186.61,
            "eps_avg_yearly": 11.1,
            "eps_latest_yearly": 10.76,
            "eps_growth_yearly": 6.81
        },
        "20202": {
            "year_quarter": 20202,
            "year": 2020,
            "quarter": 2,
            "eps": 2.81,
            "eps_growth_year": 16.6,
            "eps_4q": 10.02,
            "eps_4q_growth_year": -6.31,
            "roe": 5.88,
            "roe_4q": 21.299999999999997,
            "gross_profit": 310190,
            "gross_margin": 59.56,
            "gross_margin_4q_avg": 59.13,
            "net_income": 193350,
            "net_income_4q": null,
            "revenue": 520785,
            "revenue_4q": null,
            "common_shares": 690162,
            "book_valuer_per_share": 44.85,
            "book_valuer_per_share_4q_avg": 47.16,
            "equity": 3095483,
            "current_ratio": 187.78,
            "debt_ratio": 30.02,
            "inventory_turnover_ratio": 1.75,
            "account_receivable_turnover_ratio": 1.17,
            "reinvestment_rate": 34.82,
            "research_to_sale_ratio": 5.78,
            "price_fair": 165.53,
            "eps_avg_yearly": 11.11,
            "eps_latest_yearly": 11.24,
            "eps_growth_yearly": 4.9
        },
        "20203": {
            "year_quarter": 20203,
            "year": 2020,
            "quarter": 3,
            "eps": 2.93,
            "eps_growth_year": 29.65,
            "eps_4q": 10.68,
            "eps_4q_growth_year": 5.92,
            "roe": 6.32,
            "roe_4q": 22.52,
            "gross_profit": 321821,
            "gross_margin": 57.96,
            "gross_margin_4q_avg": 58.87,
            "net_income": 202083,
            "net_income_4q": null,
            "revenue": 555236,
            "revenue_4q": null,
            "common_shares": 690162,
            "book_valuer_per_share": 47.78,
            "book_valuer_per_share_4q_avg": 47.73,
            "equity": 3297566,
            "current_ratio": 252.14,
            "debt_ratio": 18.36,
            "inventory_turnover_ratio": 1.83,
            "account_receivable_turnover_ratio": 1.23,
            "reinvestment_rate": 45.13,
            "research_to_sale_ratio": 5.69,
            "price_fair": 150.01,
            "eps_avg_yearly": 11.08,
            "eps_latest_yearly": 11.72,
            "eps_growth_yearly": 3.54
        },
        "20204": {
            "year_quarter": 20204,
            "year": 2020,
            "quarter": 4,
            "eps": 3.6,
            "eps_growth_year": 59.57,
            "eps_4q": 12.02,
            "eps_4q_growth_year": 28.33,
            "roe": 7.26,
            "roe_4q": 24.94,
            "gross_profit": 380834,
            "gross_margin": 59.92,
            "gross_margin_4q_avg": 58.97,
            "net_income": 248537,
            "net_income_4q": null,
            "revenue": 635531,
            "revenue_4q": null,
            "common_shares": 690162,
            "book_valuer_per_share": 51.36,
            "book_valuer_per_share_4q_avg": 48.62,
            "equity": 3544632,
            "current_ratio": 251.18,
            "debt_ratio": 17.55,
            "inventory_turnover_ratio": 1.67,
            "account_receivable_turnover_ratio": 1.59,
            "reinvestment_rate": 52.34,
            "research_to_sale_ratio": 4.54,
            "price_fair": 184.28,
            "eps_avg_yearly": 11.13,
            "eps_latest_yearly": 14.4,
            "eps_growth_yearly": 6.55
        },
        "20211": {
            "year_quarter": 20211,
            "year": 2021,
            "quarter": 1,
            "eps": 4.1,
            "eps_growth_year": 52.42,
            "eps_4q": 13.43,
            "eps_4q_growth_year": 39.67,
            "roe": 7.68,
            "roe_4q": 27.139999999999997,
            "gross_profit": 451098,
            "gross_margin": 60.51,
            "gross_margin_4q_avg": 59.49,
            "net_income": 283185,
            "net_income_4q": null,
            "revenue": 745459,
            "revenue_4q": null,
            "common_shares": 690162,
            "book_valuer_per_share": 55.46,
            "book_valuer_per_share_4q_avg": 49.86,
            "equity": 3827817,
            "current_ratio": 260.53,
            "debt_ratio": 17.51,
            "inventory_turnover_ratio": 1.41,
            "account_receivable_turnover_ratio": 1.76,
            "reinvestment_rate": 51.94,
            "research_to_sale_ratio": 4.81,
            "price_fair": 278.6,
            "eps_avg_yearly": 11.46,
            "eps_latest_yearly": 16.4,
            "eps_growth_yearly": 14.32
        },
        "20212": {
            "year_quarter": 20212,
            "year": 2021,
            "quarter": 2,
            "eps": 5.06,
            "eps_growth_year": 80.07,
            "eps_4q": 15.69,
            "eps_4q_growth_year": 56.64,
            "roe": 8.72,
            "roe_4q": 29.979999999999997,
            "gross_profit": 527336,
            "gross_margin": 61.94,
            "gross_margin_4q_avg": 60.08,
            "net_income": 349030,
            "net_income_4q": null,
            "revenue": 851298,
            "revenue_4q": null,
            "common_shares": 690162,
            "book_valuer_per_share": 60.52,
            "book_valuer_per_share_4q_avg": 53.78,
            "equity": 4176847,
            "current_ratio": 298.85,
            "debt_ratio": 15.65,
            "inventory_turnover_ratio": 1.23,
            "account_receivable_turnover_ratio": 1.56,
            "reinvestment_rate": 50.86,
            "research_to_sale_ratio": 4.83,
            "price_fair": 301.33,
            "eps_avg_yearly": 11.89,
            "eps_latest_yearly": 20.24,
            "eps_growth_yearly": 15.35
        },
        "20213": {
            "year_quarter": 20213,
            "year": 2021,
            "quarter": 3,
            "eps": 4.12,
            "eps_growth_year": 40.61,
            "eps_4q": 16.89,
            "eps_4q_growth_year": 58.12,
            "roe": 7.21,
            "roe_4q": 30.869999999999997,
            "gross_profit": 434742,
            "gross_margin": 58.88,
            "gross_margin_4q_avg": 60.31,
            "net_income": 284687,
            "net_income_4q": null,
            "revenue": 738384,
            "revenue_4q": null,
            "common_shares": 690162,
            "book_valuer_per_share": 53.84,
            "book_valuer_per_share_4q_avg": 55.3,
            "equity": 3716159,
            "current_ratio": 153.12,
            "debt_ratio": 29.3,
            "inventory_turnover_ratio": 0.95,
            "account_receivable_turnover_ratio": 1.11,
            "reinvestment_rate": 57.27,
            "research_to_sale_ratio": 5.47,
            "price_fair": 254.94,
            "eps_avg_yearly": 12.1,
            "eps_latest_yearly": 16.48,
            "eps_growth_yearly": 11.08
        },
        "20214": {
            "year_quarter": 20214,
            "year": 2021,
            "quarter": 4,
            "eps": 1.59,
            "eps_growth_year": -55.77,
            "eps_4q": 14.88,
            "eps_4q_growth_year": 23.73,
            "roe": 2.91,
            "roe_4q": 26.520000000000003,
            "gross_profit": 221693,
            "gross_margin": 43.37,
            "gross_margin_4q_avg": 56.18,
            "net_income": 109923,
            "net_income_4q": null,
            "revenue": 511163,
            "revenue_4q": null,
            "common_shares": 690162,
            "book_valuer_per_share": 55.44,
            "book_valuer_per_share_4q_avg": 56.32,
            "equity": 3825969,
            "current_ratio": 230.88,
            "debt_ratio": 15.39,
            "inventory_turnover_ratio": 0.85,
            "account_receivable_turnover_ratio": 0.81,
            "reinvestment_rate": 59.53,
            "research_to_sale_ratio": 6.43,
            "price_fair": 118.13,
            "eps_avg_yearly": 11.81,
            "eps_latest_yearly": 6.36,
            "eps_growth_yearly": 0.06
        },
        "20221": {
            "year_quarter": 20221,
            "year": 2022,
            "quarter": 1,
            "eps": 1.16,
            "eps_growth_year": -71.71,
            "eps_4q": 11.93,
            "eps_4q_growth_year": -11.18,
            "roe": 2.07,
            "roe_4q": 20.910000000000004,
            "gross_profit": 142907,
            "gross_margin": 35.32,
            "gross_margin_4q_avg": 49.88,
            "net_income": 79867,
            "net_income_4q": null,
            "revenue": 404621,
            "revenue_4q": null,
            "common_shares": 690162,
            "book_valuer_per_share": 56.59,
            "book_valuer_per_share_4q_avg": 56.6,
            "equity": 3905836,
            "current_ratio": 260.03,
            "debt_ratio": 14.04,
            "inventory_turnover_ratio": 0.88,
            "account_receivable_turnover_ratio": 0.92,
            "reinvestment_rate": 60.94,
            "research_to_sale_ratio": 6.2,
            "price_fair": 34.7,
            "eps_avg_yearly": 11.57,
            "eps_latest_yearly": 4.64,
            "eps_growth_yearly": -1.46
        },
        "20222": {
            "year_quarter": 20222,
            "year": 2022,
            "quarter": 2,
            "eps": 1.28,
            "eps_growth_year": -74.7,
            "eps_4q": 8.15,
            "eps_4q_growth_year": -48.04,
            "roe": 2.4,
            "roe_4q": 14.59,
            "gross_profit": 163380,
            "gross_margin": 43.07,
            "gross_margin_4q_avg": 45.16,
            "net_income": 88169,
            "net_income_4q": null,
            "revenue": 379309,
            "revenue_4q": null,
            "common_shares": 690162,
            "book_valuer_per_share": 49.87,
            "book_valuer_per_share_4q_avg": 53.94,
            "equity": 3441876,
            "current_ratio": 164.45,
            "debt_ratio": 25.66,
            "inventory_turnover_ratio": 0.78,
            "account_receivable_turnover_ratio": 1.25,
            "reinvestment_rate": 62.4,
            "research_to_sale_ratio": 6.29,
            "price_fair": 33.41,
            "eps_avg_yearly": 11.14,
            "eps_latest_yearly": 5.12,
            "eps_growth_yearly": -8.65
        },
        "20223": {
            "year_quarter": 20223,
            "year": 2022,
            "quarter": 3,
            "eps": 0.96,
            "eps_growth_year": -76.7,
            "eps_4q": 4.98,
            "eps_4q_growth_year": -70.48,
            "roe": 1.9,
            "roe_4q": 9.28,
            "gross_profit": 99570,
            "gross_margin": 30.72,
            "gross_margin_4q_avg": 38.12,
            "net_income": 66059,
            "net_income_4q": null,
            "revenue": 324143,
            "revenue_4q": null,
            "common_shares": 690162,
            "book_valuer_per_share": 50.83,
            "book_valuer_per_share_4q_avg": 53.18,
            "equity": 3507935,
            "current_ratio": 258.71,
            "debt_ratio": 15.11,
            "inventory_turnover_ratio": 0.87,
            "account_receivable_turnover_ratio": 1.14,
            "reinvestment_rate": 58.97,
            "research_to_sale_ratio": 5.52,
            "price_fair": 31.98,
            "eps_avg_yearly": 10.66,
            "eps_latest_yearly": 3.84,
            "eps_growth_yearly": -13.89
        },
        "20224": {
            "year_quarter": 20224,
            "year": 2022,
            "quarter": 4,
            "eps": 0.6,
            "eps_growth_year": -62.47,
            "eps_4q": 3.99,
            "eps_4q_growth_year": -73.18,
            "roe": 1.17,
            "roe_4q": 7.539999999999999,
            "gross_profit": 126183,
            "gross_margin": 35.32,
            "gross_margin_4q_avg": 36.11,
            "net_income": 41258,
            "net_income_4q": null,
            "revenue": 357209,
            "revenue_4q": null,
            "common_shares": 690162,
            "book_valuer_per_share": 51.5,
            "book_valuer_per_share_4q_avg": 52.2,
            "equity": 3554225,
            "current_ratio": 284.55,
            "debt_ratio": 14.3,
            "inventory_turnover_ratio": 1.08,
            "account_receivable_turnover_ratio": 1.26,
            "reinvestment_rate": 57.83,
            "research_to_sale_ratio": 7.73,
            "price_fair": 30.2,
            "eps_avg_yearly": 10.07,
            "eps_latest_yearly": 2.4,
            "eps_growth_yearly": -24.14
        },
        "20231": {
            "year_quarter": 20231,
            "year": 2023,
            "quarter": 1,
            "eps": 0.63,
            "eps_growth_year": -45.69,
            "eps_4q": 3.47,
            "eps_4q_growth_year": -70.95,
            "roe": 1.22,
            "roe_4q": 6.6899999999999995,
            "gross_profit": 107132,
            "gross_margin": 33.69,
            "gross_margin_4q_avg": 35.7,
            "net_income": 43771,
            "net_income_4q": null,
            "revenue": 318003,
            "revenue_4q": null,
            "common_shares": 690162,
            "book_valuer_per_share": 52.13,
            "book_valuer_per_share_4q_avg": 51.08,
            "equity": 3597996,
            "current_ratio": 308.8,
            "debt_ratio": 13.8,
            "inventory_turnover_ratio": 1.23,
            "account_receivable_turnover_ratio": 1.19,
            "reinvestment_rate": 55.18,
            "research_to_sale_ratio": 6.94,
            "price_fair": 28.85,
            "eps_avg_yearly": 9.62,
            "eps_latest_yearly": 2.52,
            "eps_growth_yearly": -18.43
        },
        "20232": {
            "year_quarter": 20232,
            "year": 2023,
            "quarter": 2,
            "eps": 0.93,
            "eps_growth_year": -27.34,
            "eps_4q": 3.11,
            "eps_4q_growth_year": -61.8,
            "roe": 1.82,
            "roe_4q": 6.109999999999999,
            "gross_profit": 127454,
            "gross_margin": 35.43,
            "gross_margin_4q_avg": 33.79,
            "net_income": 63871,
            "net_income_4q": null,
            "revenue": 359689,
            "revenue_4q": null,
            "common_shares": 690162,
            "book_valuer_per_share": 49.47,
            "book_valuer_per_share_4q_avg": 50.98,
            "equity": 3414099,
            "current_ratio": 232.84,
            "debt_ratio": 19.84,
            "inventory_turnover_ratio": 1.61,
            "account_receivable_turnover_ratio": 1.38,
            "reinvestment_rate": 51.69,
            "research_to_sale_ratio": 6.05,
            "price_fair": 27.74,
            "eps_avg_yearly": 9.25,
            "eps_latest_yearly": 3.72,
            "eps_growth_yearly": -6.22
        },
        "20233": {
            "year_quarter": 20233,
            "year": 2023,
            "quarter": 3,
            "eps": 1.32,
            "eps_growth_year": 37.5,
            "eps_4q": 3.47,
            "eps_4q_growth_year": -30.3,
            "roe": 2.63,
            "roe_4q": 6.84,
            "gross_profit": 156289,
            "gross_margin": 39.46,
            "gross_margin_4q_avg": 35.98,
            "net_income": 90871,
            "net_income_4q": null,
            "revenue": 396036,
            "revenue_4q": null,
            "common_shares": 690162,
            "book_valuer_per_share": 50.78,
            "book_valuer_per_share_4q_avg": 50.97,
            "equity": 3504970,
            "current_ratio": 318.53,
            "debt_ratio": 14.88,
            "inventory_turnover_ratio": 1.79,
            "account_receivable_turnover_ratio": 1.43,
            "reinvestment_rate": 46.36,
            "research_to_sale_ratio": 6.35,
            "price_fair": 142.58,
            "eps_avg_yearly": 9.01,
            "eps_latest_yearly": 5.28,
            "eps_growth_yearly": 5.82
        },
        "20234": {
            "year_quarter": 20234,
            "year": 2023,
            "quarter": 4,
            "eps": 1.22,
            "eps_growth_year": 103.42,
            "eps_4q": 4.09,
            "eps_4q_growth_year": 2.57,
            "roe": 2.37,
            "roe_4q": 8.040000000000001,
            "gross_profit": 187563,
            "gross_margin": 45.25,
            "gross_margin_4q_avg": 38.46,
            "net_income": 83926,
            "net_income_4q": null,
            "revenue": 414467,
            "revenue_4q": null,
            "common_shares": 690162,
            "book_valuer_per_share": 52,
            "book_valuer_per_share_4q_avg": 51.1,
            "equity": 3589046,
            "current_ratio": 333.78,
            "debt_ratio": 14.29,
            "inventory_turnover_ratio": 1.66,
            "account_receivable_turnover_ratio": 1.52,
            "reinvestment_rate": 42.23,
            "research_to_sale_ratio": 6.16,
            "price_fair": 121.89,
            "eps_avg_yearly": 8.75,
            "eps_latest_yearly": 4.88,
            "eps_growth_yearly": 3.93
        }
    },
    "months": {
        "2004-12": {
            "month": "2004-12",
            "price": "28.74",
            "revenue": 39270
        },
        "2005-01": {
            "month": "2005-01",
            "price": "27.30",
            "revenue": 33547
        },
        "2005-02": {
            "month": "2005-02",
            "price": "27.56",
            "revenue": 23429
        },
        "2005-03": {
            "month": "2005-03",
            "price": "24.31",
            "revenue": 38791
        },
        "2005-04": {
            "month": "2005-04",
            "price": "25.00",
            "revenue": 39580
        },
        "2005-05": {
            "month": "2005-05",
            "price": "25.65",
            "revenue": 37523
        },
        "2005-06": {
            "month": "2005-06",
            "price": "25.00",
            "revenue": 42349
        },
        "2005-07": {
            "month": "2005-07",
            "price": "23.58",
            "revenue": 45403
        },
        "2005-08": {
            "month": "2005-08",
            "price": "23.75",
            "revenue": 55028
        },
        "2005-09": {
            "month": "2005-09",
            "price": "24.84",
            "revenue": 56062
        },
        "2005-10": {
            "month": "2005-10",
            "price": "26.26",
            "revenue": 62178
        },
        "2005-11": {
            "month": "2005-11",
            "price": "26.27",
            "revenue": 70409
        },
        "2005-12": {
            "month": "2005-12",
            "price": "31.09",
            "revenue": 59867
        },
        "2006-01": {
            "month": "2006-01",
            "price": "40.32",
            "revenue": 54589
        },
        "2006-02": {
            "month": "2006-02",
            "price": "38.84",
            "revenue": 51170
        },
        "2006-03": {
            "month": "2006-03",
            "price": "38.74",
            "revenue": 64023
        },
        "2006-04": {
            "month": "2006-04",
            "price": "38.54",
            "revenue": 62970
        },
        "2006-05": {
            "month": "2006-05",
            "price": "39.04",
            "revenue": 64067
        },
        "2006-06": {
            "month": "2006-06",
            "price": "38.91",
            "revenue": 68486
        },
        "2006-07": {
            "month": "2006-07",
            "price": "39.63",
            "revenue": 68049
        },
        "2006-08": {
            "month": "2006-08",
            "price": "38.37",
            "revenue": 61841
        },
        "2006-09": {
            "month": "2006-09",
            "price": "39.92",
            "revenue": 62042
        },
        "2006-10": {
            "month": "2006-10",
            "price": "40.49",
            "revenue": 61859
        },
        "2006-11": {
            "month": "2006-11",
            "price": "40.03",
            "revenue": 60230
        },
        "2006-12": {
            "month": "2006-12",
            "price": "42.76",
            "revenue": 42839
        },
        "2007-01": {
            "month": "2007-01",
            "price": "63.65",
            "revenue": 50575
        },
        "2007-02": {
            "month": "2007-02",
            "price": "61.47",
            "revenue": 45684
        },
        "2007-03": {
            "month": "2007-03",
            "price": "59.77",
            "revenue": 51367
        },
        "2007-04": {
            "month": "2007-04",
            "price": "52.65",
            "revenue": 50242
        },
        "2007-05": {
            "month": "2007-05",
            "price": "52.80",
            "revenue": 58895
        },
        "2007-06": {
            "month": "2007-06",
            "price": "63.57",
            "revenue": 58276
        },
        "2007-07": {
            "month": "2007-07",
            "price": "69.84",
            "revenue": 61511
        },
        "2007-08": {
            "month": "2007-08",
            "price": "63.10",
            "revenue": 70773
        },
        "2007-09": {
            "month": "2007-09",
            "price": "65.57",
            "revenue": 73012
        },
        "2007-10": {
            "month": "2007-10",
            "price": "64.19",
            "revenue": 81748
        },
        "2007-11": {
            "month": "2007-11",
            "price": "65.58",
            "revenue": 85244
        },
        "2007-12": {
            "month": "2007-12",
            "price": "61.95",
            "revenue": 80044
        },
        "2008-01": {
            "month": "2008-01",
            "price": "62.06",
            "revenue": 80023
        },
        "2008-02": {
            "month": "2008-02",
            "price": "62.04",
            "revenue": 63031
        },
        "2008-03": {
            "month": "2008-03",
            "price": "87.12",
            "revenue": 83468
        },
        "2008-04": {
            "month": "2008-04",
            "price": "117.04",
            "revenue": 83298
        },
        "2008-05": {
            "month": "2008-05",
            "price": "130.38",
            "revenue": 84009
        },
        "2008-06": {
            "month": "2008-06",
            "price": "113.08",
            "revenue": 78475
        },
        "2008-07": {
            "month": "2008-07",
            "price": "95.85",
            "revenue": 80107
        },
        "2008-08": {
            "month": "2008-08",
            "price": "86.80",
            "revenue": 84092
        },
        "2008-09": {
            "month": "2008-09",
            "price": "74.79",
            "revenue": 83754
        },
        "2008-10": {
            "month": "2008-10",
            "price": "58.41",
            "revenue": 82069
        },
        "2008-11": {
            "month": "2008-11",
            "price": "52.32",
            "revenue": 77934
        },
        "2008-12": {
            "month": "2008-12",
            "price": "49.40",
            "revenue": 47356
        },
        "2009-01": {
            "month": "2009-01",
            "price": "48.73",
            "revenue": 31086
        },
        "2009-02": {
            "month": "2009-02",
            "price": "48.97",
            "revenue": 55385
        },
        "2009-03": {
            "month": "2009-03",
            "price": "64.51",
            "revenue": 81329
        },
        "2009-04": {
            "month": "2009-04",
            "price": "74.50",
            "revenue": 87220
        },
        "2009-05": {
            "month": "2009-05",
            "price": "81.18",
            "revenue": 89260
        },
        "2009-06": {
            "month": "2009-06",
            "price": "86.01",
            "revenue": 89313
        },
        "2009-07": {
            "month": "2009-07",
            "price": "90.46",
            "revenue": 91837
        },
        "2009-08": {
            "month": "2009-08",
            "price": "99.36",
            "revenue": 100032
        },
        "2009-09": {
            "month": "2009-09",
            "price": "120.84",
            "revenue": 106026
        },
        "2009-10": {
            "month": "2009-10",
            "price": "120.27",
            "revenue": 110843
        },
        "2009-11": {
            "month": "2009-11",
            "price": "128.67",
            "revenue": 115299
        },
        "2009-12": {
            "month": "2009-12",
            "price": "148.48",
            "revenue": 107475
        },
        "2010-01": {
            "month": "2010-01",
            "price": "164.25",
            "revenue": 118636
        },
        "2010-02": {
            "month": "2010-02",
            "price": "172.39",
            "revenue": 105382
        },
        "2010-03": {
            "month": "2010-03",
            "price": "210.52",
            "revenue": 130022
        },
        "2010-04": {
            "month": "2010-04",
            "price": "221.83",
            "revenue": 140903
        },
        "2010-05": {
            "month": "2010-05",
            "price": "203.74",
            "revenue": 150504
        },
        "2010-06": {
            "month": "2010-06",
            "price": "220.10",
            "revenue": 150550
        },
        "2010-07": {
            "month": "2010-07",
            "price": "244.89",
            "revenue": 140246
        },
        "2010-08": {
            "month": "2010-08",
            "price": "233.61",
            "revenue": 140431
        },
        "2010-09": {
            "month": "2010-09",
            "price": "217.57",
            "revenue": 120292
        },
        "2010-10": {
            "month": "2010-10",
            "price": "173.24",
            "revenue": 105140
        },
        "2010-11": {
            "month": "2010-11",
            "price": "157.55",
            "revenue": 80081
        },
        "2010-12": {
            "month": "2010-12",
            "price": "144.26",
            "revenue": 80211
        },
        "2011-01": {
            "month": "2011-01",
            "price": "126.18",
            "revenue": 80822
        },
        "2011-02": {
            "month": "2011-02",
            "price": "115.68",
            "revenue": 71045
        },
        "2011-03": {
            "month": "2011-03",
            "price": "138.52",
            "revenue": 98345
        },
        "2011-04": {
            "month": "2011-04",
            "price": "138.37",
            "revenue": 107233
        },
        "2011-05": {
            "month": "2011-05",
            "price": "140.60",
            "revenue": 115024
        },
        "2011-06": {
            "month": "2011-06",
            "price": "135.24",
            "revenue": 105007
        },
        "2011-07": {
            "month": "2011-07",
            "price": "109.80",
            "revenue": 101121
        },
        "2011-08": {
            "month": "2011-08",
            "price": "84.59",
            "revenue": 86053
        },
        "2011-09": {
            "month": "2011-09",
            "price": "84.10",
            "revenue": 76077
        },
        "2011-10": {
            "month": "2011-10",
            "price": "84.07",
            "revenue": 72172
        },
        "2011-11": {
            "month": "2011-11",
            "price": "79.54",
            "revenue": 76168
        },
        "2011-12": {
            "month": "2011-12",
            "price": "65.27",
            "revenue": 76346
        },
        "2012-01": {
            "month": "2012-01",
            "price": "66.26",
            "revenue": 76403
        },
        "2012-02": {
            "month": "2012-02",
            "price": "88.80",
            "revenue": 78375
        },
        "2012-03": {
            "month": "2012-03",
            "price": "99.01",
            "revenue": 89230
        },
        "2012-04": {
            "month": "2012-04",
            "price": "81.24",
            "revenue": 105458
        },
        "2012-05": {
            "month": "2012-05",
            "price": "83.48",
            "revenue": 110933
        },
        "2012-06": {
            "month": "2012-06",
            "price": "84.49",
            "revenue": 100330
        },
        "2012-07": {
            "month": "2012-07",
            "price": "82.19",
            "revenue": 92452
        },
        "2012-08": {
            "month": "2012-08",
            "price": "86.65",
            "revenue": 92514
        },
        "2012-09": {
            "month": "2012-09",
            "price": "87.84",
            "revenue": 90108
        },
        "2012-10": {
            "month": "2012-10",
            "price": "81.11",
            "revenue": 92331
        },
        "2012-11": {
            "month": "2012-11",
            "price": "79.21",
            "revenue": 92537
        },
        "2012-12": {
            "month": "2012-12",
            "price": "79.74",
            "revenue": 93552
        },
        "2013-01": {
            "month": "2013-01",
            "price": "79.50",
            "revenue": 95169
        },
        "2013-02": {
            "month": "2013-02",
            "price": "80.84",
            "revenue": 88100
        },
        "2013-03": {
            "month": "2013-03",
            "price": "84.93",
            "revenue": 104025
        },
        "2013-04": {
            "month": "2013-04",
            "price": "85.74",
            "revenue": 110136
        },
        "2013-05": {
            "month": "2013-05",
            "price": "91.15",
            "revenue": 120027
        },
        "2013-06": {
            "month": "2013-06",
            "price": "94.55",
            "revenue": 125043
        },
        "2013-07": {
            "month": "2013-07",
            "price": "97.74",
            "revenue": 120374
        },
        "2013-08": {
            "month": "2013-08",
            "price": "101.15",
            "revenue": 120489
        },
        "2013-09": {
            "month": "2013-09",
            "price": "129.80",
            "revenue": 110005
        },
        "2013-10": {
            "month": "2013-10",
            "price": "129.00",
            "revenue": 100027
        },
        "2013-11": {
            "month": "2013-11",
            "price": "140.90",
            "revenue": 100053
        },
        "2013-12": {
            "month": "2013-12",
            "price": "157.25",
            "revenue": 97008
        },
        "2014-01": {
            "month": "2014-01",
            "price": "151.08",
            "revenue": 95027
        },
        "2014-02": {
            "month": "2014-02",
            "price": "143.85",
            "revenue": 95061
        },
        "2014-03": {
            "month": "2014-03",
            "price": "152.10",
            "revenue": 98524
        },
        "2014-04": {
            "month": "2014-04",
            "price": "150.02",
            "revenue": 105189
        },
        "2014-05": {
            "month": "2014-05",
            "price": "147.38",
            "revenue": 107170
        },
        "2014-06": {
            "month": "2014-06",
            "price": "148.72",
            "revenue": 107523
        },
        "2014-07": {
            "month": "2014-07",
            "price": "147.39",
            "revenue": 110269
        },
        "2014-08": {
            "month": "2014-08",
            "price": "134.52",
            "revenue": 112165
        },
        "2014-09": {
            "month": "2014-09",
            "price": "128.33",
            "revenue": 113123
        },
        "2014-10": {
            "month": "2014-10",
            "price": "120.25",
            "revenue": 114575
        },
        "2014-11": {
            "month": "2014-11",
            "price": "127.00",
            "revenue": 114773
        },
        "2014-12": {
            "month": "2014-12",
            "price": "128.19",
            "revenue": 114150
        },
        "2015-01": {
            "month": "2015-01",
            "price": "145.62",
            "revenue": 122224
        },
        "2015-02": {
            "month": "2015-02",
            "price": "148.04",
            "revenue": 104070
        },
        "2015-03": {
            "month": "2015-03",
            "price": "152.95",
            "revenue": 125710
        },
        "2015-04": {
            "month": "2015-04",
            "price": "148.40",
            "revenue": 135638
        },
        "2015-05": {
            "month": "2015-05",
            "price": "173.75",
            "revenue": 138313
        },
        "2015-06": {
            "month": "2015-06",
            "price": "242.38",
            "revenue": 146313
        },
        "2015-07": {
            "month": "2015-07",
            "price": "229.70",
            "revenue": 155488
        },
        "2015-08": {
            "month": "2015-08",
            "price": "190.57",
            "revenue": 159683
        },
        "2015-09": {
            "month": "2015-09",
            "price": "213.15",
            "revenue": 166436
        },
        "2015-10": {
            "month": "2015-10",
            "price": "212.12",
            "revenue": 170947
        },
        "2015-11": {
            "month": "2015-11",
            "price": "211.98",
            "revenue": 171003
        },
        "2015-12": {
            "month": "2015-12",
            "price": "223.04",
            "revenue": 165398
        },
        "2016-01": {
            "month": "2016-01",
            "price": "185.55",
            "revenue": 165439
        },
        "2016-02": {
            "month": "2016-02",
            "price": "191.27",
            "revenue": 125046
        },
        "2016-03": {
            "month": "2016-03",
            "price": "184.07",
            "revenue": 140146
        },
        "2016-04": {
            "month": "2016-04",
            "price": "174.45",
            "revenue": 142007
        },
        "2016-05": {
            "month": "2016-05",
            "price": "162.29",
            "revenue": 150128
        },
        "2016-06": {
            "month": "2016-06",
            "price": "167.69",
            "revenue": 156213
        },
        "2016-07": {
            "month": "2016-07",
            "price": "177.05",
            "revenue": 170195
        },
        "2016-08": {
            "month": "2016-08",
            "price": "187.59",
            "revenue": 172139
        },
        "2016-09": {
            "month": "2016-09",
            "price": "210.92",
            "revenue": 172278
        },
        "2016-10": {
            "month": "2016-10",
            "price": "222.25",
            "revenue": 172853
        },
        "2016-11": {
            "month": "2016-11",
            "price": "243.77",
            "revenue": 173660
        },
        "2016-12": {
            "month": "2016-12",
            "price": "234.20",
            "revenue": 169367
        },
        "2017-01": {
            "month": "2017-01",
            "price": "262.84",
            "revenue": 166011
        },
        "2017-02": {
            "month": "2017-02",
            "price": "286.69",
            "revenue": 158021
        },
        "2017-03": {
            "month": "2017-03",
            "price": "315.17",
            "revenue": 165070
        },
        "2017-04": {
            "month": "2017-04",
            "price": "316.53",
            "revenue": 166077
        },
        "2017-05": {
            "month": "2017-05",
            "price": "313.20",
            "revenue": 168010
        },
        "2017-06": {
            "month": "2017-06",
            "price": "349.09",
            "revenue": 169058
        },
        "2017-07": {
            "month": "2017-07",
            "price": "365.57",
            "revenue": 171008
        },
        "2017-08": {
            "month": "2017-08",
            "price": "392.78",
            "revenue": 170079
        },
        "2017-09": {
            "month": "2017-09",
            "price": "420.16",
            "revenue": 165012
        },
        "2017-10": {
            "month": "2017-10",
            "price": "367.76",
            "revenue": 160133
        },
        "2017-11": {
            "month": "2017-11",
            "price": "351.48",
            "revenue": 160006
        },
        "2017-12": {
            "month": "2017-12",
            "price": "379.33",
            "revenue": 145005
        },
        "2018-01": {
            "month": "2018-01",
            "price": "386.25",
            "revenue": 135004
        },
        "2018-02": {
            "month": "2018-02",
            "price": "348.69",
            "revenue": 110253
        },
        "2018-03": {
            "month": "2018-03",
            "price": "308.28",
            "revenue": 145014
        },
        "2018-04": {
            "month": "2018-04",
            "price": "261.64",
            "revenue": 150029
        },
        "2018-05": {
            "month": "2018-05",
            "price": "255.52",
            "revenue": 152002
        },
        "2018-06": {
            "month": "2018-06",
            "price": "267.72",
            "revenue": 155007
        },
        "2018-07": {
            "month": "2018-07",
            "price": "262.57",
            "revenue": 157102
        },
        "2018-08": {
            "month": "2018-08",
            "price": "255.85",
            "revenue": 157304
        },
        "2018-09": {
            "month": "2018-09",
            "price": "224.71",
            "revenue": 158015
        },
        "2018-10": {
            "month": "2018-10",
            "price": "200.66",
            "revenue": 161015
        },
        "2018-11": {
            "month": "2018-11",
            "price": "188.77",
            "revenue": 163055
        },
        "2018-12": {
            "month": "2018-12",
            "price": "234.83",
            "revenue": 160508
        },
        "2019-01": {
            "month": "2019-01",
            "price": "247.60",
            "revenue": 155689
        },
        "2019-02": {
            "month": "2019-02",
            "price": "256.42",
            "revenue": 120161
        },
        "2019-03": {
            "month": "2019-03",
            "price": "250.50",
            "revenue": 150001
        },
        "2019-04": {
            "month": "2019-04",
            "price": "267.82",
            "revenue": 150033
        },
        "2019-05": {
            "month": "2019-05",
            "price": "241.14",
            "revenue": 141525
        },
        "2019-06": {
            "month": "2019-06",
            "price": "215.05",
            "revenue": 138007
        },
        "2019-07": {
            "month": "2019-07",
            "price": "236.43",
            "revenue": 138073
        },
        "2019-08": {
            "month": "2019-08",
            "price": "220.17",
            "revenue": 138084
        },
        "2019-09": {
            "month": "2019-09",
            "price": "259.00",
            "revenue": 138904
        },
        "2019-10": {
            "month": "2019-10",
            "price": "265.31",
            "revenue": 141014
        },
        "2019-11": {
            "month": "2019-11",
            "price": "255.43",
            "revenue": 145117
        },
        "2019-12": {
            "month": "2019-12",
            "price": "317.82",
            "revenue": 151016
        },
        "2020-01": {
            "month": "2020-01",
            "price": "329.40",
            "revenue": 156012
        },
        "2020-02": {
            "month": "2020-02",
            "price": "320.37",
            "revenue": 160055
        },
        "2020-03": {
            "month": "2020-03",
            "price": "261.41",
            "revenue": 165032
        },
        "2020-04": {
            "month": "2020-04",
            "price": "286.45",
            "revenue": 170003
        },
        "2020-05": {
            "month": "2020-05",
            "price": "308.80",
            "revenue": 173810
        },
        "2020-06": {
            "month": "2020-06",
            "price": "364.42",
            "revenue": 176973
        },
        "2020-07": {
            "month": "2020-07",
            "price": "406.87",
            "revenue": 180088
        },
        "2020-08": {
            "month": "2020-08",
            "price": "373.60",
            "revenue": 185062
        },
        "2020-09": {
            "month": "2020-09",
            "price": "393.36",
            "revenue": 190085
        },
        "2020-10": {
            "month": "2020-10",
            "price": "385.26",
            "revenue": 195032
        },
        "2020-11": {
            "month": "2020-11",
            "price": "407.76",
            "revenue": 208905
        },
        "2020-12": {
            "month": "2020-12",
            "price": "487.46",
            "revenue": 231595
        },
        "2021-01": {
            "month": "2021-01",
            "price": "477.80",
            "revenue": 250004
        },
        "2021-02": {
            "month": "2021-02",
            "price": "483.85",
            "revenue": 230304
        },
        "2021-03": {
            "month": "2021-03",
            "price": "556.95",
            "revenue": 265151
        },
        "2021-04": {
            "month": "2021-04",
            "price": "541.63",
            "revenue": 280227
        },
        "2021-05": {
            "month": "2021-05",
            "price": "459.95",
            "revenue": 285036
        },
        "2021-06": {
            "month": "2021-06",
            "price": "501.98",
            "revenue": 286035
        },
        "2021-07": {
            "month": "2021-07",
            "price": "481.80",
            "revenue": 286106
        },
        "2021-08": {
            "month": "2021-08",
            "price": "452.14",
            "revenue": 250157
        },
        "2021-09": {
            "month": "2021-09",
            "price": "365.20",
            "revenue": 202120
        },
        "2021-10": {
            "month": "2021-10",
            "price": "336.78",
            "revenue": 196024
        },
        "2021-11": {
            "month": "2021-11",
            "price": "366.30",
            "revenue": 170003
        },
        "2021-12": {
            "month": "2021-12",
            "price": "345.09",
            "revenue": 145136
        },
        "2022-01": {
            "month": "2022-01",
            "price": "326.61",
            "revenue": 146473
        },
        "2022-02": {
            "month": "2022-02",
            "price": "296.23",
            "revenue": 118059
        },
        "2022-03": {
            "month": "2022-03",
            "price": "271.00",
            "revenue": 140089
        },
        "2022-04": {
            "month": "2022-04",
            "price": "255.71",
            "revenue": 134064
        },
        "2022-05": {
            "month": "2022-05",
            "price": "228.90",
            "revenue": 130235
        },
        "2022-06": {
            "month": "2022-06",
            "price": "219.19",
            "revenue": 115011
        },
        "2022-07": {
            "month": "2022-07",
            "price": "180.17",
            "revenue": 107015
        },
        "2022-08": {
            "month": "2022-08",
            "price": "181.70",
            "revenue": 107022
        },
        "2022-09": {
            "month": "2022-09",
            "price": "175.62",
            "revenue": 110106
        },
        "2022-10": {
            "month": "2022-10",
            "price": "155.95",
            "revenue": 120517
        },
        "2022-11": {
            "month": "2022-11",
            "price": "175.32",
            "revenue": 121550
        },
        "2022-12": {
            "month": "2022-12",
            "price": "184.80",
            "revenue": 115142
        },
        "2023-01": {
            "month": "2023-01",
            "price": "186.92",
            "revenue": 100734
        },
        "2023-02": {
            "month": "2023-02",
            "price": "224.78",
            "revenue": 105062
        },
        "2023-03": {
            "month": "2023-03",
            "price": "218.83",
            "revenue": 112208
        },
        "2023-04": {
            "month": "2023-04",
            "price": "227.85",
            "revenue": 113492
        },
        "2023-05": {
            "month": "2023-05",
            "price": "206.75",
            "revenue": 120029
        },
        "2023-06": {
            "month": "2023-06",
            "price": "219.45",
            "revenue": 126168
        },
        "2023-07": {
            "month": "2023-07",
            "price": "214.26",
            "revenue": 128140
        },
        "2023-08": {
            "month": "2023-08",
            "price": "189.50",
            "revenue": 131833
        },
        "2023-09": {
            "month": "2023-09",
            "price": "213.72",
            "revenue": 136062
        },
        "2023-10": {
            "month": "2023-10",
            "price": "207.95",
            "revenue": 137874
        },
        "2023-11": {
            "month": "2023-11",
            "price": "235.20",
            "revenue": 139010
        },
        "2023-12": {
            "month": "2023-12",
            "price": "247.00",
            "revenue": 137583
        }
    }
}
