{
    "summary": {
        "stock_name": "精確",
        "stock_id": "3162",
        "category": "電機機械",
        "main_business": "鎔煉.鑄造.擠型.鍛造.CNC精密加工及裝配等生產及製造<br>汽車零配件.電工零配件.機車零配件.自行車零配件.電腦零配件製造",
        "website_url": "http://www.al-alloy.com.tw",
        "ceo": "胡白莎",
        "pe_ratio": 38,
        "report_year_from": 2001,
        "report_year_to": 2023,
        "age": 23,
        "eps_negative_percentage": 40,
        "eps_growth_avg": {
            "last_all": -19.34,
            "last_2y": 0,
            "last_4y": 0,
            "last_8y": 0,
            "last_12y": -39.39,
            "last_16y": -26.66,
            "last_20y": null,
            "at_2006_last_3y": null,
            "at_2007_last_3y": null,
            "at_2008_last_3y": 20.16,
            "at_2009_last_3y": -12.28,
            "at_2010_last_3y": -10.74,
            "at_2011_last_3y": -35.5,
            "at_2012_last_3y": -48.33,
            "at_2013_last_3y": -58.07,
            "at_2014_last_3y": -65.66,
            "at_2015_last_3y": -66.67,
            "at_2016_last_3y": -100,
            "at_2017_last_3y": null,
            "at_2018_last_3y": null,
            "at_2019_last_3y": null,
            "at_2020_last_3y": null,
            "at_2021_last_3y": 100,
            "at_2022_last_3y": 0,
            "at_2023_last_3y": 0,
            "at_2024_last_3y": 0,
            "at_2006_last_all": 13.62,
            "at_2007_last_all": 20.87,
            "at_2008_last_all": 20.16,
            "at_2009_last_all": 3.91,
            "at_2010_last_all": -2.62,
            "at_2011_last_all": -11.34,
            "at_2012_last_all": -14.09,
            "at_2013_last_all": -23.63,
            "at_2014_last_all": -23.63,
            "at_2015_last_all": -23.63,
            "at_2016_last_all": -23.63,
            "at_2017_last_all": -23.63,
            "at_2018_last_all": -23.63,
            "at_2019_last_all": -23.63,
            "at_2020_last_all": -23.63,
            "at_2021_last_all": -11.27,
            "at_2022_last_all": -19.34,
            "at_2023_last_all": -19.34,
            "at_2024_last_all": -19.34
        },
        "latest_eps": 1.01,
        "latest_price": 38.1,
        "latest_roe": 5.1,
        "latest_gross_margin": 13.44,
        "latest_equity": 2681713,
        "latest_revenue": 1108087,
        "latest_gross_profit": 148949,
        "latest_net_income": 34221,
        "latest_debt_ratio": 60.05,
        "latest_current_ratio": 101.81,
        "latest_account_receivable_turnover_ratio": 0.67,
        "latest_inventory_turnover_ratio": 1.96,
        "latest_reinvestment_rate": 27199.3,
        "latest_research_to_sale_ratio": 3.95
    },
    "eps_dividends": {
        "2001": {
            "cash": 0,
            "stock": 0,
            "eps": 0
        },
        "2002": {
            "cash": 0,
            "stock": 0,
            "eps": 0
        },
        "2003": {
            "cash": 0.15,
            "stock": 0.44,
            "eps": 0
        },
        "2004": {
            "cash": 0,
            "stock": 1.06,
            "eps": 0.83
        },
        "2005": {
            "cash": 0,
            "stock": 1.21,
            "eps": 1.4
        },
        "2006": {
            "cash": 0,
            "stock": 1.16,
            "eps": 0.82
        },
        "2007": {
            "cash": 0,
            "stock": 1.15,
            "eps": 1.11
        },
        "2008": {
            "cash": 0,
            "stock": 1.03,
            "eps": 1.31
        },
        "2009": {
            "cash": 0.3,
            "stock": 1.02,
            "eps": 0.51
        },
        "2010": {
            "cash": 0.36,
            "stock": 0.2,
            "eps": 0.33
        },
        "2011": {
            "cash": 0.22,
            "stock": 0.28,
            "eps": 0.12
        },
        "2012": {
            "cash": 0.16,
            "stock": 0,
            "eps": 0.08
        },
        "2013": {
            "cash": 0.06,
            "stock": 0,
            "eps": -1.15
        },
        "2014": {
            "cash": 0,
            "stock": 0,
            "eps": -0.37
        },
        "2015": {
            "cash": 0,
            "stock": 0,
            "eps": -0.16
        },
        "2016": {
            "cash": 0,
            "stock": 0,
            "eps": -3.31
        },
        "2017": {
            "cash": 0,
            "stock": 0,
            "eps": -1.39
        },
        "2018": {
            "cash": 0,
            "stock": 0,
            "eps": -0.51
        },
        "2019": {
            "cash": 0,
            "stock": 0,
            "eps": -0.62
        },
        "2020": {
            "cash": 0,
            "stock": 0,
            "eps": 0.07
        },
        "2021": {
            "cash": 0,
            "stock": 0,
            "eps": 0.9
        },
        "2022": {
            "cash": 0,
            "stock": 0,
            "eps": -1.9
        },
        "2023": {
            "cash": 0,
            "stock": 0,
            "eps": 1.01
        }
    },
    "dividends": {
        "2003-06-23": {
            "cash": 0.15,
            "stock": 0.44
        },
        "2004-03-26": {
            "cash": 0,
            "stock": 1.06
        },
        "2005-03-29": {
            "cash": 0,
            "stock": 1.21
        },
        "2006-03-17": {
            "cash": 0,
            "stock": 1.16
        },
        "2007-03-23": {
            "cash": 0,
            "stock": 1.15
        },
        "2008-03-07": {
            "cash": 0,
            "stock": 1.03
        },
        "2009-03-30": {
            "cash": 0.3,
            "stock": 1.02
        },
        "2010-03-22": {
            "cash": 0.36,
            "stock": 0.2
        },
        "2011-03-19": {
            "cash": 0.22,
            "stock": 0.28
        },
        "2012-03-12": {
            "cash": 0.16,
            "stock": 0
        },
        "2013-06-19": {
            "cash": 0.06,
            "stock": 0
        }
    },
    "prices": {
        "200101": "無",
        "200102": "無",
        "200103": "無",
        "200104": "無",
        "200105": "無",
        "200106": "無",
        "200107": "無",
        "200108": "無",
        "200109": "無",
        "200110": "無",
        "200111": "無",
        "200112": "無",
        "200201": "無",
        "200202": "無",
        "200203": "無",
        "200204": "無",
        "200205": "無",
        "200206": "無",
        "200207": "無",
        "200208": "無",
        "200209": "無",
        "200210": "無",
        "200211": "無",
        "200212": "無",
        "200301": "無",
        "200302": "無",
        "200303": "無",
        "200304": "無",
        "200305": "無",
        "200306": "無",
        "200307": "無",
        "200308": "無",
        "200309": "無",
        "200310": "無",
        "200311": "無",
        "200312": "無",
        "200401": "無",
        "200402": "12.36",
        "200403": "14.23",
        "200404": "14.98",
        "200405": "14.97",
        "200406": "14.97",
        "200407": "14.97",
        "200408": "14.30",
        "200409": "13.98",
        "200410": "11.53",
        "200411": "11.28",
        "200412": "11.28",
        "200501": "11.32",
        "200502": "10.99",
        "200503": "11.37",
        "200504": "12.29",
        "200505": "14.17",
        "200506": "14.33",
        "200507": "13.29",
        "200508": "18.01",
        "200509": "19.16",
        "200510": "14.54",
        "200511": "15.99",
        "200512": "17.70",
        "200601": "16.82",
        "200602": "17.32",
        "200603": "16.63",
        "200604": "16.17",
        "200605": "17.01",
        "200606": "16.22",
        "200607": "15.69",
        "200608": "16.08",
        "200609": "16.63",
        "200610": "15.60",
        "200611": "14.18",
        "200612": "14.44",
        "200701": "14.29",
        "200702": "14.31",
        "200703": "14.33",
        "200704": "14.86",
        "200705": "14.78",
        "200706": "17.33",
        "200707": "20.50",
        "200708": "16.09",
        "200709": "15.34",
        "200710": "15.14",
        "200711": "13.91",
        "200712": "12.59",
        "200801": "13.93",
        "200802": "16.18",
        "200803": "16.15",
        "200804": "16.05",
        "200805": "15.93",
        "200806": "16.66",
        "200807": "14.64",
        "200808": "14.12",
        "200809": "11.86",
        "200810": "10.81",
        "200811": "11.37",
        "200812": "10.30",
        "200901": "9.99",
        "200902": "9.41",
        "200903": "9.71",
        "200904": "11.17",
        "200905": "11.39",
        "200906": "11.36",
        "200907": "12.31",
        "200908": "12.18",
        "200909": "11.62",
        "200910": "11.96",
        "200911": "12.46",
        "200912": "13.20",
        "201001": "18.14",
        "201002": "14.80",
        "201003": "16.42",
        "201004": "16.58",
        "201005": "14.33",
        "201006": "13.41",
        "201007": "14.10",
        "201008": "14.60",
        "201009": "14.81",
        "201010": "13.85",
        "201011": "12.76",
        "201012": "12.83",
        "201101": "12.54",
        "201102": "11.84",
        "201103": "11.63",
        "201104": "11.64",
        "201105": "11.35",
        "201106": "10.87",
        "201107": "10.25",
        "201108": "10.01",
        "201109": "10.37",
        "201110": "9.50",
        "201111": "9.49",
        "201112": "8.45",
        "201201": "7.95",
        "201202": "8.91",
        "201203": "9.06",
        "201204": "8.33",
        "201205": "7.56",
        "201206": "8.38",
        "201207": "9.11",
        "201208": "9.88",
        "201209": "10.89",
        "201210": "11.05",
        "201211": "10.04",
        "201212": "10.14",
        "201301": "9.66",
        "201302": "9.09",
        "201303": "8.53",
        "201304": "8.74",
        "201305": "8.85",
        "201306": "8.62",
        "201307": "8.55",
        "201308": "8.60",
        "201309": "8.38",
        "201310": "8.06",
        "201311": "7.41",
        "201312": "7.22",
        "201401": "8.24",
        "201402": "8.80",
        "201403": "8.67",
        "201404": "8.65",
        "201405": "8.14",
        "201406": "7.97",
        "201407": "7.83",
        "201408": "7.81",
        "201409": "8.67",
        "201410": "8.24",
        "201411": "8.42",
        "201412": "8.50",
        "201501": "8.34",
        "201502": "7.95",
        "201503": "8.75",
        "201504": "8.70",
        "201505": "8.18",
        "201506": "8.09",
        "201507": "7.59",
        "201508": "6.50",
        "201509": "6.13",
        "201510": "6.18",
        "201511": "6.09",
        "201512": "5.73",
        "201601": "5.34",
        "201602": "5.38",
        "201603": "5.89",
        "201604": "5.73",
        "201605": "5.33",
        "201606": "5.32",
        "201607": "5.94",
        "201608": "6.15",
        "201609": "6.60",
        "201610": "7.15",
        "201611": "6.77",
        "201612": "6.42",
        "201701": "6.15",
        "201702": "6.11",
        "201703": "6.68",
        "201704": "6.62",
        "201705": "16.04",
        "201706": "19.22",
        "201707": "16.16",
        "201708": "20.25",
        "201709": "32.36",
        "201710": "31.42",
        "201711": "33.43",
        "201712": "37.42",
        "201801": "35.35",
        "201802": "27.35",
        "201803": "27.31",
        "201804": "24.23",
        "201805": "24.98",
        "201806": "25.40",
        "201807": "28.85",
        "201808": "28.08",
        "201809": "25.27",
        "201810": "24.58",
        "201811": "22.89",
        "201812": "23.26",
        "201901": "22.46",
        "201902": "19.73",
        "201903": "20.07",
        "201904": "19.28",
        "201905": "18.59",
        "201906": "17.98",
        "201907": "16.23",
        "201908": "18.10",
        "201909": "16.37",
        "201910": "14.94",
        "201911": "12.73",
        "201912": "12.26",
        "202001": "11.52",
        "202002": "10.05",
        "202003": "8.18",
        "202004": "7.22",
        "202005": "9.09",
        "202006": "9.25",
        "202007": "10.09",
        "202008": "10.19",
        "202009": "12.65",
        "202010": "18.59",
        "202011": "17.82",
        "202012": "16.85",
        "202101": "17.63",
        "202102": "18.62",
        "202103": "24.64",
        "202104": "26.88",
        "202105": "25.93",
        "202106": "24.99",
        "202107": "47.33",
        "202108": "52.30",
        "202109": "48.36",
        "202110": "45.46",
        "202111": "47.22",
        "202112": "46.49",
        "202201": "47.05",
        "202202": "45.67",
        "202203": "41.97",
        "202204": "39.83",
        "202205": "36.99",
        "202206": "38.90",
        "202207": "43.36",
        "202208": "46.98",
        "202209": "48.46",
        "202210": "42.94",
        "202211": "43.11",
        "202212": "48.98",
        "202301": "48.58",
        "202302": "53.38",
        "202303": "57.65",
        "202304": "54.39",
        "202305": "52.32",
        "202306": "54.12",
        "202307": "49.09",
        "202308": "47.96",
        "202309": "50.18",
        "202310": "48.41",
        "202311": "45.57",
        "202312": "47.29"
    },
    "quarters": {
        "20011": {
            "year_quarter": 20011,
            "year": 2001,
            "quarter": 1,
            "eps": null,
            "eps_growth_year": null,
            "eps_4q": null,
            "eps_4q_growth_year": null,
            "roe": null,
            "roe_4q": 0,
            "gross_profit": null,
            "gross_margin": null,
            "gross_margin_4q_avg": 0,
            "net_income": null,
            "net_income_4q": null,
            "revenue": null,
            "revenue_4q": null,
            "common_shares": null,
            "book_valuer_per_share": null,
            "book_valuer_per_share_4q_avg": 0,
            "equity": null,
            "current_ratio": null,
            "debt_ratio": null,
            "inventory_turnover_ratio": null,
            "account_receivable_turnover_ratio": null,
            "reinvestment_rate": null,
            "research_to_sale_ratio": null,
            "price_fair": 0,
            "eps_avg_yearly": 0,
            "eps_latest_yearly": 0,
            "eps_growth_yearly": 0
        },
        "20012": {
            "year_quarter": 20012,
            "year": 2001,
            "quarter": 2,
            "eps": null,
            "eps_growth_year": null,
            "eps_4q": null,
            "eps_4q_growth_year": null,
            "roe": null,
            "roe_4q": 0,
            "gross_profit": null,
            "gross_margin": null,
            "gross_margin_4q_avg": 0,
            "net_income": null,
            "net_income_4q": null,
            "revenue": null,
            "revenue_4q": null,
            "common_shares": null,
            "book_valuer_per_share": null,
            "book_valuer_per_share_4q_avg": 0,
            "equity": null,
            "current_ratio": null,
            "debt_ratio": null,
            "inventory_turnover_ratio": null,
            "account_receivable_turnover_ratio": null,
            "reinvestment_rate": null,
            "research_to_sale_ratio": null,
            "price_fair": 0,
            "eps_avg_yearly": 0,
            "eps_latest_yearly": 0,
            "eps_growth_yearly": 0
        },
        "20013": {
            "year_quarter": 20013,
            "year": 2001,
            "quarter": 3,
            "eps": null,
            "eps_growth_year": null,
            "eps_4q": null,
            "eps_4q_growth_year": null,
            "roe": null,
            "roe_4q": 0,
            "gross_profit": null,
            "gross_margin": null,
            "gross_margin_4q_avg": 0,
            "net_income": null,
            "net_income_4q": null,
            "revenue": null,
            "revenue_4q": null,
            "common_shares": null,
            "book_valuer_per_share": null,
            "book_valuer_per_share_4q_avg": 0,
            "equity": null,
            "current_ratio": null,
            "debt_ratio": null,
            "inventory_turnover_ratio": null,
            "account_receivable_turnover_ratio": null,
            "reinvestment_rate": null,
            "research_to_sale_ratio": null,
            "price_fair": 0,
            "eps_avg_yearly": 0,
            "eps_latest_yearly": 0,
            "eps_growth_yearly": 0
        },
        "20014": {
            "year_quarter": 20014,
            "year": 2001,
            "quarter": 4,
            "eps": null,
            "eps_growth_year": null,
            "eps_4q": null,
            "eps_4q_growth_year": null,
            "roe": null,
            "roe_4q": 0,
            "gross_profit": null,
            "gross_margin": null,
            "gross_margin_4q_avg": 0,
            "net_income": null,
            "net_income_4q": null,
            "revenue": null,
            "revenue_4q": null,
            "common_shares": 178983,
            "book_valuer_per_share": 10.4,
            "book_valuer_per_share_4q_avg": 2.6,
            "equity": 186228,
            "current_ratio": 81.2,
            "debt_ratio": 59.55,
            "inventory_turnover_ratio": null,
            "account_receivable_turnover_ratio": null,
            "reinvestment_rate": null,
            "research_to_sale_ratio": null,
            "price_fair": 0,
            "eps_avg_yearly": 0,
            "eps_latest_yearly": 0,
            "eps_growth_yearly": 0
        },
        "20021": {
            "year_quarter": 20021,
            "year": 2002,
            "quarter": 1,
            "eps": null,
            "eps_growth_year": null,
            "eps_4q": null,
            "eps_4q_growth_year": null,
            "roe": null,
            "roe_4q": 0,
            "gross_profit": null,
            "gross_margin": null,
            "gross_margin_4q_avg": 0,
            "net_income": null,
            "net_income_4q": null,
            "revenue": null,
            "revenue_4q": null,
            "common_shares": null,
            "book_valuer_per_share": null,
            "book_valuer_per_share_4q_avg": 2.6,
            "equity": null,
            "current_ratio": null,
            "debt_ratio": null,
            "inventory_turnover_ratio": null,
            "account_receivable_turnover_ratio": null,
            "reinvestment_rate": null,
            "research_to_sale_ratio": null,
            "price_fair": 0,
            "eps_avg_yearly": 0,
            "eps_latest_yearly": 0,
            "eps_growth_yearly": 0
        },
        "20022": {
            "year_quarter": 20022,
            "year": 2002,
            "quarter": 2,
            "eps": null,
            "eps_growth_year": null,
            "eps_4q": null,
            "eps_4q_growth_year": null,
            "roe": null,
            "roe_4q": 0,
            "gross_profit": null,
            "gross_margin": null,
            "gross_margin_4q_avg": 0,
            "net_income": null,
            "net_income_4q": null,
            "revenue": null,
            "revenue_4q": null,
            "common_shares": null,
            "book_valuer_per_share": null,
            "book_valuer_per_share_4q_avg": 2.6,
            "equity": null,
            "current_ratio": null,
            "debt_ratio": null,
            "inventory_turnover_ratio": null,
            "account_receivable_turnover_ratio": null,
            "reinvestment_rate": null,
            "research_to_sale_ratio": null,
            "price_fair": 0,
            "eps_avg_yearly": 0,
            "eps_latest_yearly": 0,
            "eps_growth_yearly": 0
        },
        "20023": {
            "year_quarter": 20023,
            "year": 2002,
            "quarter": 3,
            "eps": null,
            "eps_growth_year": null,
            "eps_4q": null,
            "eps_4q_growth_year": null,
            "roe": null,
            "roe_4q": 0,
            "gross_profit": null,
            "gross_margin": null,
            "gross_margin_4q_avg": 0,
            "net_income": null,
            "net_income_4q": null,
            "revenue": null,
            "revenue_4q": null,
            "common_shares": null,
            "book_valuer_per_share": null,
            "book_valuer_per_share_4q_avg": 2.6,
            "equity": null,
            "current_ratio": null,
            "debt_ratio": null,
            "inventory_turnover_ratio": null,
            "account_receivable_turnover_ratio": null,
            "reinvestment_rate": null,
            "research_to_sale_ratio": null,
            "price_fair": 0,
            "eps_avg_yearly": 0,
            "eps_latest_yearly": 0,
            "eps_growth_yearly": 0
        },
        "20024": {
            "year_quarter": 20024,
            "year": 2002,
            "quarter": 4,
            "eps": null,
            "eps_growth_year": null,
            "eps_4q": null,
            "eps_4q_growth_year": null,
            "roe": null,
            "roe_4q": 0,
            "gross_profit": null,
            "gross_margin": null,
            "gross_margin_4q_avg": 0,
            "net_income": null,
            "net_income_4q": null,
            "revenue": null,
            "revenue_4q": null,
            "common_shares": 184860,
            "book_valuer_per_share": 10.78,
            "book_valuer_per_share_4q_avg": 2.7,
            "equity": 199222,
            "current_ratio": 84.34,
            "debt_ratio": 59.61,
            "inventory_turnover_ratio": null,
            "account_receivable_turnover_ratio": null,
            "reinvestment_rate": null,
            "research_to_sale_ratio": null,
            "price_fair": 0,
            "eps_avg_yearly": 0,
            "eps_latest_yearly": 0,
            "eps_growth_yearly": 0
        },
        "20031": {
            "year_quarter": 20031,
            "year": 2003,
            "quarter": 1,
            "eps": null,
            "eps_growth_year": null,
            "eps_4q": null,
            "eps_4q_growth_year": null,
            "roe": null,
            "roe_4q": 0,
            "gross_profit": null,
            "gross_margin": null,
            "gross_margin_4q_avg": 0,
            "net_income": null,
            "net_income_4q": null,
            "revenue": null,
            "revenue_4q": null,
            "common_shares": null,
            "book_valuer_per_share": null,
            "book_valuer_per_share_4q_avg": 2.7,
            "equity": null,
            "current_ratio": null,
            "debt_ratio": null,
            "inventory_turnover_ratio": null,
            "account_receivable_turnover_ratio": null,
            "reinvestment_rate": null,
            "research_to_sale_ratio": null,
            "price_fair": 0,
            "eps_avg_yearly": 0,
            "eps_latest_yearly": 0,
            "eps_growth_yearly": 0
        },
        "20032": {
            "year_quarter": 20032,
            "year": 2003,
            "quarter": 2,
            "eps": null,
            "eps_growth_year": null,
            "eps_4q": null,
            "eps_4q_growth_year": null,
            "roe": null,
            "roe_4q": 0,
            "gross_profit": null,
            "gross_margin": null,
            "gross_margin_4q_avg": 0,
            "net_income": null,
            "net_income_4q": null,
            "revenue": null,
            "revenue_4q": null,
            "common_shares": null,
            "book_valuer_per_share": null,
            "book_valuer_per_share_4q_avg": 2.7,
            "equity": null,
            "current_ratio": null,
            "debt_ratio": null,
            "inventory_turnover_ratio": null,
            "account_receivable_turnover_ratio": null,
            "reinvestment_rate": null,
            "research_to_sale_ratio": null,
            "price_fair": 0,
            "eps_avg_yearly": 0,
            "eps_latest_yearly": 0,
            "eps_growth_yearly": 0
        },
        "20033": {
            "year_quarter": 20033,
            "year": 2003,
            "quarter": 3,
            "eps": null,
            "eps_growth_year": null,
            "eps_4q": null,
            "eps_4q_growth_year": null,
            "roe": null,
            "roe_4q": 0,
            "gross_profit": null,
            "gross_margin": null,
            "gross_margin_4q_avg": 0,
            "net_income": null,
            "net_income_4q": null,
            "revenue": null,
            "revenue_4q": null,
            "common_shares": null,
            "book_valuer_per_share": null,
            "book_valuer_per_share_4q_avg": 2.7,
            "equity": null,
            "current_ratio": null,
            "debt_ratio": null,
            "inventory_turnover_ratio": null,
            "account_receivable_turnover_ratio": null,
            "reinvestment_rate": null,
            "research_to_sale_ratio": null,
            "price_fair": 0,
            "eps_avg_yearly": 0,
            "eps_latest_yearly": 0,
            "eps_growth_yearly": 0
        },
        "20034": {
            "year_quarter": 20034,
            "year": 2003,
            "quarter": 4,
            "eps": null,
            "eps_growth_year": null,
            "eps_4q": null,
            "eps_4q_growth_year": null,
            "roe": null,
            "roe_4q": 0,
            "gross_profit": null,
            "gross_margin": null,
            "gross_margin_4q_avg": 0,
            "net_income": null,
            "net_income_4q": null,
            "revenue": null,
            "revenue_4q": null,
            "common_shares": 193000,
            "book_valuer_per_share": 11.33,
            "book_valuer_per_share_4q_avg": 2.83,
            "equity": 218575,
            "current_ratio": 90.76,
            "debt_ratio": 60.28,
            "inventory_turnover_ratio": null,
            "account_receivable_turnover_ratio": null,
            "reinvestment_rate": null,
            "research_to_sale_ratio": null,
            "price_fair": 0,
            "eps_avg_yearly": 0,
            "eps_latest_yearly": 0,
            "eps_growth_yearly": 0
        },
        "20041": {
            "year_quarter": 20041,
            "year": 2004,
            "quarter": 1,
            "eps": null,
            "eps_growth_year": null,
            "eps_4q": null,
            "eps_4q_growth_year": null,
            "roe": null,
            "roe_4q": 0,
            "gross_profit": null,
            "gross_margin": null,
            "gross_margin_4q_avg": 0,
            "net_income": null,
            "net_income_4q": null,
            "revenue": null,
            "revenue_4q": null,
            "common_shares": null,
            "book_valuer_per_share": null,
            "book_valuer_per_share_4q_avg": 2.83,
            "equity": null,
            "current_ratio": null,
            "debt_ratio": null,
            "inventory_turnover_ratio": null,
            "account_receivable_turnover_ratio": null,
            "reinvestment_rate": null,
            "research_to_sale_ratio": null,
            "price_fair": 0,
            "eps_avg_yearly": 0,
            "eps_latest_yearly": 0,
            "eps_growth_yearly": 0
        },
        "20042": {
            "year_quarter": 20042,
            "year": 2004,
            "quarter": 2,
            "eps": null,
            "eps_growth_year": null,
            "eps_4q": null,
            "eps_4q_growth_year": null,
            "roe": null,
            "roe_4q": 0,
            "gross_profit": null,
            "gross_margin": null,
            "gross_margin_4q_avg": 0,
            "net_income": null,
            "net_income_4q": null,
            "revenue": null,
            "revenue_4q": null,
            "common_shares": null,
            "book_valuer_per_share": null,
            "book_valuer_per_share_4q_avg": 2.83,
            "equity": null,
            "current_ratio": null,
            "debt_ratio": null,
            "inventory_turnover_ratio": null,
            "account_receivable_turnover_ratio": null,
            "reinvestment_rate": null,
            "research_to_sale_ratio": null,
            "price_fair": 0,
            "eps_avg_yearly": 0,
            "eps_latest_yearly": 0,
            "eps_growth_yearly": 0
        },
        "20043": {
            "year_quarter": 20043,
            "year": 2004,
            "quarter": 3,
            "eps": 0.37,
            "eps_growth_year": null,
            "eps_4q": null,
            "eps_4q_growth_year": null,
            "roe": 3.3,
            "roe_4q": 3.3,
            "gross_profit": 21186,
            "gross_margin": 18.82,
            "gross_margin_4q_avg": 4.71,
            "net_income": 7869,
            "net_income_4q": null,
            "revenue": 112557,
            "revenue_4q": null,
            "common_shares": 213931,
            "book_valuer_per_share": 11.14,
            "book_valuer_per_share_4q_avg": 5.62,
            "equity": 238356,
            "current_ratio": 124.98,
            "debt_ratio": 52.57,
            "inventory_turnover_ratio": 1.46,
            "account_receivable_turnover_ratio": null,
            "reinvestment_rate": null,
            "research_to_sale_ratio": null,
            "price_fair": 0,
            "eps_avg_yearly": 0,
            "eps_latest_yearly": 0,
            "eps_growth_yearly": 0
        },
        "20044": {
            "year_quarter": 20044,
            "year": 2004,
            "quarter": 4,
            "eps": 0.46,
            "eps_growth_year": null,
            "eps_4q": null,
            "eps_4q_growth_year": null,
            "roe": 4.05,
            "roe_4q": 7.35,
            "gross_profit": 23511,
            "gross_margin": 17.07,
            "gross_margin_4q_avg": 8.97,
            "net_income": 9792,
            "net_income_4q": null,
            "revenue": 137737,
            "revenue_4q": null,
            "common_shares": 213931,
            "book_valuer_per_share": 11.47,
            "book_valuer_per_share_4q_avg": 5.65,
            "equity": 245421,
            "current_ratio": 98.89,
            "debt_ratio": 55.42,
            "inventory_turnover_ratio": 1.54,
            "account_receivable_turnover_ratio": null,
            "reinvestment_rate": null,
            "research_to_sale_ratio": null,
            "price_fair": 64.4,
            "eps_avg_yearly": 1.84,
            "eps_latest_yearly": 1.84,
            "eps_growth_yearly": 97.3
        },
        "20051": {
            "year_quarter": 20051,
            "year": 2005,
            "quarter": 1,
            "eps": 0.38,
            "eps_growth_year": null,
            "eps_4q": null,
            "eps_4q_growth_year": null,
            "roe": 3.27,
            "roe_4q": 10.620000000000001,
            "gross_profit": 23325,
            "gross_margin": 17.91,
            "gross_margin_4q_avg": 13.45,
            "net_income": 8159,
            "net_income_4q": null,
            "revenue": 130206,
            "revenue_4q": null,
            "common_shares": 213931,
            "book_valuer_per_share": 11.84,
            "book_valuer_per_share_4q_avg": 8.61,
            "equity": 253348,
            "current_ratio": 126.12,
            "debt_ratio": 51.35,
            "inventory_turnover_ratio": 1.47,
            "account_receivable_turnover_ratio": null,
            "reinvestment_rate": null,
            "research_to_sale_ratio": null,
            "price_fair": 40.09,
            "eps_avg_yearly": 1.68,
            "eps_latest_yearly": 1.52,
            "eps_growth_yearly": 13.87
        },
        "20052": {
            "year_quarter": 20052,
            "year": 2005,
            "quarter": 2,
            "eps": 0.39,
            "eps_growth_year": null,
            "eps_4q": 1.47,
            "eps_4q_growth_year": null,
            "roe": 3.61,
            "roe_4q": 14.23,
            "gross_profit": 31397,
            "gross_margin": 24.95,
            "gross_margin_4q_avg": 19.69,
            "net_income": 9295,
            "net_income_4q": null,
            "revenue": 125846,
            "revenue_4q": null,
            "common_shares": 213931,
            "book_valuer_per_share": 12.24,
            "book_valuer_per_share_4q_avg": 11.67,
            "equity": 261864,
            "current_ratio": 130.33,
            "debt_ratio": 49.03,
            "inventory_turnover_ratio": 1.66,
            "account_receivable_turnover_ratio": null,
            "reinvestment_rate": null,
            "research_to_sale_ratio": null,
            "price_fair": 37.31,
            "eps_avg_yearly": 1.64,
            "eps_latest_yearly": 1.56,
            "eps_growth_yearly": 12.75
        },
        "20053": {
            "year_quarter": 20053,
            "year": 2005,
            "quarter": 3,
            "eps": 0.22,
            "eps_growth_year": -40.54,
            "eps_4q": 1.37,
            "eps_4q_growth_year": null,
            "roe": 1.96,
            "roe_4q": 12.89,
            "gross_profit": 32457,
            "gross_margin": 25.99,
            "gross_margin_4q_avg": 21.48,
            "net_income": 5209,
            "net_income_4q": null,
            "revenue": 124880,
            "revenue_4q": null,
            "common_shares": 240316,
            "book_valuer_per_share": 11.19,
            "book_valuer_per_share_4q_avg": 11.69,
            "equity": 268989,
            "current_ratio": 136.67,
            "debt_ratio": 51.91,
            "inventory_turnover_ratio": 1.54,
            "account_receivable_turnover_ratio": null,
            "reinvestment_rate": null,
            "research_to_sale_ratio": null,
            "price_fair": 4.35,
            "eps_avg_yearly": 1.45,
            "eps_latest_yearly": 0.88,
            "eps_growth_yearly": -34.03
        },
        "20054": {
            "year_quarter": 20054,
            "year": 2005,
            "quarter": 4,
            "eps": 0.41,
            "eps_growth_year": -10.87,
            "eps_4q": 1.34,
            "eps_4q_growth_year": null,
            "roe": 3.64,
            "roe_4q": 12.479999999999999,
            "gross_profit": 19280,
            "gross_margin": 14.22,
            "gross_margin_4q_avg": 20.77,
            "net_income": 9967,
            "net_income_4q": null,
            "revenue": 135614,
            "revenue_4q": null,
            "common_shares": 240316,
            "book_valuer_per_share": 11.62,
            "book_valuer_per_share_4q_avg": 11.72,
            "equity": 279324,
            "current_ratio": 136.85,
            "debt_ratio": 56.4,
            "inventory_turnover_ratio": 1.42,
            "account_receivable_turnover_ratio": null,
            "reinvestment_rate": null,
            "research_to_sale_ratio": null,
            "price_fair": 52.08,
            "eps_avg_yearly": 1.49,
            "eps_latest_yearly": 1.64,
            "eps_growth_yearly": 41.87
        },
        "20061": {
            "year_quarter": 20061,
            "year": 2006,
            "quarter": 1,
            "eps": 0.07,
            "eps_growth_year": -81.58,
            "eps_4q": 1.12,
            "eps_4q_growth_year": null,
            "roe": 0.59,
            "roe_4q": 9.8,
            "gross_profit": 12783,
            "gross_margin": 9.47,
            "gross_margin_4q_avg": 18.66,
            "net_income": 1639,
            "net_income_4q": null,
            "revenue": 134994,
            "revenue_4q": null,
            "common_shares": 240316,
            "book_valuer_per_share": 11.68,
            "book_valuer_per_share_4q_avg": 11.68,
            "equity": 280690,
            "current_ratio": 206.81,
            "debt_ratio": 56.9,
            "inventory_turnover_ratio": 1.45,
            "account_receivable_turnover_ratio": null,
            "reinvestment_rate": null,
            "research_to_sale_ratio": null,
            "price_fair": 3.86,
            "eps_avg_yearly": 1.29,
            "eps_latest_yearly": 0.28,
            "eps_growth_yearly": -20.39
        },
        "20062": {
            "year_quarter": 20062,
            "year": 2006,
            "quarter": 2,
            "eps": 0.2,
            "eps_growth_year": -48.72,
            "eps_4q": 0.91,
            "eps_4q_growth_year": -37.92,
            "roe": 1.66,
            "roe_4q": 7.8500000000000005,
            "gross_profit": 17572,
            "gross_margin": 10.4,
            "gross_margin_4q_avg": 15.02,
            "net_income": 4706,
            "net_income_4q": null,
            "revenue": 168910,
            "revenue_4q": null,
            "common_shares": 240316,
            "book_valuer_per_share": 11.85,
            "book_valuer_per_share_4q_avg": 11.59,
            "equity": 284689,
            "current_ratio": 201.78,
            "debt_ratio": 54.64,
            "inventory_turnover_ratio": 2.27,
            "account_receivable_turnover_ratio": null,
            "reinvestment_rate": null,
            "research_to_sale_ratio": null,
            "price_fair": 42.6,
            "eps_avg_yearly": 1.22,
            "eps_latest_yearly": 0.8,
            "eps_growth_yearly": 88.64
        },
        "20063": {
            "year_quarter": 20063,
            "year": 2006,
            "quarter": 3,
            "eps": 0.48,
            "eps_growth_year": 118.18,
            "eps_4q": 1.09,
            "eps_4q_growth_year": -20.37,
            "roe": 4.39,
            "roe_4q": 10.28,
            "gross_profit": 28465,
            "gross_margin": 15.73,
            "gross_margin_4q_avg": 12.46,
            "net_income": 12805,
            "net_income_4q": null,
            "revenue": 180964,
            "revenue_4q": null,
            "common_shares": 268802,
            "book_valuer_per_share": 11.12,
            "book_valuer_per_share_4q_avg": 11.57,
            "equity": 298778,
            "current_ratio": 163.16,
            "debt_ratio": 55.8,
            "inventory_turnover_ratio": 2.31,
            "account_receivable_turnover_ratio": null,
            "reinvestment_rate": null,
            "research_to_sale_ratio": null,
            "price_fair": 45.68,
            "eps_avg_yearly": 1.31,
            "eps_latest_yearly": 1.92,
            "eps_growth_yearly": 147.56
        },
        "20064": {
            "year_quarter": 20064,
            "year": 2006,
            "quarter": 4,
            "eps": 0.07,
            "eps_growth_year": -82.93,
            "eps_4q": 0.77,
            "eps_4q_growth_year": -42.28,
            "roe": 0.57,
            "roe_4q": 7.21,
            "gross_profit": 4794,
            "gross_margin": 2.68,
            "gross_margin_4q_avg": 9.57,
            "net_income": 1902,
            "net_income_4q": null,
            "revenue": 178676,
            "revenue_4q": null,
            "common_shares": 308802,
            "book_valuer_per_share": 11.86,
            "book_valuer_per_share_4q_avg": 11.63,
            "equity": 366339,
            "current_ratio": 140.94,
            "debt_ratio": 51.34,
            "inventory_turnover_ratio": 1.91,
            "account_receivable_turnover_ratio": null,
            "reinvestment_rate": null,
            "research_to_sale_ratio": null,
            "price_fair": 41.69,
            "eps_avg_yearly": 1.19,
            "eps_latest_yearly": 0.28,
            "eps_growth_yearly": 93.2
        },
        "20071": {
            "year_quarter": 20071,
            "year": 2007,
            "quarter": 1,
            "eps": 0.07,
            "eps_growth_year": 0,
            "eps_4q": 0.66,
            "eps_4q_growth_year": -40.6,
            "roe": 0.62,
            "roe_4q": 7.24,
            "gross_profit": 8139,
            "gross_margin": 5.05,
            "gross_margin_4q_avg": 8.47,
            "net_income": 2294,
            "net_income_4q": null,
            "revenue": 161225,
            "revenue_4q": null,
            "common_shares": 308802,
            "book_valuer_per_share": 12.02,
            "book_valuer_per_share_4q_avg": 11.71,
            "equity": 371134,
            "current_ratio": 193.09,
            "debt_ratio": 46.86,
            "inventory_turnover_ratio": 1.75,
            "account_receivable_turnover_ratio": null,
            "reinvestment_rate": null,
            "research_to_sale_ratio": null,
            "price_fair": 38.5,
            "eps_avg_yearly": 1.1,
            "eps_latest_yearly": 0.28,
            "eps_growth_yearly": 83.88
        },
        "20072": {
            "year_quarter": 20072,
            "year": 2007,
            "quarter": 2,
            "eps": 0.33,
            "eps_growth_year": 65,
            "eps_4q": 0.82,
            "eps_4q_growth_year": -9.82,
            "roe": 3,
            "roe_4q": 8.58,
            "gross_profit": 24594,
            "gross_margin": 15.21,
            "gross_margin_4q_avg": 9.67,
            "net_income": 11339,
            "net_income_4q": null,
            "revenue": 161691,
            "revenue_4q": null,
            "common_shares": 310014,
            "book_valuer_per_share": 12.4,
            "book_valuer_per_share_4q_avg": 11.85,
            "equity": 384366,
            "current_ratio": 204.88,
            "debt_ratio": 46.59,
            "inventory_turnover_ratio": 1.97,
            "account_receivable_turnover_ratio": null,
            "reinvestment_rate": null,
            "research_to_sale_ratio": null,
            "price_fair": 39.2,
            "eps_avg_yearly": 1.12,
            "eps_latest_yearly": 1.32,
            "eps_growth_yearly": 211.32
        },
        "20073": {
            "year_quarter": 20073,
            "year": 2007,
            "quarter": 3,
            "eps": 0.27,
            "eps_growth_year": -43.75,
            "eps_4q": 0.72,
            "eps_4q_growth_year": -33.65,
            "roe": 2.34,
            "roe_4q": 6.53,
            "gross_profit": 28593,
            "gross_margin": 15.73,
            "gross_margin_4q_avg": 9.67,
            "net_income": 9235,
            "net_income_4q": null,
            "revenue": 181783,
            "revenue_4q": null,
            "common_shares": 355922,
            "book_valuer_per_share": 11.41,
            "book_valuer_per_share_4q_avg": 11.92,
            "equity": 406249,
            "current_ratio": 186.76,
            "debt_ratio": 44.93,
            "inventory_turnover_ratio": 1.94,
            "account_receivable_turnover_ratio": null,
            "reinvestment_rate": null,
            "research_to_sale_ratio": null,
            "price_fair": 39.08,
            "eps_avg_yearly": 1.12,
            "eps_latest_yearly": 1.08,
            "eps_growth_yearly": 187.65
        },
        "20074": {
            "year_quarter": 20074,
            "year": 2007,
            "quarter": 4,
            "eps": 0.44,
            "eps_growth_year": 528.57,
            "eps_4q": 1.09,
            "eps_4q_growth_year": 40.84,
            "roe": 3.72,
            "roe_4q": 9.68,
            "gross_profit": 42546,
            "gross_margin": 18.42,
            "gross_margin_4q_avg": 13.6,
            "net_income": 15452,
            "net_income_4q": null,
            "revenue": 231033,
            "revenue_4q": null,
            "common_shares": 355922,
            "book_valuer_per_share": 11.91,
            "book_valuer_per_share_4q_avg": 11.94,
            "equity": 423904,
            "current_ratio": 137.25,
            "debt_ratio": 50.86,
            "inventory_turnover_ratio": 1.67,
            "account_receivable_turnover_ratio": null,
            "reinvestment_rate": null,
            "research_to_sale_ratio": null,
            "price_fair": 40.82,
            "eps_avg_yearly": 1.17,
            "eps_latest_yearly": 1.76,
            "eps_growth_yearly": 192.59
        },
        "20081": {
            "year_quarter": 20081,
            "year": 2008,
            "quarter": 1,
            "eps": -0.09,
            "eps_growth_year": -228.57,
            "eps_4q": 0.95,
            "eps_4q_growth_year": 43.15,
            "roe": -0.73,
            "roe_4q": 8.33,
            "gross_profit": 32919,
            "gross_margin": 15.89,
            "gross_margin_4q_avg": 16.31,
            "net_income": -3123,
            "net_income_4q": null,
            "revenue": 207186,
            "revenue_4q": null,
            "common_shares": 364706,
            "book_valuer_per_share": 11.77,
            "book_valuer_per_share_4q_avg": 11.87,
            "equity": 429267,
            "current_ratio": 132.1,
            "debt_ratio": 48.62,
            "inventory_turnover_ratio": 1.14,
            "account_receivable_turnover_ratio": null,
            "reinvestment_rate": null,
            "research_to_sale_ratio": null,
            "price_fair": 40.82,
            "eps_avg_yearly": 1.17,
            "eps_latest_yearly": 1.76,
            "eps_growth_yearly": 192.59
        },
        "20082": {
            "year_quarter": 20082,
            "year": 2008,
            "quarter": 2,
            "eps": 0.33,
            "eps_growth_year": 0,
            "eps_4q": 0.93,
            "eps_4q_growth_year": 12.61,
            "roe": 2.71,
            "roe_4q": 8.04,
            "gross_profit": 46364,
            "gross_margin": 17.4,
            "gross_margin_4q_avg": 16.86,
            "net_income": 11884,
            "net_income_4q": null,
            "revenue": 266384,
            "revenue_4q": null,
            "common_shares": 367949,
            "book_valuer_per_share": 12.14,
            "book_valuer_per_share_4q_avg": 11.81,
            "equity": 446716,
            "current_ratio": 131.96,
            "debt_ratio": 49.2,
            "inventory_turnover_ratio": 1.29,
            "account_receivable_turnover_ratio": null,
            "reinvestment_rate": 300.42,
            "research_to_sale_ratio": null,
            "price_fair": 40.82,
            "eps_avg_yearly": 1.17,
            "eps_latest_yearly": 1.76,
            "eps_growth_yearly": 192.59
        },
        "20083": {
            "year_quarter": 20083,
            "year": 2008,
            "quarter": 3,
            "eps": 0.69,
            "eps_growth_year": 155.56,
            "eps_4q": 1.29,
            "eps_4q_growth_year": 77.89,
            "roe": 6.01,
            "roe_4q": 11.709999999999999,
            "gross_profit": 70731,
            "gross_margin": 24.89,
            "gross_margin_4q_avg": 19.15,
            "net_income": 27927,
            "net_income_4q": null,
            "revenue": 284138,
            "revenue_4q": null,
            "common_shares": 406652,
            "book_valuer_per_share": 11.88,
            "book_valuer_per_share_4q_avg": 11.93,
            "equity": 483096,
            "current_ratio": 133.55,
            "debt_ratio": 50.54,
            "inventory_turnover_ratio": 1.08,
            "account_receivable_turnover_ratio": null,
            "reinvestment_rate": 179.19,
            "research_to_sale_ratio": null,
            "price_fair": 44.8,
            "eps_avg_yearly": 1.28,
            "eps_latest_yearly": 2.76,
            "eps_growth_yearly": 210
        },
        "20084": {
            "year_quarter": 20084,
            "year": 2008,
            "quarter": 4,
            "eps": 0.38,
            "eps_growth_year": -13.64,
            "eps_4q": 1.28,
            "eps_4q_growth_year": 17.69,
            "roe": 3.13,
            "roe_4q": 11.120000000000001,
            "gross_profit": 59125,
            "gross_margin": 14.52,
            "gross_margin_4q_avg": 18.18,
            "net_income": 15418,
            "net_income_4q": null,
            "revenue": 407322,
            "revenue_4q": null,
            "common_shares": 406652,
            "book_valuer_per_share": 12.36,
            "book_valuer_per_share_4q_avg": 12.04,
            "equity": 502520,
            "current_ratio": 135.01,
            "debt_ratio": 47.6,
            "inventory_turnover_ratio": 1.68,
            "account_receivable_turnover_ratio": 4.43,
            "reinvestment_rate": 95.12,
            "research_to_sale_ratio": null,
            "price_fair": 44,
            "eps_avg_yearly": 1.26,
            "eps_latest_yearly": 1.52,
            "eps_growth_yearly": 190.22
        },
        "20091": {
            "year_quarter": 20091,
            "year": 2009,
            "quarter": 1,
            "eps": -0.1,
            "eps_growth_year": null,
            "eps_4q": 1.26,
            "eps_4q_growth_year": 32.36,
            "roe": -0.83,
            "roe_4q": 11.02,
            "gross_profit": 16605,
            "gross_margin": 8.21,
            "gross_margin_4q_avg": 16.26,
            "net_income": -4192,
            "net_income_4q": null,
            "revenue": 202162,
            "revenue_4q": null,
            "common_shares": 406652,
            "book_valuer_per_share": 12.38,
            "book_valuer_per_share_4q_avg": 12.19,
            "equity": 503308,
            "current_ratio": 154.67,
            "debt_ratio": 44.12,
            "inventory_turnover_ratio": 1,
            "account_receivable_turnover_ratio": 1.23,
            "reinvestment_rate": 175.36,
            "research_to_sale_ratio": null,
            "price_fair": 43.29,
            "eps_avg_yearly": 1.24,
            "eps_latest_yearly": 1.52,
            "eps_growth_yearly": 210.2
        },
        "20092": {
            "year_quarter": 20092,
            "year": 2009,
            "quarter": 2,
            "eps": -0.02,
            "eps_growth_year": -106.06,
            "eps_4q": 0.95,
            "eps_4q_growth_year": 2.02,
            "roe": -0.13,
            "roe_4q": 8.18,
            "gross_profit": 24826,
            "gross_margin": 16.53,
            "gross_margin_4q_avg": 16.04,
            "net_income": -620,
            "net_income_4q": null,
            "revenue": 150228,
            "revenue_4q": null,
            "common_shares": 406652,
            "book_valuer_per_share": 11.96,
            "book_valuer_per_share_4q_avg": 12.15,
            "equity": 486319,
            "current_ratio": 141.83,
            "debt_ratio": 46.33,
            "inventory_turnover_ratio": 0.71,
            "account_receivable_turnover_ratio": 1.01,
            "reinvestment_rate": 181.19,
            "research_to_sale_ratio": null,
            "price_fair": 42.35,
            "eps_avg_yearly": 1.21,
            "eps_latest_yearly": 1.52,
            "eps_growth_yearly": 226.84
        },
        "20093": {
            "year_quarter": 20093,
            "year": 2009,
            "quarter": 3,
            "eps": 0.25,
            "eps_growth_year": -63.77,
            "eps_4q": 0.48,
            "eps_4q_growth_year": -62.53,
            "roe": 2.32,
            "roe_4q": 4.49,
            "gross_profit": 38314,
            "gross_margin": 20.51,
            "gross_margin_4q_avg": 14.94,
            "net_income": 11396,
            "net_income_4q": null,
            "revenue": 186826,
            "revenue_4q": null,
            "common_shares": 449100,
            "book_valuer_per_share": 11.03,
            "book_valuer_per_share_4q_avg": 11.93,
            "equity": 495314,
            "current_ratio": 140.69,
            "debt_ratio": 46.27,
            "inventory_turnover_ratio": 0.83,
            "account_receivable_turnover_ratio": 1.14,
            "reinvestment_rate": 170.84,
            "research_to_sale_ratio": null,
            "price_fair": 43.4,
            "eps_avg_yearly": 1.24,
            "eps_latest_yearly": 1.52,
            "eps_growth_yearly": 263.31
        },
        "20094": {
            "year_quarter": 20094,
            "year": 2009,
            "quarter": 4,
            "eps": 0.38,
            "eps_growth_year": 0,
            "eps_4q": 0.48,
            "eps_4q_growth_year": -62.61,
            "roe": 3.27,
            "roe_4q": 4.63,
            "gross_profit": 47332,
            "gross_margin": 20.5,
            "gross_margin_4q_avg": 16.44,
            "net_income": 17379,
            "net_income_4q": null,
            "revenue": 230851,
            "revenue_4q": null,
            "common_shares": 499100,
            "book_valuer_per_share": 11.4,
            "book_valuer_per_share_4q_avg": 11.69,
            "equity": 568769,
            "current_ratio": 179.04,
            "debt_ratio": 41.66,
            "inventory_turnover_ratio": 1.07,
            "account_receivable_turnover_ratio": 2.3,
            "reinvestment_rate": 267.84,
            "research_to_sale_ratio": null,
            "price_fair": 43.02,
            "eps_avg_yearly": 1.23,
            "eps_latest_yearly": 1.52,
            "eps_growth_yearly": 250.82
        },
        "20101": {
            "year_quarter": 20101,
            "year": 2010,
            "quarter": 1,
            "eps": 0.1,
            "eps_growth_year": null,
            "eps_4q": 0.62,
            "eps_4q_growth_year": -50.98,
            "roe": 0.84,
            "roe_4q": 6.3,
            "gross_profit": 49623,
            "gross_margin": 23.63,
            "gross_margin_4q_avg": 20.29,
            "net_income": 4995,
            "net_income_4q": null,
            "revenue": 209996,
            "revenue_4q": null,
            "common_shares": 538846,
            "book_valuer_per_share": 11.65,
            "book_valuer_per_share_4q_avg": 11.51,
            "equity": 627641,
            "current_ratio": 168.59,
            "debt_ratio": 39.09,
            "inventory_turnover_ratio": 0.88,
            "account_receivable_turnover_ratio": 0.96,
            "reinvestment_rate": 366.66,
            "research_to_sale_ratio": null,
            "price_fair": 43.4,
            "eps_avg_yearly": 1.24,
            "eps_latest_yearly": 0.4,
            "eps_growth_yearly": 254.18
        },
        "20102": {
            "year_quarter": 20102,
            "year": 2010,
            "quarter": 2,
            "eps": 0.06,
            "eps_growth_year": null,
            "eps_4q": 0.67,
            "eps_4q_growth_year": -28.99,
            "roe": 0.52,
            "roe_4q": 6.949999999999999,
            "gross_profit": 22844,
            "gross_margin": 11.97,
            "gross_margin_4q_avg": 19.15,
            "net_income": 3236,
            "net_income_4q": null,
            "revenue": 190816,
            "revenue_4q": null,
            "common_shares": 538846,
            "book_valuer_per_share": 11.46,
            "book_valuer_per_share_4q_avg": 11.39,
            "equity": 617460,
            "current_ratio": 170.2,
            "debt_ratio": 40.17,
            "inventory_turnover_ratio": 0.85,
            "account_receivable_turnover_ratio": 0.85,
            "reinvestment_rate": 432.23,
            "research_to_sale_ratio": null,
            "price_fair": 41.62,
            "eps_avg_yearly": 1.19,
            "eps_latest_yearly": 0.24,
            "eps_growth_yearly": 172.1
        },
        "20103": {
            "year_quarter": 20103,
            "year": 2010,
            "quarter": 3,
            "eps": 0.08,
            "eps_growth_year": -67.91,
            "eps_4q": 0.55,
            "eps_4q_growth_year": 13.1,
            "roe": 0.71,
            "roe_4q": 5.34,
            "gross_profit": 37887,
            "gross_margin": 15.43,
            "gross_margin_4q_avg": 17.88,
            "net_income": 4412,
            "net_income_4q": null,
            "revenue": 245579,
            "revenue_4q": null,
            "common_shares": 549973,
            "book_valuer_per_share": 11.23,
            "book_valuer_per_share_4q_avg": 11.44,
            "equity": 617721,
            "current_ratio": 175.37,
            "debt_ratio": 41.17,
            "inventory_turnover_ratio": 0.99,
            "account_receivable_turnover_ratio": 1.14,
            "reinvestment_rate": 474.05,
            "research_to_sale_ratio": null,
            "price_fair": 36.53,
            "eps_avg_yearly": 1.04,
            "eps_latest_yearly": 0.32,
            "eps_growth_yearly": 133.31
        },
        "20104": {
            "year_quarter": 20104,
            "year": 2010,
            "quarter": 4,
            "eps": 0.09,
            "eps_growth_year": -77.03,
            "eps_4q": 0.32,
            "eps_4q_growth_year": -33.94,
            "roe": 0.78,
            "roe_4q": 2.8499999999999996,
            "gross_profit": 28313,
            "gross_margin": 11.58,
            "gross_margin_4q_avg": 15.65,
            "net_income": 4800,
            "net_income_4q": null,
            "revenue": 244440,
            "revenue_4q": null,
            "common_shares": 549973,
            "book_valuer_per_share": 11.03,
            "book_valuer_per_share_4q_avg": 11.34,
            "equity": 606503,
            "current_ratio": 181.02,
            "debt_ratio": 41.71,
            "inventory_turnover_ratio": 1.03,
            "account_receivable_turnover_ratio": 1.13,
            "reinvestment_rate": 300.3,
            "research_to_sale_ratio": null,
            "price_fair": 36.78,
            "eps_avg_yearly": 1.05,
            "eps_latest_yearly": 0.36,
            "eps_growth_yearly": 168.92
        },
        "20111": {
            "year_quarter": 20111,
            "year": 2011,
            "quarter": 1,
            "eps": -0.11,
            "eps_growth_year": -210,
            "eps_4q": 0.12,
            "eps_4q_growth_year": -80.81,
            "roe": -0.98,
            "roe_4q": 1.03,
            "gross_profit": 20847,
            "gross_margin": 10.68,
            "gross_margin_4q_avg": 12.42,
            "net_income": -5954,
            "net_income_4q": null,
            "revenue": 195142,
            "revenue_4q": null,
            "common_shares": 549973,
            "book_valuer_per_share": 10.99,
            "book_valuer_per_share_4q_avg": 11.18,
            "equity": 604591,
            "current_ratio": 197.98,
            "debt_ratio": 40.48,
            "inventory_turnover_ratio": 0.94,
            "account_receivable_turnover_ratio": 0.92,
            "reinvestment_rate": 475.58,
            "research_to_sale_ratio": null,
            "price_fair": 39.48,
            "eps_avg_yearly": 1.13,
            "eps_latest_yearly": 0.36,
            "eps_growth_yearly": 185.81
        },
        "20112": {
            "year_quarter": 20112,
            "year": 2011,
            "quarter": 2,
            "eps": 0.16,
            "eps_growth_year": 163.96,
            "eps_4q": 0.21,
            "eps_4q_growth_year": -68.35,
            "roe": 1.46,
            "roe_4q": 1.97,
            "gross_profit": 27049,
            "gross_margin": 14,
            "gross_margin_4q_avg": 12.92,
            "net_income": 8780,
            "net_income_4q": null,
            "revenue": 193206,
            "revenue_4q": null,
            "common_shares": 549973,
            "book_valuer_per_share": 10.85,
            "book_valuer_per_share_4q_avg": 11.03,
            "equity": 596921,
            "current_ratio": 178.67,
            "debt_ratio": 42.86,
            "inventory_turnover_ratio": 0.93,
            "account_receivable_turnover_ratio": 0.95,
            "reinvestment_rate": 522.19,
            "research_to_sale_ratio": null,
            "price_fair": 38.73,
            "eps_avg_yearly": 1.11,
            "eps_latest_yearly": 0.36,
            "eps_growth_yearly": 41.37
        },
        "20113": {
            "year_quarter": 20113,
            "year": 2011,
            "quarter": 3,
            "eps": 0.15,
            "eps_growth_year": 80.86,
            "eps_4q": 0.28,
            "eps_4q_growth_year": -48.71,
            "roe": 1.33,
            "roe_4q": 2.59,
            "gross_profit": 39291,
            "gross_margin": 17.15,
            "gross_margin_4q_avg": 13.35,
            "net_income": 8202,
            "net_income_4q": null,
            "revenue": 229067,
            "revenue_4q": null,
            "common_shares": 565313,
            "book_valuer_per_share": 11.32,
            "book_valuer_per_share_4q_avg": 11.05,
            "equity": 639829,
            "current_ratio": 167.65,
            "debt_ratio": 39.88,
            "inventory_turnover_ratio": 0.95,
            "account_receivable_turnover_ratio": 1.09,
            "reinvestment_rate": 564.52,
            "research_to_sale_ratio": null,
            "price_fair": 36.87,
            "eps_avg_yearly": 1.05,
            "eps_latest_yearly": 0.6,
            "eps_growth_yearly": 46.68
        },
        "20114": {
            "year_quarter": 20114,
            "year": 2011,
            "quarter": 4,
            "eps": -0.08,
            "eps_growth_year": -188.75,
            "eps_4q": 0.12,
            "eps_4q_growth_year": -62.92,
            "roe": -0.69,
            "roe_4q": 1.12,
            "gross_profit": 28937,
            "gross_margin": 13.43,
            "gross_margin_4q_avg": 13.82,
            "net_income": -4379,
            "net_income_4q": null,
            "revenue": 215412,
            "revenue_4q": null,
            "common_shares": 565313,
            "book_valuer_per_share": 11.25,
            "book_valuer_per_share_4q_avg": 11.1,
            "equity": 635988,
            "current_ratio": 177.08,
            "debt_ratio": 41.6,
            "inventory_turnover_ratio": 0.91,
            "account_receivable_turnover_ratio": 0.98,
            "reinvestment_rate": 464.34,
            "research_to_sale_ratio": null,
            "price_fair": 29.95,
            "eps_avg_yearly": 0.97,
            "eps_latest_yearly": 0.6,
            "eps_growth_yearly": 21.03
        },
        "20121": {
            "year_quarter": 20121,
            "year": 2012,
            "quarter": 1,
            "eps": -0.2,
            "eps_growth_year": null,
            "eps_4q": 0.02,
            "eps_4q_growth_year": -84.54,
            "roe": -1.85,
            "roe_4q": 0.25,
            "gross_profit": 8580,
            "gross_margin": 5.36,
            "gross_margin_4q_avg": 12.49,
            "net_income": -11571,
            "net_income_4q": null,
            "revenue": 159941,
            "revenue_4q": null,
            "common_shares": 565313,
            "book_valuer_per_share": 10.83,
            "book_valuer_per_share_4q_avg": 11.06,
            "equity": 611954,
            "current_ratio": 184.11,
            "debt_ratio": 40.25,
            "inventory_turnover_ratio": 0.78,
            "account_receivable_turnover_ratio": 0.78,
            "reinvestment_rate": 489.27,
            "research_to_sale_ratio": null,
            "price_fair": 29.95,
            "eps_avg_yearly": 0.97,
            "eps_latest_yearly": 0.6,
            "eps_growth_yearly": 21.03
        },
        "20122": {
            "year_quarter": 20122,
            "year": 2012,
            "quarter": 2,
            "eps": 0.06,
            "eps_growth_year": -63.74,
            "eps_4q": -0.08,
            "eps_4q_growth_year": -137.91,
            "roe": 0.52,
            "roe_4q": -0.69,
            "gross_profit": 32877,
            "gross_margin": 16.09,
            "gross_margin_4q_avg": 13.01,
            "net_income": 3184,
            "net_income_4q": null,
            "revenue": 204394,
            "revenue_4q": null,
            "common_shares": 565313,
            "book_valuer_per_share": 10.79,
            "book_valuer_per_share_4q_avg": 11.05,
            "equity": 610144,
            "current_ratio": 140.28,
            "debt_ratio": 45.26,
            "inventory_turnover_ratio": 0.86,
            "account_receivable_turnover_ratio": 0.95,
            "reinvestment_rate": 678.3,
            "research_to_sale_ratio": null,
            "price_fair": 29.95,
            "eps_avg_yearly": 0.97,
            "eps_latest_yearly": 0.6,
            "eps_growth_yearly": 21.03
        },
        "20123": {
            "year_quarter": 20123,
            "year": 2012,
            "quarter": 3,
            "eps": 0.24,
            "eps_growth_year": 67.03,
            "eps_4q": 0.02,
            "eps_4q_growth_year": -94.1,
            "roe": 2.24,
            "roe_4q": 0.2200000000000002,
            "gross_profit": 45095,
            "gross_margin": 18,
            "gross_margin_4q_avg": 13.22,
            "net_income": 13700,
            "net_income_4q": null,
            "revenue": 250551,
            "revenue_4q": null,
            "common_shares": 565313,
            "book_valuer_per_share": 10.88,
            "book_valuer_per_share_4q_avg": 10.94,
            "equity": 615164,
            "current_ratio": 136.05,
            "debt_ratio": 45.9,
            "inventory_turnover_ratio": 0.99,
            "account_receivable_turnover_ratio": 1.04,
            "reinvestment_rate": 803.2,
            "research_to_sale_ratio": null,
            "price_fair": 25.9,
            "eps_avg_yearly": 0.74,
            "eps_latest_yearly": 0.96,
            "eps_growth_yearly": 116.49
        },
        "20124": {
            "year_quarter": 20124,
            "year": 2012,
            "quarter": 4,
            "eps": -0.02,
            "eps_growth_year": null,
            "eps_4q": 0.07,
            "eps_4q_growth_year": -39.87,
            "roe": -0.21,
            "roe_4q": 0.7000000000000002,
            "gross_profit": 34535,
            "gross_margin": 16.24,
            "gross_margin_4q_avg": 13.92,
            "net_income": -1315,
            "net_income_4q": null,
            "revenue": 212624,
            "revenue_4q": null,
            "common_shares": 565313,
            "book_valuer_per_share": 10.86,
            "book_valuer_per_share_4q_avg": 10.84,
            "equity": 613868,
            "current_ratio": 126.74,
            "debt_ratio": 45.16,
            "inventory_turnover_ratio": 0.82,
            "account_receivable_turnover_ratio": 0.91,
            "reinvestment_rate": 1095.11,
            "research_to_sale_ratio": null,
            "price_fair": 22,
            "eps_avg_yearly": 0.63,
            "eps_latest_yearly": 0.96,
            "eps_growth_yearly": 158.8
        },
        "20131": {
            "year_quarter": 20131,
            "year": 2013,
            "quarter": 1,
            "eps": -0.42,
            "eps_growth_year": null,
            "eps_4q": -0.14,
            "eps_4q_growth_year": -868.04,
            "roe": -3.88,
            "roe_4q": -1.3299999999999996,
            "gross_profit": 9769,
            "gross_margin": 5.76,
            "gross_margin_4q_avg": 14.02,
            "net_income": -23495,
            "net_income_4q": null,
            "revenue": 169549,
            "revenue_4q": null,
            "common_shares": 565313,
            "book_valuer_per_share": 10.55,
            "book_valuer_per_share_4q_avg": 10.77,
            "equity": 596145,
            "current_ratio": 122.04,
            "debt_ratio": 46.77,
            "inventory_turnover_ratio": 0.72,
            "account_receivable_turnover_ratio": 0.85,
            "reinvestment_rate": 294.84,
            "research_to_sale_ratio": 0.31,
            "price_fair": 22,
            "eps_avg_yearly": 0.63,
            "eps_latest_yearly": 0.96,
            "eps_growth_yearly": 158.8
        },
        "20132": {
            "year_quarter": 20132,
            "year": 2013,
            "quarter": 2,
            "eps": 0.12,
            "eps_growth_year": 113.06,
            "eps_4q": -0.08,
            "eps_4q_growth_year": null,
            "roe": 1.08,
            "roe_4q": -0.7699999999999996,
            "gross_profit": 29271,
            "gross_margin": 13.71,
            "gross_margin_4q_avg": 13.43,
            "net_income": 6515,
            "net_income_4q": null,
            "revenue": 213540,
            "revenue_4q": null,
            "common_shares": 565313,
            "book_valuer_per_share": 10.71,
            "book_valuer_per_share_4q_avg": 10.75,
            "equity": 605586,
            "current_ratio": 123.79,
            "debt_ratio": 48.06,
            "inventory_turnover_ratio": 0.82,
            "account_receivable_turnover_ratio": 1.07,
            "reinvestment_rate": 289.31,
            "research_to_sale_ratio": 0.23,
            "price_fair": 22,
            "eps_avg_yearly": 0.63,
            "eps_latest_yearly": 0.96,
            "eps_growth_yearly": 158.8
        },
        "20133": {
            "year_quarter": 20133,
            "year": 2013,
            "quarter": 3,
            "eps": -0.62,
            "eps_growth_year": -355.83,
            "eps_4q": -0.95,
            "eps_4q_growth_year": -5830.02,
            "roe": -5.99,
            "roe_4q": -9,
            "gross_profit": -1192,
            "gross_margin": -0.54,
            "gross_margin_4q_avg": 8.79,
            "net_income": -35224,
            "net_income_4q": null,
            "revenue": 222077,
            "revenue_4q": null,
            "common_shares": 565313,
            "book_valuer_per_share": 10.08,
            "book_valuer_per_share_4q_avg": 10.55,
            "equity": 569695,
            "current_ratio": 114.63,
            "debt_ratio": 51.67,
            "inventory_turnover_ratio": 0.97,
            "account_receivable_turnover_ratio": 0.99,
            "reinvestment_rate": null,
            "research_to_sale_ratio": 0.21,
            "price_fair": 22,
            "eps_avg_yearly": 0.63,
            "eps_latest_yearly": 0.96,
            "eps_growth_yearly": 158.8
        },
        "20134": {
            "year_quarter": 20134,
            "year": 2013,
            "quarter": 4,
            "eps": -0.23,
            "eps_growth_year": null,
            "eps_4q": -1.16,
            "eps_4q_growth_year": -1737.59,
            "roe": -2.34,
            "roe_4q": -11.129999999999999,
            "gross_profit": 15177,
            "gross_margin": 8.04,
            "gross_margin_4q_avg": 6.74,
            "net_income": -13267,
            "net_income_4q": null,
            "revenue": 188840,
            "revenue_4q": null,
            "common_shares": 565313,
            "book_valuer_per_share": 9.96,
            "book_valuer_per_share_4q_avg": 10.33,
            "equity": 563034,
            "current_ratio": 109.95,
            "debt_ratio": 50.03,
            "inventory_turnover_ratio": 0.79,
            "account_receivable_turnover_ratio": 0.88,
            "reinvestment_rate": null,
            "research_to_sale_ratio": 0.22,
            "price_fair": 16.8,
            "eps_avg_yearly": 0.48,
            "eps_latest_yearly": 0.96,
            "eps_growth_yearly": 150.6
        },
        "20141": {
            "year_quarter": 20141,
            "year": 2014,
            "quarter": 1,
            "eps": -0.38,
            "eps_growth_year": null,
            "eps_4q": -1.12,
            "eps_4q_growth_year": null,
            "roe": -3.85,
            "roe_4q": -11.1,
            "gross_profit": 11372,
            "gross_margin": 6.32,
            "gross_margin_4q_avg": 6.88,
            "net_income": -21203,
            "net_income_4q": null,
            "revenue": 179833,
            "revenue_4q": null,
            "common_shares": 565313,
            "book_valuer_per_share": 9.54,
            "book_valuer_per_share_4q_avg": 10.07,
            "equity": 539541,
            "current_ratio": 104.01,
            "debt_ratio": 50.96,
            "inventory_turnover_ratio": 0.81,
            "account_receivable_turnover_ratio": 0.92,
            "reinvestment_rate": null,
            "research_to_sale_ratio": 0.25,
            "price_fair": 17.36,
            "eps_avg_yearly": 0.5,
            "eps_latest_yearly": 0.96,
            "eps_growth_yearly": 239.67
        },
        "20142": {
            "year_quarter": 20142,
            "year": 2014,
            "quarter": 2,
            "eps": -0.01,
            "eps_growth_year": -108.33,
            "eps_4q": -1.25,
            "eps_4q_growth_year": null,
            "roe": -0.13,
            "roe_4q": -12.31,
            "gross_profit": 29561,
            "gross_margin": 13.81,
            "gross_margin_4q_avg": 6.91,
            "net_income": -711,
            "net_income_4q": null,
            "revenue": 214067,
            "revenue_4q": null,
            "common_shares": 565313,
            "book_valuer_per_share": 9.34,
            "book_valuer_per_share_4q_avg": 9.73,
            "equity": 527868,
            "current_ratio": 100.18,
            "debt_ratio": 52.34,
            "inventory_turnover_ratio": 0.9,
            "account_receivable_turnover_ratio": 1.09,
            "reinvestment_rate": null,
            "research_to_sale_ratio": 0.23,
            "price_fair": 19.6,
            "eps_avg_yearly": 0.56,
            "eps_latest_yearly": 0.96,
            "eps_growth_yearly": 339.58
        },
        "20143": {
            "year_quarter": 20143,
            "year": 2014,
            "quarter": 3,
            "eps": 0.02,
            "eps_growth_year": null,
            "eps_4q": -0.6,
            "eps_4q_growth_year": null,
            "roe": 0.2,
            "roe_4q": -6.12,
            "gross_profit": 43225,
            "gross_margin": 19.53,
            "gross_margin_4q_avg": 11.93,
            "net_income": 1064,
            "net_income_4q": null,
            "revenue": 221332,
            "revenue_4q": null,
            "common_shares": 565313,
            "book_valuer_per_share": 9.61,
            "book_valuer_per_share_4q_avg": 9.61,
            "equity": 543489,
            "current_ratio": 103.86,
            "debt_ratio": 51.67,
            "inventory_turnover_ratio": 0.81,
            "account_receivable_turnover_ratio": 1.07,
            "reinvestment_rate": null,
            "research_to_sale_ratio": 0.23,
            "price_fair": 22.4,
            "eps_avg_yearly": 0.64,
            "eps_latest_yearly": 0.96,
            "eps_growth_yearly": 408.33
        },
        "20144": {
            "year_quarter": 20144,
            "year": 2014,
            "quarter": 4,
            "eps": 0,
            "eps_growth_year": null,
            "eps_4q": -0.37,
            "eps_4q_growth_year": null,
            "roe": 0.03,
            "roe_4q": -3.75,
            "gross_profit": 31142,
            "gross_margin": 16.4,
            "gross_margin_4q_avg": 14.02,
            "net_income": 156,
            "net_income_4q": null,
            "revenue": 189860,
            "revenue_4q": null,
            "common_shares": 565313,
            "book_valuer_per_share": 9.81,
            "book_valuer_per_share_4q_avg": 9.58,
            "equity": 554835,
            "current_ratio": 104.91,
            "debt_ratio": 51.39,
            "inventory_turnover_ratio": 0.68,
            "account_receivable_turnover_ratio": 0.87,
            "reinvestment_rate": null,
            "research_to_sale_ratio": 0.21,
            "price_fair": 27.3,
            "eps_avg_yearly": 0.78,
            "eps_latest_yearly": 0.96,
            "eps_growth_yearly": 587.5
        },
        "20151": {
            "year_quarter": 20151,
            "year": 2015,
            "quarter": 1,
            "eps": -0.18,
            "eps_growth_year": null,
            "eps_4q": -0.17,
            "eps_4q_growth_year": null,
            "roe": -1.82,
            "roe_4q": -1.7200000000000002,
            "gross_profit": 36120,
            "gross_margin": 17.27,
            "gross_margin_4q_avg": 16.75,
            "net_income": -9966,
            "net_income_4q": null,
            "revenue": 209188,
            "revenue_4q": null,
            "common_shares": 565313,
            "book_valuer_per_share": 9.58,
            "book_valuer_per_share_4q_avg": 9.59,
            "equity": 541484,
            "current_ratio": 101.75,
            "debt_ratio": 50.86,
            "inventory_turnover_ratio": 0.77,
            "account_receivable_turnover_ratio": 1,
            "reinvestment_rate": null,
            "research_to_sale_ratio": 0.18,
            "price_fair": 27.3,
            "eps_avg_yearly": 0.78,
            "eps_latest_yearly": 0.96,
            "eps_growth_yearly": 587.5
        },
        "20152": {
            "year_quarter": 20152,
            "year": 2015,
            "quarter": 2,
            "eps": -0.04,
            "eps_growth_year": null,
            "eps_4q": -0.19,
            "eps_4q_growth_year": null,
            "roe": -0.37,
            "roe_4q": -1.9600000000000002,
            "gross_profit": 37253,
            "gross_margin": 17.91,
            "gross_margin_4q_avg": 17.78,
            "net_income": -1988,
            "net_income_4q": null,
            "revenue": 207996,
            "revenue_4q": null,
            "common_shares": 565313,
            "book_valuer_per_share": 9.46,
            "book_valuer_per_share_4q_avg": 9.62,
            "equity": 534598,
            "current_ratio": 101.47,
            "debt_ratio": 50.45,
            "inventory_turnover_ratio": 0.78,
            "account_receivable_turnover_ratio": 1.1,
            "reinvestment_rate": null,
            "research_to_sale_ratio": 0.2,
            "price_fair": 27.3,
            "eps_avg_yearly": 0.78,
            "eps_latest_yearly": 0.96,
            "eps_growth_yearly": 587.5
        },
        "20153": {
            "year_quarter": 20153,
            "year": 2015,
            "quarter": 3,
            "eps": 0.11,
            "eps_growth_year": 450,
            "eps_4q": -0.1,
            "eps_4q_growth_year": null,
            "roe": 1.15,
            "roe_4q": -1.01,
            "gross_profit": 33854,
            "gross_margin": 18.09,
            "gross_margin_4q_avg": 17.42,
            "net_income": 6263,
            "net_income_4q": null,
            "revenue": 187099,
            "revenue_4q": null,
            "common_shares": 565313,
            "book_valuer_per_share": 9.82,
            "book_valuer_per_share_4q_avg": 9.67,
            "equity": 555016,
            "current_ratio": 105.63,
            "debt_ratio": 49.19,
            "inventory_turnover_ratio": 0.68,
            "account_receivable_turnover_ratio": 0.99,
            "reinvestment_rate": null,
            "research_to_sale_ratio": 0.24,
            "price_fair": 33.6,
            "eps_avg_yearly": 0.96,
            "eps_latest_yearly": 0.96,
            "eps_growth_yearly": 1200
        },
        "20154": {
            "year_quarter": 20154,
            "year": 2015,
            "quarter": 4,
            "eps": -0.05,
            "eps_growth_year": -1864.46,
            "eps_4q": -0.15,
            "eps_4q_growth_year": null,
            "roe": -0.5,
            "roe_4q": -1.54,
            "gross_profit": 34471,
            "gross_margin": 18.47,
            "gross_margin_4q_avg": 17.94,
            "net_income": -2753,
            "net_income_4q": null,
            "revenue": 186675,
            "revenue_4q": null,
            "common_shares": 565313,
            "book_valuer_per_share": 9.52,
            "book_valuer_per_share_4q_avg": 9.6,
            "equity": 537979,
            "current_ratio": 102.82,
            "debt_ratio": 50.23,
            "inventory_turnover_ratio": 0.67,
            "account_receivable_turnover_ratio": 1,
            "reinvestment_rate": null,
            "research_to_sale_ratio": 0.23,
            "price_fair": 33.6,
            "eps_avg_yearly": 0.96,
            "eps_latest_yearly": 0.96,
            "eps_growth_yearly": 1200
        },
        "20161": {
            "year_quarter": 20161,
            "year": 2016,
            "quarter": 1,
            "eps": -0.35,
            "eps_growth_year": null,
            "eps_4q": -0.32,
            "eps_4q_growth_year": null,
            "roe": -3.72,
            "roe_4q": -3.440000000000001,
            "gross_profit": 10828,
            "gross_margin": 7,
            "gross_margin_4q_avg": 15.37,
            "net_income": -19614,
            "net_income_4q": null,
            "revenue": 154702,
            "revenue_4q": null,
            "common_shares": 565313,
            "book_valuer_per_share": 9.15,
            "book_valuer_per_share_4q_avg": 9.49,
            "equity": 516983,
            "current_ratio": 101.52,
            "debt_ratio": 50.61,
            "inventory_turnover_ratio": 0.67,
            "account_receivable_turnover_ratio": 0.9,
            "reinvestment_rate": null,
            "research_to_sale_ratio": 0.25,
            "price_fair": 33.6,
            "eps_avg_yearly": 0.96,
            "eps_latest_yearly": 0.96,
            "eps_growth_yearly": 1200
        },
        "20162": {
            "year_quarter": 20162,
            "year": 2016,
            "quarter": 2,
            "eps": -0.27,
            "eps_growth_year": null,
            "eps_4q": -0.55,
            "eps_4q_growth_year": null,
            "roe": -2.97,
            "roe_4q": -6.040000000000001,
            "gross_profit": 25914,
            "gross_margin": 15.21,
            "gross_margin_4q_avg": 14.69,
            "net_income": -14999,
            "net_income_4q": null,
            "revenue": 170395,
            "revenue_4q": null,
            "common_shares": 565313,
            "book_valuer_per_share": 8.73,
            "book_valuer_per_share_4q_avg": 9.31,
            "equity": 493665,
            "current_ratio": 97.34,
            "debt_ratio": 52.41,
            "inventory_turnover_ratio": 0.68,
            "account_receivable_turnover_ratio": 1.06,
            "reinvestment_rate": null,
            "research_to_sale_ratio": 0.22,
            "price_fair": 33.6,
            "eps_avg_yearly": 0.96,
            "eps_latest_yearly": 0.96,
            "eps_growth_yearly": 1200
        },
        "20163": {
            "year_quarter": 20163,
            "year": 2016,
            "quarter": 3,
            "eps": -1.52,
            "eps_growth_year": -1481.82,
            "eps_4q": -2.18,
            "eps_4q_growth_year": null,
            "roe": -19.24,
            "roe_4q": -26.429999999999996,
            "gross_profit": -18460,
            "gross_margin": -10.92,
            "gross_margin_4q_avg": 7.44,
            "net_income": -85821,
            "net_income_4q": null,
            "revenue": 169005,
            "revenue_4q": null,
            "common_shares": 565313,
            "book_valuer_per_share": 7.05,
            "book_valuer_per_share_4q_avg": 8.61,
            "equity": 398411,
            "current_ratio": 84.64,
            "debt_ratio": 55.97,
            "inventory_turnover_ratio": 0.98,
            "account_receivable_turnover_ratio": 1.07,
            "reinvestment_rate": null,
            "research_to_sale_ratio": 0.2,
            "price_fair": 0,
            "eps_avg_yearly": 0,
            "eps_latest_yearly": 0,
            "eps_growth_yearly": 0
        },
        "20164": {
            "year_quarter": 20164,
            "year": 2016,
            "quarter": 4,
            "eps": -1.17,
            "eps_growth_year": null,
            "eps_4q": -3.3,
            "eps_4q_growth_year": null,
            "roe": -18.19,
            "roe_4q": -44.12,
            "gross_profit": -23205,
            "gross_margin": -14.78,
            "gross_margin_4q_avg": -0.87,
            "net_income": -66020,
            "net_income_4q": null,
            "revenue": 157041,
            "revenue_4q": null,
            "common_shares": 565313,
            "book_valuer_per_share": 5.79,
            "book_valuer_per_share_4q_avg": 7.68,
            "equity": 327362,
            "current_ratio": 78.99,
            "debt_ratio": 61.81,
            "inventory_turnover_ratio": 1.27,
            "account_receivable_turnover_ratio": 1.1,
            "reinvestment_rate": null,
            "research_to_sale_ratio": 0.18,
            "price_fair": 0,
            "eps_avg_yearly": 0,
            "eps_latest_yearly": 0,
            "eps_growth_yearly": 0
        },
        "20171": {
            "year_quarter": 20171,
            "year": 2017,
            "quarter": 1,
            "eps": -0.53,
            "eps_growth_year": null,
            "eps_4q": -3.48,
            "eps_4q_growth_year": null,
            "roe": -9.76,
            "roe_4q": -50.16,
            "gross_profit": 8970,
            "gross_margin": 6.96,
            "gross_margin_4q_avg": -0.88,
            "net_income": -29998,
            "net_income_4q": null,
            "revenue": 128931,
            "revenue_4q": null,
            "common_shares": 565313,
            "book_valuer_per_share": 5.09,
            "book_valuer_per_share_4q_avg": 6.67,
            "equity": 287652,
            "current_ratio": 75.66,
            "debt_ratio": 61.44,
            "inventory_turnover_ratio": 1.09,
            "account_receivable_turnover_ratio": 1.06,
            "reinvestment_rate": null,
            "research_to_sale_ratio": 0.26,
            "price_fair": 0,
            "eps_avg_yearly": 0,
            "eps_latest_yearly": 0,
            "eps_growth_yearly": 0
        },
        "20172": {
            "year_quarter": 20172,
            "year": 2017,
            "quarter": 2,
            "eps": 0.04,
            "eps_growth_year": null,
            "eps_4q": -3.18,
            "eps_4q_growth_year": null,
            "roe": 0.79,
            "roe_4q": -46.4,
            "gross_profit": 24797,
            "gross_margin": 14.39,
            "gross_margin_4q_avg": -1.09,
            "net_income": 2288,
            "net_income_4q": null,
            "revenue": 172291,
            "revenue_4q": null,
            "common_shares": 565313,
            "book_valuer_per_share": 5.19,
            "book_valuer_per_share_4q_avg": 5.78,
            "equity": 293631,
            "current_ratio": 76.05,
            "debt_ratio": 59.82,
            "inventory_turnover_ratio": 1.42,
            "account_receivable_turnover_ratio": 1.63,
            "reinvestment_rate": null,
            "research_to_sale_ratio": 0.16,
            "price_fair": 0,
            "eps_avg_yearly": 0,
            "eps_latest_yearly": 0,
            "eps_growth_yearly": 0
        },
        "20173": {
            "year_quarter": 20173,
            "year": 2017,
            "quarter": 3,
            "eps": 0,
            "eps_growth_year": null,
            "eps_4q": -1.45,
            "eps_4q_growth_year": null,
            "roe": 0.04,
            "roe_4q": -27.12,
            "gross_profit": 24237,
            "gross_margin": 15.95,
            "gross_margin_4q_avg": 5.63,
            "net_income": 141,
            "net_income_4q": null,
            "revenue": 151946,
            "revenue_4q": null,
            "common_shares": 565313,
            "book_valuer_per_share": 6.64,
            "book_valuer_per_share_4q_avg": 5.68,
            "equity": 375808,
            "current_ratio": 95.86,
            "debt_ratio": 53.06,
            "inventory_turnover_ratio": 1.21,
            "account_receivable_turnover_ratio": 1.45,
            "reinvestment_rate": null,
            "research_to_sale_ratio": 0.18,
            "price_fair": 0,
            "eps_avg_yearly": 0,
            "eps_latest_yearly": 0,
            "eps_growth_yearly": 0
        },
        "20174": {
            "year_quarter": 20174,
            "year": 2017,
            "quarter": 4,
            "eps": -0.9,
            "eps_growth_year": null,
            "eps_4q": -1.12,
            "eps_4q_growth_year": null,
            "roe": -23.92,
            "roe_4q": -32.85,
            "gross_profit": 19207,
            "gross_margin": 11.59,
            "gross_margin_4q_avg": 12.22,
            "net_income": -113697,
            "net_income_4q": null,
            "revenue": 165698,
            "revenue_4q": null,
            "common_shares": 1265313,
            "book_valuer_per_share": 4.54,
            "book_valuer_per_share_4q_avg": 5.37,
            "equity": 574818,
            "current_ratio": 215.65,
            "debt_ratio": 30.79,
            "inventory_turnover_ratio": 1.42,
            "account_receivable_turnover_ratio": 1.52,
            "reinvestment_rate": null,
            "research_to_sale_ratio": 0.12,
            "price_fair": 0,
            "eps_avg_yearly": 0,
            "eps_latest_yearly": 0,
            "eps_growth_yearly": 0
        },
        "20181": {
            "year_quarter": 20181,
            "year": 2018,
            "quarter": 1,
            "eps": -0.07,
            "eps_growth_year": null,
            "eps_4q": -0.94,
            "eps_4q_growth_year": null,
            "roe": -1.45,
            "roe_4q": -24.540000000000003,
            "gross_profit": 12808,
            "gross_margin": 9.44,
            "gross_margin_4q_avg": 12.84,
            "net_income": -8301,
            "net_income_4q": null,
            "revenue": 135613,
            "revenue_4q": null,
            "common_shares": 1265313,
            "book_valuer_per_share": 4.5,
            "book_valuer_per_share_4q_avg": 5.22,
            "equity": 569381,
            "current_ratio": 260.32,
            "debt_ratio": 22.38,
            "inventory_turnover_ratio": 1.18,
            "account_receivable_turnover_ratio": 1.29,
            "reinvestment_rate": null,
            "research_to_sale_ratio": 0.18,
            "price_fair": 0,
            "eps_avg_yearly": 0,
            "eps_latest_yearly": 0,
            "eps_growth_yearly": 0
        },
        "20182": {
            "year_quarter": 20182,
            "year": 2018,
            "quarter": 2,
            "eps": 0.03,
            "eps_growth_year": -25,
            "eps_4q": -0.93,
            "eps_4q_growth_year": null,
            "roe": 0.71,
            "roe_4q": -24.62,
            "gross_profit": 21814,
            "gross_margin": 14.15,
            "gross_margin_4q_avg": 12.78,
            "net_income": 4028,
            "net_income_4q": null,
            "revenue": 154188,
            "revenue_4q": null,
            "common_shares": 1265313,
            "book_valuer_per_share": 4.52,
            "book_valuer_per_share_4q_avg": 5.05,
            "equity": 572543,
            "current_ratio": 327.76,
            "debt_ratio": 17.45,
            "inventory_turnover_ratio": 1.23,
            "account_receivable_turnover_ratio": 1.37,
            "reinvestment_rate": null,
            "research_to_sale_ratio": 0.23,
            "price_fair": 0,
            "eps_avg_yearly": 0,
            "eps_latest_yearly": 0,
            "eps_growth_yearly": 0
        },
        "20183": {
            "year_quarter": 20183,
            "year": 2018,
            "quarter": 3,
            "eps": -0.09,
            "eps_growth_year": null,
            "eps_4q": -1.02,
            "eps_4q_growth_year": null,
            "roe": -1.98,
            "roe_4q": -26.64,
            "gross_profit": 21965,
            "gross_margin": 11.25,
            "gross_margin_4q_avg": 11.61,
            "net_income": -11248,
            "net_income_4q": null,
            "revenue": 195286,
            "revenue_4q": null,
            "common_shares": 1265313,
            "book_valuer_per_share": 4.37,
            "book_valuer_per_share_4q_avg": 4.48,
            "equity": 562073,
            "current_ratio": 229.34,
            "debt_ratio": 24.26,
            "inventory_turnover_ratio": 1.55,
            "account_receivable_turnover_ratio": 1.51,
            "reinvestment_rate": null,
            "research_to_sale_ratio": 0.11,
            "price_fair": 0,
            "eps_avg_yearly": 0,
            "eps_latest_yearly": 0,
            "eps_growth_yearly": 0
        },
        "20184": {
            "year_quarter": 20184,
            "year": 2018,
            "quarter": 4,
            "eps": -0.38,
            "eps_growth_year": null,
            "eps_4q": -0.5,
            "eps_4q_growth_year": null,
            "roe": -8.77,
            "roe_4q": -11.489999999999998,
            "gross_profit": -3488,
            "gross_margin": -2.18,
            "gross_margin_4q_avg": 8.17,
            "net_income": -47668,
            "net_income_4q": null,
            "revenue": 160044,
            "revenue_4q": null,
            "common_shares": 1265313,
            "book_valuer_per_share": 4.13,
            "book_valuer_per_share_4q_avg": 4.38,
            "equity": 524601,
            "current_ratio": 165.89,
            "debt_ratio": 31.39,
            "inventory_turnover_ratio": 1.73,
            "account_receivable_turnover_ratio": 1.31,
            "reinvestment_rate": null,
            "research_to_sale_ratio": 0.15,
            "price_fair": 0,
            "eps_avg_yearly": 0,
            "eps_latest_yearly": 0,
            "eps_growth_yearly": 0
        },
        "20191": {
            "year_quarter": 20191,
            "year": 2019,
            "quarter": 1,
            "eps": -0.13,
            "eps_growth_year": null,
            "eps_4q": -0.56,
            "eps_4q_growth_year": null,
            "roe": -3.11,
            "roe_4q": -13.149999999999999,
            "gross_profit": 8377,
            "gross_margin": 4.3,
            "gross_margin_4q_avg": 6.88,
            "net_income": -16109,
            "net_income_4q": null,
            "revenue": 194671,
            "revenue_4q": null,
            "common_shares": 1265313,
            "book_valuer_per_share": 4.04,
            "book_valuer_per_share_4q_avg": 4.27,
            "equity": 512899,
            "current_ratio": 137.66,
            "debt_ratio": 47.78,
            "inventory_turnover_ratio": 2.16,
            "account_receivable_turnover_ratio": 1.38,
            "reinvestment_rate": null,
            "research_to_sale_ratio": 0.69,
            "price_fair": 0,
            "eps_avg_yearly": 0,
            "eps_latest_yearly": 0,
            "eps_growth_yearly": 0
        },
        "20192": {
            "year_quarter": 20192,
            "year": 2019,
            "quarter": 2,
            "eps": -0.15,
            "eps_growth_year": -600,
            "eps_4q": -0.74,
            "eps_4q_growth_year": null,
            "roe": -3.77,
            "roe_4q": -17.63,
            "gross_profit": 10938,
            "gross_margin": 6.04,
            "gross_margin_4q_avg": 4.85,
            "net_income": -18940,
            "net_income_4q": null,
            "revenue": 181018,
            "revenue_4q": null,
            "common_shares": 1265313,
            "book_valuer_per_share": 3.86,
            "book_valuer_per_share_4q_avg": 4.1,
            "equity": 491134,
            "current_ratio": 132.86,
            "debt_ratio": 47.47,
            "inventory_turnover_ratio": 1.72,
            "account_receivable_turnover_ratio": 1.19,
            "reinvestment_rate": null,
            "research_to_sale_ratio": 0.73,
            "price_fair": 0,
            "eps_avg_yearly": 0,
            "eps_latest_yearly": 0,
            "eps_growth_yearly": 0
        },
        "20193": {
            "year_quarter": 20193,
            "year": 2019,
            "quarter": 3,
            "eps": -0.15,
            "eps_growth_year": null,
            "eps_4q": -0.81,
            "eps_4q_growth_year": null,
            "roe": -3.94,
            "roe_4q": -19.59,
            "gross_profit": 13026,
            "gross_margin": 5.59,
            "gross_margin_4q_avg": 3.44,
            "net_income": -18896,
            "net_income_4q": null,
            "revenue": 233207,
            "revenue_4q": null,
            "common_shares": 1265313,
            "book_valuer_per_share": 3.67,
            "book_valuer_per_share_4q_avg": 3.93,
            "equity": 467039,
            "current_ratio": 115.35,
            "debt_ratio": 53,
            "inventory_turnover_ratio": 2.18,
            "account_receivable_turnover_ratio": 1.39,
            "reinvestment_rate": null,
            "research_to_sale_ratio": 0.49,
            "price_fair": 0,
            "eps_avg_yearly": 0,
            "eps_latest_yearly": 0,
            "eps_growth_yearly": 0
        },
        "20194": {
            "year_quarter": 20194,
            "year": 2019,
            "quarter": 4,
            "eps": -0.19,
            "eps_growth_year": null,
            "eps_4q": -0.62,
            "eps_4q_growth_year": null,
            "roe": -5.34,
            "roe_4q": -16.16,
            "gross_profit": 24838,
            "gross_margin": 10.95,
            "gross_margin_4q_avg": 6.72,
            "net_income": -24266,
            "net_income_4q": null,
            "revenue": 226776,
            "revenue_4q": null,
            "common_shares": 1265313,
            "book_valuer_per_share": 3.47,
            "book_valuer_per_share_4q_avg": 3.76,
            "equity": 441252,
            "current_ratio": 110.04,
            "debt_ratio": 57.34,
            "inventory_turnover_ratio": 1.76,
            "account_receivable_turnover_ratio": 1.12,
            "reinvestment_rate": null,
            "research_to_sale_ratio": 0.66,
            "price_fair": 0,
            "eps_avg_yearly": 0,
            "eps_latest_yearly": 0,
            "eps_growth_yearly": 0
        },
        "20201": {
            "year_quarter": 20201,
            "year": 2020,
            "quarter": 1,
            "eps": -0.03,
            "eps_growth_year": null,
            "eps_4q": -0.52,
            "eps_4q_growth_year": null,
            "roe": -0.76,
            "roe_4q": -13.809999999999999,
            "gross_profit": 17893,
            "gross_margin": 9.4,
            "gross_margin_4q_avg": 8,
            "net_income": -3327,
            "net_income_4q": null,
            "revenue": 190312,
            "revenue_4q": null,
            "common_shares": 1265313,
            "book_valuer_per_share": 3.43,
            "book_valuer_per_share_4q_avg": 3.61,
            "equity": 436719,
            "current_ratio": 108.81,
            "debt_ratio": 59.18,
            "inventory_turnover_ratio": 1.32,
            "account_receivable_turnover_ratio": 0.95,
            "reinvestment_rate": null,
            "research_to_sale_ratio": 0.72,
            "price_fair": 0,
            "eps_avg_yearly": 0,
            "eps_latest_yearly": 0,
            "eps_growth_yearly": 0
        },
        "20202": {
            "year_quarter": 20202,
            "year": 2020,
            "quarter": 2,
            "eps": -0.17,
            "eps_growth_year": null,
            "eps_4q": -0.54,
            "eps_4q_growth_year": null,
            "roe": -4.93,
            "roe_4q": -14.969999999999999,
            "gross_profit": 6006,
            "gross_margin": 4.06,
            "gross_margin_4q_avg": 7.5,
            "net_income": -20976,
            "net_income_4q": null,
            "revenue": 147994,
            "revenue_4q": null,
            "common_shares": 1265313,
            "book_valuer_per_share": 3.25,
            "book_valuer_per_share_4q_avg": 3.46,
            "equity": 413408,
            "current_ratio": 106.29,
            "debt_ratio": 57.75,
            "inventory_turnover_ratio": 1.09,
            "account_receivable_turnover_ratio": 0.91,
            "reinvestment_rate": null,
            "research_to_sale_ratio": 1.24,
            "price_fair": 0,
            "eps_avg_yearly": 0,
            "eps_latest_yearly": 0,
            "eps_growth_yearly": 0
        },
        "20203": {
            "year_quarter": 20203,
            "year": 2020,
            "quarter": 3,
            "eps": -0.03,
            "eps_growth_year": null,
            "eps_4q": -0.42,
            "eps_4q_growth_year": null,
            "roe": -0.85,
            "roe_4q": -11.879999999999999,
            "gross_profit": 26086,
            "gross_margin": 13.18,
            "gross_margin_4q_avg": 9.4,
            "net_income": -3528,
            "net_income_4q": null,
            "revenue": 197918,
            "revenue_4q": null,
            "common_shares": 1265313,
            "book_valuer_per_share": 3.24,
            "book_valuer_per_share_4q_avg": 3.35,
            "equity": 412755,
            "current_ratio": 109.06,
            "debt_ratio": 63.39,
            "inventory_turnover_ratio": 1.36,
            "account_receivable_turnover_ratio": 1.28,
            "reinvestment_rate": null,
            "research_to_sale_ratio": 1.16,
            "price_fair": 0,
            "eps_avg_yearly": 0,
            "eps_latest_yearly": 0,
            "eps_growth_yearly": 0
        },
        "20204": {
            "year_quarter": 20204,
            "year": 2020,
            "quarter": 4,
            "eps": 0.3,
            "eps_growth_year": null,
            "eps_4q": 0.07,
            "eps_4q_growth_year": null,
            "roe": 8.72,
            "roe_4q": 2.1800000000000015,
            "gross_profit": 68781,
            "gross_margin": 20.35,
            "gross_margin_4q_avg": 11.75,
            "net_income": 37681,
            "net_income_4q": null,
            "revenue": 338011,
            "revenue_4q": null,
            "common_shares": 1265313,
            "book_valuer_per_share": 3.55,
            "book_valuer_per_share_4q_avg": 3.37,
            "equity": 451676,
            "current_ratio": 111.16,
            "debt_ratio": 66.29,
            "inventory_turnover_ratio": 2.1,
            "account_receivable_turnover_ratio": 1.47,
            "reinvestment_rate": null,
            "research_to_sale_ratio": 0.41,
            "price_fair": 0,
            "eps_avg_yearly": 0,
            "eps_latest_yearly": 0,
            "eps_growth_yearly": 0
        },
        "20211": {
            "year_quarter": 20211,
            "year": 2021,
            "quarter": 1,
            "eps": 0.18,
            "eps_growth_year": null,
            "eps_4q": 0.28,
            "eps_4q_growth_year": null,
            "roe": 5.1,
            "roe_4q": 8.040000000000001,
            "gross_profit": 49784,
            "gross_margin": 17.92,
            "gross_margin_4q_avg": 13.88,
            "net_income": 23604,
            "net_income_4q": null,
            "revenue": 277875,
            "revenue_4q": null,
            "common_shares": 1265313,
            "book_valuer_per_share": 3.71,
            "book_valuer_per_share_4q_avg": 3.44,
            "equity": 473897,
            "current_ratio": 111.17,
            "debt_ratio": 66.73,
            "inventory_turnover_ratio": 1.57,
            "account_receivable_turnover_ratio": 0.99,
            "reinvestment_rate": null,
            "research_to_sale_ratio": 0.32,
            "price_fair": 2.16,
            "eps_avg_yearly": 0.72,
            "eps_latest_yearly": 0.72,
            "eps_growth_yearly": -160
        },
        "20212": {
            "year_quarter": 20212,
            "year": 2021,
            "quarter": 2,
            "eps": 0.42,
            "eps_growth_year": null,
            "eps_4q": 1.04,
            "eps_4q_growth_year": null,
            "roe": 4.86,
            "roe_4q": 17.83,
            "gross_profit": 56898,
            "gross_margin": 16.08,
            "gross_margin_4q_avg": 16.88,
            "net_income": 23652,
            "net_income_4q": null,
            "revenue": 353950,
            "revenue_4q": null,
            "common_shares": 765313,
            "book_valuer_per_share": 6.47,
            "book_valuer_per_share_4q_avg": 4.24,
            "equity": 499370,
            "current_ratio": 99.89,
            "debt_ratio": 69.16,
            "inventory_turnover_ratio": 1.78,
            "account_receivable_turnover_ratio": 1.09,
            "reinvestment_rate": null,
            "research_to_sale_ratio": 0.23,
            "price_fair": 42,
            "eps_avg_yearly": 1.2,
            "eps_latest_yearly": 1.68,
            "eps_growth_yearly": 186.67
        },
        "20213": {
            "year_quarter": 20213,
            "year": 2021,
            "quarter": 3,
            "eps": -0.05,
            "eps_growth_year": null,
            "eps_4q": 0.73,
            "eps_4q_growth_year": null,
            "roe": -0.32,
            "roe_4q": 18.36,
            "gross_profit": 51050,
            "gross_margin": 16.49,
            "gross_margin_4q_avg": 17.71,
            "net_income": -3684,
            "net_income_4q": null,
            "revenue": 309644,
            "revenue_4q": null,
            "common_shares": 1095313,
            "book_valuer_per_share": 16.49,
            "book_valuer_per_share_4q_avg": 7.56,
            "equity": 1810730,
            "current_ratio": 218.79,
            "debt_ratio": 41.33,
            "inventory_turnover_ratio": 1.4,
            "account_receivable_turnover_ratio": 0.92,
            "reinvestment_rate": null,
            "research_to_sale_ratio": 0.74,
            "price_fair": 42,
            "eps_avg_yearly": 1.2,
            "eps_latest_yearly": 1.68,
            "eps_growth_yearly": 186.67
        },
        "20214": {
            "year_quarter": 20214,
            "year": 2021,
            "quarter": 4,
            "eps": 0.35,
            "eps_growth_year": 16.9,
            "eps_4q": 0.74,
            "eps_4q_growth_year": 902.58,
            "roe": 2.13,
            "roe_4q": 11.77,
            "gross_profit": 59666,
            "gross_margin": 14.78,
            "gross_margin_4q_avg": 16.32,
            "net_income": 38622,
            "net_income_4q": null,
            "revenue": 403661,
            "revenue_4q": null,
            "common_shares": 1095313,
            "book_valuer_per_share": 16.59,
            "book_valuer_per_share_4q_avg": 10.82,
            "equity": 1821418,
            "current_ratio": 203,
            "debt_ratio": 43.09,
            "inventory_turnover_ratio": 1.9,
            "account_receivable_turnover_ratio": 1.21,
            "reinvestment_rate": null,
            "research_to_sale_ratio": 1.37,
            "price_fair": 42,
            "eps_avg_yearly": 1.2,
            "eps_latest_yearly": 1.68,
            "eps_growth_yearly": 186.67
        },
        "20221": {
            "year_quarter": 20221,
            "year": 2022,
            "quarter": 1,
            "eps": -0.31,
            "eps_growth_year": -272.22,
            "eps_4q": 0.22,
            "eps_4q_growth_year": -20.76,
            "roe": -1.84,
            "roe_4q": 4.83,
            "gross_profit": 51973,
            "gross_margin": 14.84,
            "gross_margin_4q_avg": 15.55,
            "net_income": -33535,
            "net_income_4q": null,
            "revenue": 350170,
            "revenue_4q": null,
            "common_shares": 1095313,
            "book_valuer_per_share": 16.51,
            "book_valuer_per_share_4q_avg": 14.02,
            "equity": 1814329,
            "current_ratio": 108.07,
            "debt_ratio": 45.2,
            "inventory_turnover_ratio": 1.58,
            "account_receivable_turnover_ratio": 1.03,
            "reinvestment_rate": null,
            "research_to_sale_ratio": 3.7,
            "price_fair": 42,
            "eps_avg_yearly": 1.2,
            "eps_latest_yearly": 1.68,
            "eps_growth_yearly": 186.67
        },
        "20222": {
            "year_quarter": 20222,
            "year": 2022,
            "quarter": 2,
            "eps": -0.49,
            "eps_growth_year": -216.67,
            "eps_4q": -0.48,
            "eps_4q_growth_year": -146.2,
            "roe": -2.97,
            "roe_4q": -3.0000000000000004,
            "gross_profit": 64644,
            "gross_margin": 12.28,
            "gross_margin_4q_avg": 14.6,
            "net_income": -52687,
            "net_income_4q": null,
            "revenue": 526529,
            "revenue_4q": null,
            "common_shares": 1095313,
            "book_valuer_per_share": 15.78,
            "book_valuer_per_share_4q_avg": 16.34,
            "equity": 1734386,
            "current_ratio": 97.13,
            "debt_ratio": 53.79,
            "inventory_turnover_ratio": 1.66,
            "account_receivable_turnover_ratio": 1.2,
            "reinvestment_rate": null,
            "research_to_sale_ratio": 4.83,
            "price_fair": 42,
            "eps_avg_yearly": 1.2,
            "eps_latest_yearly": 1.68,
            "eps_growth_yearly": 186.67
        },
        "20223": {
            "year_quarter": 20223,
            "year": 2022,
            "quarter": 3,
            "eps": -0.94,
            "eps_growth_year": null,
            "eps_4q": -1.29,
            "eps_4q_growth_year": -275.85,
            "roe": -5.97,
            "roe_4q": -8.649999999999999,
            "gross_profit": 62251,
            "gross_margin": 9.96,
            "gross_margin_4q_avg": 12.97,
            "net_income": -102698,
            "net_income_4q": null,
            "revenue": 625125,
            "revenue_4q": null,
            "common_shares": 1110313,
            "book_valuer_per_share": 15.11,
            "book_valuer_per_share_4q_avg": 16,
            "equity": 1708528,
            "current_ratio": 96.61,
            "debt_ratio": 63.4,
            "inventory_turnover_ratio": 1.47,
            "account_receivable_turnover_ratio": 0.89,
            "reinvestment_rate": null,
            "research_to_sale_ratio": 9.41,
            "price_fair": 42,
            "eps_avg_yearly": 1.2,
            "eps_latest_yearly": 1.68,
            "eps_growth_yearly": 186.67
        },
        "20224": {
            "year_quarter": 20224,
            "year": 2022,
            "quarter": 4,
            "eps": -0.16,
            "eps_growth_year": -146.37,
            "eps_4q": -1.61,
            "eps_4q_growth_year": -319.4,
            "roe": -1.06,
            "roe_4q": -11.84,
            "gross_profit": 104848,
            "gross_margin": 11.27,
            "gross_margin_4q_avg": 12.09,
            "net_income": -22271,
            "net_income_4q": null,
            "revenue": 930444,
            "revenue_4q": null,
            "common_shares": 1309373,
            "book_valuer_per_share": 19.05,
            "book_valuer_per_share_4q_avg": 16.61,
            "equity": 2499568,
            "current_ratio": 123.33,
            "debt_ratio": 57.98,
            "inventory_turnover_ratio": 1.66,
            "account_receivable_turnover_ratio": 0.8,
            "reinvestment_rate": null,
            "research_to_sale_ratio": 4.14,
            "price_fair": 42,
            "eps_avg_yearly": 1.2,
            "eps_latest_yearly": 1.68,
            "eps_growth_yearly": 186.67
        },
        "20231": {
            "year_quarter": 20231,
            "year": 2023,
            "quarter": 1,
            "eps": -0.06,
            "eps_growth_year": null,
            "eps_4q": -1.42,
            "eps_4q_growth_year": -746.3,
            "roe": -0.4,
            "roe_4q": -10.4,
            "gross_profit": 111232,
            "gross_margin": 13.05,
            "gross_margin_4q_avg": 11.64,
            "net_income": -9942,
            "net_income_4q": null,
            "revenue": 852193,
            "revenue_4q": null,
            "common_shares": 1308973,
            "book_valuer_per_share": 19.26,
            "book_valuer_per_share_4q_avg": 17.3,
            "equity": 2524627,
            "current_ratio": 124.58,
            "debt_ratio": 59.31,
            "inventory_turnover_ratio": 1.2,
            "account_receivable_turnover_ratio": 0.51,
            "reinvestment_rate": null,
            "research_to_sale_ratio": 2.18,
            "price_fair": 42,
            "eps_avg_yearly": 1.2,
            "eps_latest_yearly": 1.68,
            "eps_growth_yearly": 186.67
        },
        "20232": {
            "year_quarter": 20232,
            "year": 2023,
            "quarter": 2,
            "eps": 0.22,
            "eps_growth_year": null,
            "eps_4q": -0.79,
            "eps_4q_growth_year": null,
            "roe": 1.19,
            "roe_4q": -6.24,
            "gross_profit": 93821,
            "gross_margin": 11.32,
            "gross_margin_4q_avg": 11.4,
            "net_income": 30197,
            "net_income_4q": null,
            "revenue": 829034,
            "revenue_4q": null,
            "common_shares": 1308193,
            "book_valuer_per_share": 19.54,
            "book_valuer_per_share_4q_avg": 18.24,
            "equity": 2560739,
            "current_ratio": 119.45,
            "debt_ratio": 56.6,
            "inventory_turnover_ratio": 1.27,
            "account_receivable_turnover_ratio": 0.5,
            "reinvestment_rate": null,
            "research_to_sale_ratio": 2.92,
            "price_fair": 42,
            "eps_avg_yearly": 1.2,
            "eps_latest_yearly": 1.68,
            "eps_growth_yearly": 186.67
        },
        "20233": {
            "year_quarter": 20233,
            "year": 2023,
            "quarter": 3,
            "eps": 0.6,
            "eps_growth_year": null,
            "eps_4q": 0.59,
            "eps_4q_growth_year": null,
            "roe": 3,
            "roe_4q": 2.7299999999999995,
            "gross_profit": 40575,
            "gross_margin": 5.05,
            "gross_margin_4q_avg": 10.17,
            "net_income": 77667,
            "net_income_4q": null,
            "revenue": 803540,
            "revenue_4q": null,
            "common_shares": 1306344,
            "book_valuer_per_share": 20.06,
            "book_valuer_per_share_4q_avg": 19.48,
            "equity": 2624742,
            "current_ratio": 113.63,
            "debt_ratio": 59.26,
            "inventory_turnover_ratio": 1.56,
            "account_receivable_turnover_ratio": 0.52,
            "reinvestment_rate": null,
            "research_to_sale_ratio": 2.47,
            "price_fair": 56,
            "eps_avg_yearly": 1.6,
            "eps_latest_yearly": 2.4,
            "eps_growth_yearly": 354.75
        },
        "20234": {
            "year_quarter": 20234,
            "year": 2023,
            "quarter": 4,
            "eps": 0.25,
            "eps_growth_year": null,
            "eps_4q": 1.01,
            "eps_4q_growth_year": null,
            "roe": 1.29,
            "roe_4q": 5.08,
            "gross_profit": 148949,
            "gross_margin": 13.44,
            "gross_margin_4q_avg": 10.72,
            "net_income": 34221,
            "net_income_4q": null,
            "revenue": 1108087,
            "revenue_4q": null,
            "common_shares": 1306141,
            "book_valuer_per_share": 20.49,
            "book_valuer_per_share_4q_avg": 19.84,
            "equity": 2681713,
            "current_ratio": 101.81,
            "debt_ratio": 60.05,
            "inventory_turnover_ratio": 1.96,
            "account_receivable_turnover_ratio": 0.67,
            "reinvestment_rate": 27199.3,
            "research_to_sale_ratio": 3.95,
            "price_fair": 50.75,
            "eps_avg_yearly": 1.45,
            "eps_latest_yearly": 1,
            "eps_growth_yearly": 207.73
        }
    },
    "months": {
        "2004-02": {
            "month": "2004-02",
            "price": "12.36",
            "revenue": 34276
        },
        "2004-03": {
            "month": "2004-03",
            "price": "14.23",
            "revenue": 38379
        },
        "2004-04": {
            "month": "2004-04",
            "price": "14.98",
            "revenue": 34621
        },
        "2004-05": {
            "month": "2004-05",
            "price": "14.97",
            "revenue": 33019
        },
        "2004-06": {
            "month": "2004-06",
            "price": "14.97",
            "revenue": 37809
        },
        "2004-07": {
            "month": "2004-07",
            "price": "14.97",
            "revenue": 36723
        },
        "2004-08": {
            "month": "2004-08",
            "price": "14.30",
            "revenue": 40860
        },
        "2004-09": {
            "month": "2004-09",
            "price": "13.98",
            "revenue": 38223
        },
        "2004-10": {
            "month": "2004-10",
            "price": "11.53",
            "revenue": 42415
        },
        "2004-11": {
            "month": "2004-11",
            "price": "11.28",
            "revenue": 48636
        },
        "2004-12": {
            "month": "2004-12",
            "price": "11.28",
            "revenue": 49976
        },
        "2005-01": {
            "month": "2005-01",
            "price": "11.32",
            "revenue": 45336
        },
        "2005-02": {
            "month": "2005-02",
            "price": "10.99",
            "revenue": 41744
        },
        "2005-03": {
            "month": "2005-03",
            "price": "11.37",
            "revenue": 43126
        },
        "2005-04": {
            "month": "2005-04",
            "price": "12.29",
            "revenue": 45355
        },
        "2005-05": {
            "month": "2005-05",
            "price": "14.17",
            "revenue": 42759
        },
        "2005-06": {
            "month": "2005-06",
            "price": "14.33",
            "revenue": 38034
        },
        "2005-07": {
            "month": "2005-07",
            "price": "13.29",
            "revenue": 42049
        },
        "2005-08": {
            "month": "2005-08",
            "price": "18.01",
            "revenue": 42461
        },
        "2005-09": {
            "month": "2005-09",
            "price": "19.16",
            "revenue": 40041
        },
        "2005-10": {
            "month": "2005-10",
            "price": "14.54",
            "revenue": 42563
        },
        "2005-11": {
            "month": "2005-11",
            "price": "15.99",
            "revenue": 50531
        },
        "2005-12": {
            "month": "2005-12",
            "price": "17.70",
            "revenue": 46719
        },
        "2006-01": {
            "month": "2006-01",
            "price": "16.82",
            "revenue": 46845
        },
        "2006-02": {
            "month": "2006-02",
            "price": "17.32",
            "revenue": 41638
        },
        "2006-03": {
            "month": "2006-03",
            "price": "16.63",
            "revenue": 41779
        },
        "2006-04": {
            "month": "2006-04",
            "price": "16.17",
            "revenue": 46110
        },
        "2006-05": {
            "month": "2006-05",
            "price": "17.01",
            "revenue": 55046
        },
        "2006-06": {
            "month": "2006-06",
            "price": "16.22",
            "revenue": 71920
        },
        "2006-07": {
            "month": "2006-07",
            "price": "15.69",
            "revenue": 61630
        },
        "2006-08": {
            "month": "2006-08",
            "price": "16.08",
            "revenue": 61225
        },
        "2006-09": {
            "month": "2006-09",
            "price": "16.63",
            "revenue": 58675
        },
        "2006-10": {
            "month": "2006-10",
            "price": "15.60",
            "revenue": 62451
        },
        "2006-11": {
            "month": "2006-11",
            "price": "14.18",
            "revenue": 61409
        },
        "2006-12": {
            "month": "2006-12",
            "price": "14.44",
            "revenue": 54934
        },
        "2007-01": {
            "month": "2007-01",
            "price": "14.29",
            "revenue": 56295
        },
        "2007-02": {
            "month": "2007-02",
            "price": "14.31",
            "revenue": 45644
        },
        "2007-03": {
            "month": "2007-03",
            "price": "14.33",
            "revenue": 59285
        },
        "2007-04": {
            "month": "2007-04",
            "price": "14.86",
            "revenue": 52011
        },
        "2007-05": {
            "month": "2007-05",
            "price": "14.78",
            "revenue": 55970
        },
        "2007-06": {
            "month": "2007-06",
            "price": "17.33",
            "revenue": 53709
        },
        "2007-07": {
            "month": "2007-07",
            "price": "20.50",
            "revenue": 54470
        },
        "2007-08": {
            "month": "2007-08",
            "price": "16.09",
            "revenue": 62112
        },
        "2007-09": {
            "month": "2007-09",
            "price": "15.34",
            "revenue": 65202
        },
        "2007-10": {
            "month": "2007-10",
            "price": "15.14",
            "revenue": 73473
        },
        "2007-11": {
            "month": "2007-11",
            "price": "13.91",
            "revenue": 75809
        },
        "2007-12": {
            "month": "2007-12",
            "price": "12.59",
            "revenue": 81749
        },
        "2008-01": {
            "month": "2008-01",
            "price": "13.93",
            "revenue": 71600
        },
        "2008-02": {
            "month": "2008-02",
            "price": "16.18",
            "revenue": 56602
        },
        "2008-03": {
            "month": "2008-03",
            "price": "16.15",
            "revenue": 58118
        },
        "2008-04": {
            "month": "2008-04",
            "price": "16.05",
            "revenue": 66631
        },
        "2008-05": {
            "month": "2008-05",
            "price": "15.93",
            "revenue": 84088
        },
        "2008-06": {
            "month": "2008-06",
            "price": "16.66",
            "revenue": 91789
        },
        "2008-07": {
            "month": "2008-07",
            "price": "14.64",
            "revenue": 74409
        },
        "2008-08": {
            "month": "2008-08",
            "price": "14.12",
            "revenue": 86656
        },
        "2008-09": {
            "month": "2008-09",
            "price": "11.86",
            "revenue": 91178
        },
        "2008-10": {
            "month": "2008-10",
            "price": "10.81",
            "revenue": 103545
        },
        "2008-11": {
            "month": "2008-11",
            "price": "11.37",
            "revenue": 93800
        },
        "2008-12": {
            "month": "2008-12",
            "price": "10.30",
            "revenue": 50739
        },
        "2009-01": {
            "month": "2009-01",
            "price": "9.99",
            "revenue": 52561
        },
        "2009-02": {
            "month": "2009-02",
            "price": "9.41",
            "revenue": 48878
        },
        "2009-03": {
            "month": "2009-03",
            "price": "9.71",
            "revenue": 51592
        },
        "2009-04": {
            "month": "2009-04",
            "price": "11.17",
            "revenue": 55828
        },
        "2009-05": {
            "month": "2009-05",
            "price": "11.39",
            "revenue": 53984
        },
        "2009-06": {
            "month": "2009-06",
            "price": "11.36",
            "revenue": 48391
        },
        "2009-07": {
            "month": "2009-07",
            "price": "12.31",
            "revenue": 53774
        },
        "2009-08": {
            "month": "2009-08",
            "price": "12.18",
            "revenue": 55217
        },
        "2009-09": {
            "month": "2009-09",
            "price": "11.62",
            "revenue": 57835
        },
        "2009-10": {
            "month": "2009-10",
            "price": "11.96",
            "revenue": 60993
        },
        "2009-11": {
            "month": "2009-11",
            "price": "12.46",
            "revenue": 61460
        },
        "2009-12": {
            "month": "2009-12",
            "price": "13.20",
            "revenue": 65244
        },
        "2010-01": {
            "month": "2010-01",
            "price": "18.14",
            "revenue": 72220
        },
        "2010-02": {
            "month": "2010-02",
            "price": "14.80",
            "revenue": 67668
        },
        "2010-03": {
            "month": "2010-03",
            "price": "16.42",
            "revenue": 70386
        },
        "2010-04": {
            "month": "2010-04",
            "price": "16.58",
            "revenue": 71322
        },
        "2010-05": {
            "month": "2010-05",
            "price": "14.33",
            "revenue": 73028
        },
        "2010-06": {
            "month": "2010-06",
            "price": "13.41",
            "revenue": 77425
        },
        "2010-07": {
            "month": "2010-07",
            "price": "14.10",
            "revenue": 71761
        },
        "2010-08": {
            "month": "2010-08",
            "price": "14.60",
            "revenue": 76071
        },
        "2010-09": {
            "month": "2010-09",
            "price": "14.81",
            "revenue": 69772
        },
        "2010-10": {
            "month": "2010-10",
            "price": "13.85",
            "revenue": 70912
        },
        "2010-11": {
            "month": "2010-11",
            "price": "12.76",
            "revenue": 81782
        },
        "2010-12": {
            "month": "2010-12",
            "price": "12.83",
            "revenue": 88414
        },
        "2011-01": {
            "month": "2011-01",
            "price": "12.54",
            "revenue": 69997
        },
        "2011-02": {
            "month": "2011-02",
            "price": "11.84",
            "revenue": 65784
        },
        "2011-03": {
            "month": "2011-03",
            "price": "11.63",
            "revenue": 62963
        },
        "2011-04": {
            "month": "2011-04",
            "price": "11.64",
            "revenue": 55863
        },
        "2011-05": {
            "month": "2011-05",
            "price": "11.35",
            "revenue": 64379
        },
        "2011-06": {
            "month": "2011-06",
            "price": "10.87",
            "revenue": 69560
        },
        "2011-07": {
            "month": "2011-07",
            "price": "10.25",
            "revenue": 73854
        },
        "2011-08": {
            "month": "2011-08",
            "price": "10.01",
            "revenue": 81073
        },
        "2011-09": {
            "month": "2011-09",
            "price": "10.37",
            "revenue": 73099
        },
        "2011-10": {
            "month": "2011-10",
            "price": "9.50",
            "revenue": 72356
        },
        "2011-11": {
            "month": "2011-11",
            "price": "9.49",
            "revenue": 73630
        },
        "2011-12": {
            "month": "2011-12",
            "price": "8.45",
            "revenue": 67583
        },
        "2012-01": {
            "month": "2012-01",
            "price": "7.95",
            "revenue": 48121
        },
        "2012-02": {
            "month": "2012-02",
            "price": "8.91",
            "revenue": 52512
        },
        "2012-03": {
            "month": "2012-03",
            "price": "9.06",
            "revenue": 57805
        },
        "2012-04": {
            "month": "2012-04",
            "price": "8.33",
            "revenue": 52883
        },
        "2012-05": {
            "month": "2012-05",
            "price": "7.56",
            "revenue": 73743
        },
        "2012-06": {
            "month": "2012-06",
            "price": "8.38",
            "revenue": 79650
        },
        "2012-07": {
            "month": "2012-07",
            "price": "9.11",
            "revenue": 78778
        },
        "2012-08": {
            "month": "2012-08",
            "price": "9.88",
            "revenue": 80894
        },
        "2012-09": {
            "month": "2012-09",
            "price": "10.89",
            "revenue": 78416
        },
        "2012-10": {
            "month": "2012-10",
            "price": "11.05",
            "revenue": 70457
        },
        "2012-11": {
            "month": "2012-11",
            "price": "10.04",
            "revenue": 69439
        },
        "2012-12": {
            "month": "2012-12",
            "price": "10.14",
            "revenue": 64506
        },
        "2013-01": {
            "month": "2013-01",
            "price": "9.66",
            "revenue": 56223
        },
        "2013-02": {
            "month": "2013-02",
            "price": "9.09",
            "revenue": 41725
        },
        "2013-03": {
            "month": "2013-03",
            "price": "8.53",
            "revenue": 64838
        },
        "2013-04": {
            "month": "2013-04",
            "price": "8.74",
            "revenue": 66959
        },
        "2013-05": {
            "month": "2013-05",
            "price": "8.85",
            "revenue": 72038
        },
        "2013-06": {
            "month": "2013-06",
            "price": "8.62",
            "revenue": 71179
        },
        "2013-07": {
            "month": "2013-07",
            "price": "8.55",
            "revenue": 76740
        },
        "2013-08": {
            "month": "2013-08",
            "price": "8.60",
            "revenue": 67949
        },
        "2013-09": {
            "month": "2013-09",
            "price": "8.38",
            "revenue": 67670
        },
        "2013-10": {
            "month": "2013-10",
            "price": "8.06",
            "revenue": 55372
        },
        "2013-11": {
            "month": "2013-11",
            "price": "7.41",
            "revenue": 63784
        },
        "2013-12": {
            "month": "2013-12",
            "price": "7.22",
            "revenue": 69464
        },
        "2014-01": {
            "month": "2014-01",
            "price": "8.24",
            "revenue": 57645
        },
        "2014-02": {
            "month": "2014-02",
            "price": "8.80",
            "revenue": 56094
        },
        "2014-03": {
            "month": "2014-03",
            "price": "8.67",
            "revenue": 65325
        },
        "2014-04": {
            "month": "2014-04",
            "price": "8.65",
            "revenue": 71075
        },
        "2014-05": {
            "month": "2014-05",
            "price": "8.14",
            "revenue": 63484
        },
        "2014-06": {
            "month": "2014-06",
            "price": "7.97",
            "revenue": 70342
        },
        "2014-07": {
            "month": "2014-07",
            "price": "7.83",
            "revenue": 70383
        },
        "2014-08": {
            "month": "2014-08",
            "price": "7.81",
            "revenue": 64913
        },
        "2014-09": {
            "month": "2014-09",
            "price": "8.67",
            "revenue": 68277
        },
        "2014-10": {
            "month": "2014-10",
            "price": "8.24",
            "revenue": 74088
        },
        "2014-11": {
            "month": "2014-11",
            "price": "8.42",
            "revenue": 76774
        },
        "2014-12": {
            "month": "2014-12",
            "price": "8.50",
            "revenue": 70839
        },
        "2015-01": {
            "month": "2015-01",
            "price": "8.34",
            "revenue": 75002
        },
        "2015-02": {
            "month": "2015-02",
            "price": "7.95",
            "revenue": 64864
        },
        "2015-03": {
            "month": "2015-03",
            "price": "8.75",
            "revenue": 70690
        },
        "2015-04": {
            "month": "2015-04",
            "price": "8.70",
            "revenue": 69984
        },
        "2015-05": {
            "month": "2015-05",
            "price": "8.18",
            "revenue": 69396
        },
        "2015-06": {
            "month": "2015-06",
            "price": "8.09",
            "revenue": 66678
        },
        "2015-07": {
            "month": "2015-07",
            "price": "7.59",
            "revenue": 61505
        },
        "2015-08": {
            "month": "2015-08",
            "price": "6.50",
            "revenue": 59867
        },
        "2015-09": {
            "month": "2015-09",
            "price": "6.13",
            "revenue": 60409
        },
        "2015-10": {
            "month": "2015-10",
            "price": "6.18",
            "revenue": 59167
        },
        "2015-11": {
            "month": "2015-11",
            "price": "6.09",
            "revenue": 57126
        },
        "2015-12": {
            "month": "2015-12",
            "price": "5.73",
            "revenue": 70429
        },
        "2016-01": {
            "month": "2016-01",
            "price": "5.34",
            "revenue": 55817
        },
        "2016-02": {
            "month": "2016-02",
            "price": "5.38",
            "revenue": 33088
        },
        "2016-03": {
            "month": "2016-03",
            "price": "5.89",
            "revenue": 62235
        },
        "2016-04": {
            "month": "2016-04",
            "price": "5.73",
            "revenue": 57827
        },
        "2016-05": {
            "month": "2016-05",
            "price": "5.33",
            "revenue": 57044
        },
        "2016-06": {
            "month": "2016-06",
            "price": "5.32",
            "revenue": 52012
        },
        "2016-07": {
            "month": "2016-07",
            "price": "5.94",
            "revenue": 55111
        },
        "2016-08": {
            "month": "2016-08",
            "price": "6.15",
            "revenue": 60598
        },
        "2016-09": {
            "month": "2016-09",
            "price": "6.60",
            "revenue": 57673
        },
        "2016-10": {
            "month": "2016-10",
            "price": "7.15",
            "revenue": 48299
        },
        "2016-11": {
            "month": "2016-11",
            "price": "6.77",
            "revenue": 54982
        },
        "2016-12": {
            "month": "2016-12",
            "price": "6.42",
            "revenue": 52448
        },
        "2017-01": {
            "month": "2017-01",
            "price": "6.15",
            "revenue": 41885
        },
        "2017-02": {
            "month": "2017-02",
            "price": "6.11",
            "revenue": 33343
        },
        "2017-03": {
            "month": "2017-03",
            "price": "6.68",
            "revenue": 52534
        },
        "2017-04": {
            "month": "2017-04",
            "price": "6.62",
            "revenue": 41499
        },
        "2017-05": {
            "month": "2017-05",
            "price": "16.04",
            "revenue": 41187
        },
        "2017-06": {
            "month": "2017-06",
            "price": "19.22",
            "revenue": 50641
        },
        "2017-07": {
            "month": "2017-07",
            "price": "16.16",
            "revenue": 48428
        },
        "2017-08": {
            "month": "2017-08",
            "price": "20.25",
            "revenue": 52539
        },
        "2017-09": {
            "month": "2017-09",
            "price": "32.36",
            "revenue": 51174
        },
        "2017-10": {
            "month": "2017-10",
            "price": "31.42",
            "revenue": 53372
        },
        "2017-11": {
            "month": "2017-11",
            "price": "33.43",
            "revenue": 59461
        },
        "2017-12": {
            "month": "2017-12",
            "price": "37.42",
            "revenue": 52590
        },
        "2018-01": {
            "month": "2018-01",
            "price": "35.35",
            "revenue": 50470
        },
        "2018-02": {
            "month": "2018-02",
            "price": "27.35",
            "revenue": 35992
        },
        "2018-03": {
            "month": "2018-03",
            "price": "27.31",
            "revenue": 49111
        },
        "2018-04": {
            "month": "2018-04",
            "price": "24.23",
            "revenue": 50051
        },
        "2018-05": {
            "month": "2018-05",
            "price": "24.98",
            "revenue": 44403
        },
        "2018-06": {
            "month": "2018-06",
            "price": "25.40",
            "revenue": 59774
        },
        "2018-07": {
            "month": "2018-07",
            "price": "28.85",
            "revenue": 58176
        },
        "2018-08": {
            "month": "2018-08",
            "price": "28.08",
            "revenue": 72969
        },
        "2018-09": {
            "month": "2018-09",
            "price": "25.27",
            "revenue": 64141
        },
        "2018-10": {
            "month": "2018-10",
            "price": "24.58",
            "revenue": 67092
        },
        "2018-11": {
            "month": "2018-11",
            "price": "22.89",
            "revenue": 50159
        },
        "2018-12": {
            "month": "2018-12",
            "price": "23.26",
            "revenue": 42793
        },
        "2019-01": {
            "month": "2019-01",
            "price": "22.46",
            "revenue": 59720
        },
        "2019-02": {
            "month": "2019-02",
            "price": "19.73",
            "revenue": 64822
        },
        "2019-03": {
            "month": "2019-03",
            "price": "20.07",
            "revenue": 79553
        },
        "2019-04": {
            "month": "2019-04",
            "price": "19.28",
            "revenue": 79284
        },
        "2019-05": {
            "month": "2019-05",
            "price": "18.59",
            "revenue": 51599
        },
        "2019-06": {
            "month": "2019-06",
            "price": "17.98",
            "revenue": 50691
        },
        "2019-07": {
            "month": "2019-07",
            "price": "16.23",
            "revenue": 60571
        },
        "2019-08": {
            "month": "2019-08",
            "price": "18.10",
            "revenue": 93197
        },
        "2019-09": {
            "month": "2019-09",
            "price": "16.37",
            "revenue": 79979
        },
        "2019-10": {
            "month": "2019-10",
            "price": "14.94",
            "revenue": 68671
        },
        "2019-11": {
            "month": "2019-11",
            "price": "12.73",
            "revenue": 59721
        },
        "2019-12": {
            "month": "2019-12",
            "price": "12.26",
            "revenue": 86071
        },
        "2020-01": {
            "month": "2020-01",
            "price": "11.52",
            "revenue": 63637
        },
        "2020-02": {
            "month": "2020-02",
            "price": "10.05",
            "revenue": 38809
        },
        "2020-03": {
            "month": "2020-03",
            "price": "8.18",
            "revenue": 88487
        },
        "2020-04": {
            "month": "2020-04",
            "price": "7.22",
            "revenue": 77890
        },
        "2020-05": {
            "month": "2020-05",
            "price": "9.09",
            "revenue": 38799
        },
        "2020-06": {
            "month": "2020-06",
            "price": "9.25",
            "revenue": 34955
        },
        "2020-07": {
            "month": "2020-07",
            "price": "10.09",
            "revenue": 50478
        },
        "2020-08": {
            "month": "2020-08",
            "price": "10.19",
            "revenue": 69923
        },
        "2020-09": {
            "month": "2020-09",
            "price": "12.65",
            "revenue": 77397
        },
        "2020-10": {
            "month": "2020-10",
            "price": "18.59",
            "revenue": 112659
        },
        "2020-11": {
            "month": "2020-11",
            "price": "17.82",
            "revenue": 96185
        },
        "2020-12": {
            "month": "2020-12",
            "price": "16.85",
            "revenue": 144605
        },
        "2021-01": {
            "month": "2021-01",
            "price": "17.63",
            "revenue": 120537
        },
        "2021-02": {
            "month": "2021-02",
            "price": "18.62",
            "revenue": 60769
        },
        "2021-03": {
            "month": "2021-03",
            "price": "24.64",
            "revenue": 107186
        },
        "2021-04": {
            "month": "2021-04",
            "price": "26.88",
            "revenue": 106184
        },
        "2021-05": {
            "month": "2021-05",
            "price": "25.93",
            "revenue": 91022
        },
        "2021-06": {
            "month": "2021-06",
            "price": "24.99",
            "revenue": 168835
        },
        "2021-07": {
            "month": "2021-07",
            "price": "47.33",
            "revenue": 84788
        },
        "2021-08": {
            "month": "2021-08",
            "price": "52.30",
            "revenue": 133721
        },
        "2021-09": {
            "month": "2021-09",
            "price": "48.36",
            "revenue": 95464
        },
        "2021-10": {
            "month": "2021-10",
            "price": "45.46",
            "revenue": 91850
        },
        "2021-11": {
            "month": "2021-11",
            "price": "47.22",
            "revenue": 171170
        },
        "2021-12": {
            "month": "2021-12",
            "price": "46.49",
            "revenue": 113700
        },
        "2022-01": {
            "month": "2022-01",
            "price": "47.05",
            "revenue": 141129
        },
        "2022-02": {
            "month": "2022-02",
            "price": "45.67",
            "revenue": 76213
        },
        "2022-03": {
            "month": "2022-03",
            "price": "41.97",
            "revenue": 132828
        },
        "2022-04": {
            "month": "2022-04",
            "price": "39.83",
            "revenue": 139795
        },
        "2022-05": {
            "month": "2022-05",
            "price": "36.99",
            "revenue": 131008
        },
        "2022-06": {
            "month": "2022-06",
            "price": "38.90",
            "revenue": 224664
        },
        "2022-07": {
            "month": "2022-07",
            "price": "43.36",
            "revenue": 186819
        },
        "2022-08": {
            "month": "2022-08",
            "price": "46.98",
            "revenue": 230981
        },
        "2022-09": {
            "month": "2022-09",
            "price": "48.46",
            "revenue": 216488
        },
        "2022-10": {
            "month": "2022-10",
            "price": "42.94",
            "revenue": 307776
        },
        "2022-11": {
            "month": "2022-11",
            "price": "43.11",
            "revenue": 313810
        },
        "2022-12": {
            "month": "2022-12",
            "price": "48.98",
            "revenue": 307739
        },
        "2023-01": {
            "month": "2023-01",
            "price": "48.58",
            "revenue": 206039
        },
        "2023-02": {
            "month": "2023-02",
            "price": "53.38",
            "revenue": 399474
        },
        "2023-03": {
            "month": "2023-03",
            "price": "57.65",
            "revenue": 246679
        },
        "2023-04": {
            "month": "2023-04",
            "price": "54.39",
            "revenue": 301155
        },
        "2023-05": {
            "month": "2023-05",
            "price": "52.32",
            "revenue": 278382
        },
        "2023-06": {
            "month": "2023-06",
            "price": "54.12",
            "revenue": 249467
        },
        "2023-07": {
            "month": "2023-07",
            "price": "49.09",
            "revenue": 249097
        },
        "2023-08": {
            "month": "2023-08",
            "price": "47.96",
            "revenue": 280116
        },
        "2023-09": {
            "month": "2023-09",
            "price": "50.18",
            "revenue": 251942
        },
        "2023-10": {
            "month": "2023-10",
            "price": "48.41",
            "revenue": 314172
        },
        "2023-11": {
            "month": "2023-11",
            "price": "45.57",
            "revenue": 381718
        },
        "2023-12": {
            "month": "2023-12",
            "price": "47.29",
            "revenue": 423892
        }
    }
}
