{
    "summary": {
        "stock_name": "波若威",
        "stock_id": "3163",
        "category": "通信網路",
        "main_business": "高密度波分多工器/解多工器與合波器之設計、生產與銷售服務<br>全光纖式波長存取多工器之設計、生產與銷售服務<br>光機電主動被動元件、模組及次系統之設計、生產與銷售服務",
        "website_url": "http://www.browave.com",
        "ceo": "黃裕文",
        "pe_ratio": 16,
        "report_year_from": 2001,
        "report_year_to": 2023,
        "age": 23,
        "eps_negative_percentage": 17,
        "eps_growth_avg": {
            "last_all": 0.42,
            "last_2y": 6.39,
            "last_4y": 33.34,
            "last_8y": -4.76,
            "last_12y": null,
            "last_16y": null,
            "last_20y": null,
            "at_2006_last_3y": null,
            "at_2007_last_3y": null,
            "at_2008_last_3y": null,
            "at_2009_last_3y": null,
            "at_2010_last_3y": null,
            "at_2011_last_3y": null,
            "at_2012_last_3y": null,
            "at_2013_last_3y": null,
            "at_2014_last_3y": null,
            "at_2015_last_3y": null,
            "at_2016_last_3y": -20.98,
            "at_2017_last_3y": -87.65,
            "at_2018_last_3y": -100,
            "at_2019_last_3y": -3.33,
            "at_2020_last_3y": 15.84,
            "at_2021_last_3y": 27.34,
            "at_2022_last_3y": 45.51,
            "at_2023_last_3y": 18.34,
            "at_2024_last_3y": 18.34,
            "at_2006_last_all": null,
            "at_2007_last_all": null,
            "at_2008_last_all": null,
            "at_2009_last_all": null,
            "at_2010_last_all": null,
            "at_2011_last_all": null,
            "at_2012_last_all": null,
            "at_2013_last_all": null,
            "at_2014_last_all": 18.53,
            "at_2015_last_all": -20.98,
            "at_2016_last_all": -20.98,
            "at_2017_last_all": -40.74,
            "at_2018_last_all": -40.74,
            "at_2019_last_all": -13.92,
            "at_2020_last_all": -2.57,
            "at_2021_last_all": -11.56,
            "at_2022_last_all": 2.39,
            "at_2023_last_all": 0.42,
            "at_2024_last_all": 0.42
        },
        "latest_eps": 5.78,
        "latest_price": 89.9,
        "latest_roe": 19.64,
        "latest_gross_margin": 16.67,
        "latest_equity": 2600370,
        "latest_revenue": 732937,
        "latest_gross_profit": 122216,
        "latest_net_income": 180803,
        "latest_debt_ratio": 26.65,
        "latest_current_ratio": 339.19,
        "latest_account_receivable_turnover_ratio": 1.37,
        "latest_inventory_turnover_ratio": 2.42,
        "latest_reinvestment_rate": -20.13,
        "latest_research_to_sale_ratio": 3.68
    },
    "eps_dividends": {
        "2001": {
            "cash": 0,
            "stock": 0,
            "eps": 0
        },
        "2002": {
            "cash": 0,
            "stock": 0,
            "eps": 0
        },
        "2003": {
            "cash": 0,
            "stock": 0,
            "eps": 0
        },
        "2004": {
            "cash": 0,
            "stock": 0,
            "eps": 0
        },
        "2005": {
            "cash": 0,
            "stock": 0,
            "eps": 0
        },
        "2006": {
            "cash": 0,
            "stock": 0,
            "eps": 0
        },
        "2007": {
            "cash": 0,
            "stock": 0,
            "eps": 0
        },
        "2008": {
            "cash": 0,
            "stock": 0,
            "eps": 0
        },
        "2009": {
            "cash": 0,
            "stock": 0,
            "eps": 0
        },
        "2010": {
            "cash": 0,
            "stock": 0,
            "eps": 0
        },
        "2011": {
            "cash": 0,
            "stock": 0,
            "eps": 0
        },
        "2012": {
            "cash": 0.2,
            "stock": 0.91,
            "eps": 1.93
        },
        "2013": {
            "cash": 1.5,
            "stock": 0,
            "eps": 5.64
        },
        "2014": {
            "cash": 2.59,
            "stock": 0,
            "eps": 2.09
        },
        "2015": {
            "cash": 1.1,
            "stock": 0,
            "eps": -0.96
        },
        "2016": {
            "cash": 0,
            "stock": 0,
            "eps": 4.08
        },
        "2017": {
            "cash": 2.2,
            "stock": 0,
            "eps": -0.31
        },
        "2018": {
            "cash": 0,
            "stock": 0,
            "eps": 1.05
        },
        "2019": {
            "cash": 0.6,
            "stock": 0,
            "eps": 2.03
        },
        "2020": {
            "cash": 1.2,
            "stock": 0,
            "eps": 3.13
        },
        "2021": {
            "cash": 2.5,
            "stock": 0,
            "eps": 1.08
        },
        "2022": {
            "cash": 1,
            "stock": 0,
            "eps": 6
        },
        "2023": {
            "cash": 4.2,
            "stock": 0,
            "eps": 5.08
        }
    },
    "dividends": {
        "2012-03-20": {
            "cash": 0.2,
            "stock": 0.91
        },
        "2013-06-25": {
            "cash": 1.5,
            "stock": 0
        },
        "2014-09-19": {
            "cash": 2.59,
            "stock": 0
        },
        "2015-09-18": {
            "cash": 1.1,
            "stock": 0
        },
        "2017-09-15": {
            "cash": 2.2,
            "stock": 0
        },
        "2019-09-06": {
            "cash": 0.6,
            "stock": 0
        },
        "2020-09-09": {
            "cash": 1.2,
            "stock": 0
        },
        "2021-09-11": {
            "cash": 2.5,
            "stock": 0
        },
        "2022-07-15": {
            "cash": 1,
            "stock": 0
        },
        "2023-07-14": {
            "cash": 4.2,
            "stock": 0
        }
    },
    "prices": {
        "200101": "無",
        "200102": "無",
        "200103": "無",
        "200104": "無",
        "200105": "無",
        "200106": "無",
        "200107": "無",
        "200108": "無",
        "200109": "無",
        "200110": "無",
        "200111": "無",
        "200112": "無",
        "200201": "無",
        "200202": "無",
        "200203": "無",
        "200204": "無",
        "200205": "無",
        "200206": "無",
        "200207": "無",
        "200208": "無",
        "200209": "無",
        "200210": "無",
        "200211": "無",
        "200212": "無",
        "200301": "無",
        "200302": "無",
        "200303": "無",
        "200304": "無",
        "200305": "無",
        "200306": "無",
        "200307": "無",
        "200308": "無",
        "200309": "無",
        "200310": "無",
        "200311": "無",
        "200312": "無",
        "200401": "無",
        "200402": "無",
        "200403": "無",
        "200404": "無",
        "200405": "無",
        "200406": "無",
        "200407": "無",
        "200408": "無",
        "200409": "無",
        "200410": "無",
        "200411": "無",
        "200412": "無",
        "200501": "無",
        "200502": "無",
        "200503": "無",
        "200504": "無",
        "200505": "無",
        "200506": "無",
        "200507": "無",
        "200508": "無",
        "200509": "無",
        "200510": "無",
        "200511": "無",
        "200512": "無",
        "200601": "無",
        "200602": "無",
        "200603": "無",
        "200604": "無",
        "200605": "無",
        "200606": "無",
        "200607": "無",
        "200608": "無",
        "200609": "無",
        "200610": "無",
        "200611": "無",
        "200612": "無",
        "200701": "無",
        "200702": "無",
        "200703": "無",
        "200704": "無",
        "200705": "無",
        "200706": "無",
        "200707": "無",
        "200708": "無",
        "200709": "無",
        "200710": "無",
        "200711": "無",
        "200712": "無",
        "200801": "無",
        "200802": "無",
        "200803": "無",
        "200804": "無",
        "200805": "無",
        "200806": "無",
        "200807": "無",
        "200808": "無",
        "200809": "無",
        "200810": "無",
        "200811": "無",
        "200812": "無",
        "200901": "無",
        "200902": "無",
        "200903": "無",
        "200904": "無",
        "200905": "無",
        "200906": "無",
        "200907": "無",
        "200908": "無",
        "200909": "無",
        "200910": "無",
        "200911": "無",
        "200912": "無",
        "201001": "無",
        "201002": "無",
        "201003": "無",
        "201004": "無",
        "201005": "無",
        "201006": "無",
        "201007": "無",
        "201008": "無",
        "201009": "無",
        "201010": "無",
        "201011": "無",
        "201012": "無",
        "201101": "無",
        "201102": "無",
        "201103": "無",
        "201104": "無",
        "201105": "無",
        "201106": "無",
        "201107": "無",
        "201108": "無",
        "201109": "無",
        "201110": "無",
        "201111": "21.91",
        "201112": "17.58",
        "201201": "19.91",
        "201202": "25.76",
        "201203": "28.95",
        "201204": "29.81",
        "201205": "28.74",
        "201206": "28.12",
        "201207": "29.65",
        "201208": "31.57",
        "201209": "31.12",
        "201210": "29.83",
        "201211": "28.85",
        "201212": "30.99",
        "201301": "36.69",
        "201302": "39.71",
        "201303": "36.69",
        "201304": "38.62",
        "201305": "38.83",
        "201306": "38.57",
        "201307": "48.30",
        "201308": "61.98",
        "201309": "80.26",
        "201310": "80.11",
        "201311": "79.66",
        "201312": "94.77",
        "201401": "93.19",
        "201402": "90.59",
        "201403": "117.68",
        "201404": "133.71",
        "201405": "118.12",
        "201406": "100.15",
        "201407": "87.21",
        "201408": "66.84",
        "201409": "68.51",
        "201410": "58.71",
        "201411": "56.76",
        "201412": "60.18",
        "201501": "58.72",
        "201502": "57.64",
        "201503": "67.19",
        "201504": "67.84",
        "201505": "54.30",
        "201506": "48.34",
        "201507": "49.78",
        "201508": "35.33",
        "201509": "33.93",
        "201510": "38.66",
        "201511": "35.41",
        "201512": "32.81",
        "201601": "30.45",
        "201602": "35.93",
        "201603": "45.45",
        "201604": "43.21",
        "201605": "43.61",
        "201606": "46.69",
        "201607": "52.86",
        "201608": "55.43",
        "201609": "54.26",
        "201610": "48.47",
        "201611": "47.81",
        "201612": "49.23",
        "201701": "48.55",
        "201702": "51.28",
        "201703": "57.45",
        "201704": "55.26",
        "201705": "50.28",
        "201706": "47.12",
        "201707": "45.68",
        "201708": "43.40",
        "201709": "42.76",
        "201710": "41.72",
        "201711": "37.51",
        "201712": "39.72",
        "201801": "39.82",
        "201802": "35.15",
        "201803": "35.14",
        "201804": "32.92",
        "201805": "36.32",
        "201806": "40.47",
        "201807": "38.29",
        "201808": "36.54",
        "201809": "35.19",
        "201810": "29.53",
        "201811": "33.63",
        "201812": "37.15",
        "201901": "44.93",
        "201902": "45.33",
        "201903": "45.81",
        "201904": "50.23",
        "201905": "41.06",
        "201906": "41.16",
        "201907": "46.44",
        "201908": "45.32",
        "201909": "47.21",
        "201910": "48.38",
        "201911": "48.59",
        "201912": "48.60",
        "202001": "48.24",
        "202002": "38.93",
        "202003": "31.36",
        "202004": "35.02",
        "202005": "41.36",
        "202006": "46.98",
        "202007": "60.17",
        "202008": "67.43",
        "202009": "64.69",
        "202010": "65.53",
        "202011": "59.52",
        "202012": "56.27",
        "202101": "49.98",
        "202102": "49.17",
        "202103": "51.68",
        "202104": "55.86",
        "202105": "44.38",
        "202106": "44.82",
        "202107": "44.96",
        "202108": "42.66",
        "202109": "38.67",
        "202110": "37.05",
        "202111": "41.21",
        "202112": "41.46",
        "202201": "40.49",
        "202202": "39.83",
        "202203": "43.31",
        "202204": "45.94",
        "202205": "48.96",
        "202206": "52.55",
        "202207": "47.86",
        "202208": "59.11",
        "202209": "55.66",
        "202210": "47.27",
        "202211": "53.98",
        "202212": "54.10",
        "202301": "52.40",
        "202302": "55.78",
        "202303": "56.09",
        "202304": "55.19",
        "202305": "57.96",
        "202306": "62.26",
        "202307": "74.83",
        "202308": "93.68",
        "202309": "98.54",
        "202310": "94.89",
        "202311": "90.26",
        "202312": "91.41"
    },
    "quarters": {
        "20011": {
            "year_quarter": 20011,
            "year": 2001,
            "quarter": 1,
            "eps": null,
            "eps_growth_year": null,
            "eps_4q": null,
            "eps_4q_growth_year": null,
            "roe": null,
            "roe_4q": 0,
            "gross_profit": null,
            "gross_margin": null,
            "gross_margin_4q_avg": 0,
            "net_income": null,
            "net_income_4q": null,
            "revenue": null,
            "revenue_4q": null,
            "common_shares": null,
            "book_valuer_per_share": null,
            "book_valuer_per_share_4q_avg": 0,
            "equity": null,
            "current_ratio": null,
            "debt_ratio": null,
            "inventory_turnover_ratio": null,
            "account_receivable_turnover_ratio": null,
            "reinvestment_rate": null,
            "research_to_sale_ratio": null,
            "price_fair": 0,
            "eps_avg_yearly": 0,
            "eps_latest_yearly": 0,
            "eps_growth_yearly": 0
        },
        "20012": {
            "year_quarter": 20012,
            "year": 2001,
            "quarter": 2,
            "eps": null,
            "eps_growth_year": null,
            "eps_4q": null,
            "eps_4q_growth_year": null,
            "roe": null,
            "roe_4q": 0,
            "gross_profit": null,
            "gross_margin": null,
            "gross_margin_4q_avg": 0,
            "net_income": null,
            "net_income_4q": null,
            "revenue": null,
            "revenue_4q": null,
            "common_shares": null,
            "book_valuer_per_share": null,
            "book_valuer_per_share_4q_avg": 0,
            "equity": null,
            "current_ratio": null,
            "debt_ratio": null,
            "inventory_turnover_ratio": null,
            "account_receivable_turnover_ratio": null,
            "reinvestment_rate": null,
            "research_to_sale_ratio": null,
            "price_fair": 0,
            "eps_avg_yearly": 0,
            "eps_latest_yearly": 0,
            "eps_growth_yearly": 0
        },
        "20013": {
            "year_quarter": 20013,
            "year": 2001,
            "quarter": 3,
            "eps": null,
            "eps_growth_year": null,
            "eps_4q": null,
            "eps_4q_growth_year": null,
            "roe": null,
            "roe_4q": 0,
            "gross_profit": null,
            "gross_margin": null,
            "gross_margin_4q_avg": 0,
            "net_income": null,
            "net_income_4q": null,
            "revenue": null,
            "revenue_4q": null,
            "common_shares": null,
            "book_valuer_per_share": null,
            "book_valuer_per_share_4q_avg": 0,
            "equity": null,
            "current_ratio": null,
            "debt_ratio": null,
            "inventory_turnover_ratio": null,
            "account_receivable_turnover_ratio": null,
            "reinvestment_rate": null,
            "research_to_sale_ratio": null,
            "price_fair": 0,
            "eps_avg_yearly": 0,
            "eps_latest_yearly": 0,
            "eps_growth_yearly": 0
        },
        "20014": {
            "year_quarter": 20014,
            "year": 2001,
            "quarter": 4,
            "eps": null,
            "eps_growth_year": null,
            "eps_4q": null,
            "eps_4q_growth_year": null,
            "roe": null,
            "roe_4q": 0,
            "gross_profit": null,
            "gross_margin": null,
            "gross_margin_4q_avg": 0,
            "net_income": null,
            "net_income_4q": null,
            "revenue": null,
            "revenue_4q": null,
            "common_shares": 825000,
            "book_valuer_per_share": 23.6,
            "book_valuer_per_share_4q_avg": 5.9,
            "equity": 1946997,
            "current_ratio": 204.54,
            "debt_ratio": 27.24,
            "inventory_turnover_ratio": null,
            "account_receivable_turnover_ratio": null,
            "reinvestment_rate": null,
            "research_to_sale_ratio": null,
            "price_fair": 0,
            "eps_avg_yearly": 0,
            "eps_latest_yearly": 0,
            "eps_growth_yearly": 0
        },
        "20021": {
            "year_quarter": 20021,
            "year": 2002,
            "quarter": 1,
            "eps": null,
            "eps_growth_year": null,
            "eps_4q": null,
            "eps_4q_growth_year": null,
            "roe": null,
            "roe_4q": 0,
            "gross_profit": null,
            "gross_margin": null,
            "gross_margin_4q_avg": 0,
            "net_income": null,
            "net_income_4q": null,
            "revenue": null,
            "revenue_4q": null,
            "common_shares": null,
            "book_valuer_per_share": null,
            "book_valuer_per_share_4q_avg": 5.9,
            "equity": null,
            "current_ratio": null,
            "debt_ratio": null,
            "inventory_turnover_ratio": null,
            "account_receivable_turnover_ratio": null,
            "reinvestment_rate": null,
            "research_to_sale_ratio": null,
            "price_fair": 0,
            "eps_avg_yearly": 0,
            "eps_latest_yearly": 0,
            "eps_growth_yearly": 0
        },
        "20022": {
            "year_quarter": 20022,
            "year": 2002,
            "quarter": 2,
            "eps": null,
            "eps_growth_year": null,
            "eps_4q": null,
            "eps_4q_growth_year": null,
            "roe": null,
            "roe_4q": 0,
            "gross_profit": null,
            "gross_margin": null,
            "gross_margin_4q_avg": 0,
            "net_income": null,
            "net_income_4q": null,
            "revenue": null,
            "revenue_4q": null,
            "common_shares": null,
            "book_valuer_per_share": null,
            "book_valuer_per_share_4q_avg": 5.9,
            "equity": null,
            "current_ratio": null,
            "debt_ratio": null,
            "inventory_turnover_ratio": null,
            "account_receivable_turnover_ratio": null,
            "reinvestment_rate": null,
            "research_to_sale_ratio": null,
            "price_fair": 0,
            "eps_avg_yearly": 0,
            "eps_latest_yearly": 0,
            "eps_growth_yearly": 0
        },
        "20023": {
            "year_quarter": 20023,
            "year": 2002,
            "quarter": 3,
            "eps": null,
            "eps_growth_year": null,
            "eps_4q": null,
            "eps_4q_growth_year": null,
            "roe": null,
            "roe_4q": 0,
            "gross_profit": null,
            "gross_margin": null,
            "gross_margin_4q_avg": 0,
            "net_income": null,
            "net_income_4q": null,
            "revenue": null,
            "revenue_4q": null,
            "common_shares": null,
            "book_valuer_per_share": null,
            "book_valuer_per_share_4q_avg": 5.9,
            "equity": null,
            "current_ratio": null,
            "debt_ratio": null,
            "inventory_turnover_ratio": null,
            "account_receivable_turnover_ratio": null,
            "reinvestment_rate": null,
            "research_to_sale_ratio": null,
            "price_fair": 0,
            "eps_avg_yearly": 0,
            "eps_latest_yearly": 0,
            "eps_growth_yearly": 0
        },
        "20024": {
            "year_quarter": 20024,
            "year": 2002,
            "quarter": 4,
            "eps": null,
            "eps_growth_year": null,
            "eps_4q": null,
            "eps_4q_growth_year": null,
            "roe": null,
            "roe_4q": 0,
            "gross_profit": null,
            "gross_margin": null,
            "gross_margin_4q_avg": 0,
            "net_income": null,
            "net_income_4q": null,
            "revenue": null,
            "revenue_4q": null,
            "common_shares": 825000,
            "book_valuer_per_share": 17.3,
            "book_valuer_per_share_4q_avg": 4.33,
            "equity": 1427330,
            "current_ratio": 148.52,
            "debt_ratio": 33.19,
            "inventory_turnover_ratio": null,
            "account_receivable_turnover_ratio": null,
            "reinvestment_rate": null,
            "research_to_sale_ratio": null,
            "price_fair": 0,
            "eps_avg_yearly": 0,
            "eps_latest_yearly": 0,
            "eps_growth_yearly": 0
        },
        "20031": {
            "year_quarter": 20031,
            "year": 2003,
            "quarter": 1,
            "eps": null,
            "eps_growth_year": null,
            "eps_4q": null,
            "eps_4q_growth_year": null,
            "roe": null,
            "roe_4q": 0,
            "gross_profit": null,
            "gross_margin": null,
            "gross_margin_4q_avg": 0,
            "net_income": null,
            "net_income_4q": null,
            "revenue": null,
            "revenue_4q": null,
            "common_shares": null,
            "book_valuer_per_share": null,
            "book_valuer_per_share_4q_avg": 4.33,
            "equity": null,
            "current_ratio": null,
            "debt_ratio": null,
            "inventory_turnover_ratio": null,
            "account_receivable_turnover_ratio": null,
            "reinvestment_rate": null,
            "research_to_sale_ratio": null,
            "price_fair": 0,
            "eps_avg_yearly": 0,
            "eps_latest_yearly": 0,
            "eps_growth_yearly": 0
        },
        "20032": {
            "year_quarter": 20032,
            "year": 2003,
            "quarter": 2,
            "eps": null,
            "eps_growth_year": null,
            "eps_4q": null,
            "eps_4q_growth_year": null,
            "roe": null,
            "roe_4q": 0,
            "gross_profit": null,
            "gross_margin": null,
            "gross_margin_4q_avg": 0,
            "net_income": null,
            "net_income_4q": null,
            "revenue": null,
            "revenue_4q": null,
            "common_shares": null,
            "book_valuer_per_share": null,
            "book_valuer_per_share_4q_avg": 4.33,
            "equity": null,
            "current_ratio": null,
            "debt_ratio": null,
            "inventory_turnover_ratio": null,
            "account_receivable_turnover_ratio": null,
            "reinvestment_rate": null,
            "research_to_sale_ratio": null,
            "price_fair": 0,
            "eps_avg_yearly": 0,
            "eps_latest_yearly": 0,
            "eps_growth_yearly": 0
        },
        "20033": {
            "year_quarter": 20033,
            "year": 2003,
            "quarter": 3,
            "eps": null,
            "eps_growth_year": null,
            "eps_4q": null,
            "eps_4q_growth_year": null,
            "roe": null,
            "roe_4q": 0,
            "gross_profit": null,
            "gross_margin": null,
            "gross_margin_4q_avg": 0,
            "net_income": null,
            "net_income_4q": null,
            "revenue": null,
            "revenue_4q": null,
            "common_shares": null,
            "book_valuer_per_share": null,
            "book_valuer_per_share_4q_avg": 4.33,
            "equity": null,
            "current_ratio": null,
            "debt_ratio": null,
            "inventory_turnover_ratio": null,
            "account_receivable_turnover_ratio": null,
            "reinvestment_rate": null,
            "research_to_sale_ratio": null,
            "price_fair": 0,
            "eps_avg_yearly": 0,
            "eps_latest_yearly": 0,
            "eps_growth_yearly": 0
        },
        "20034": {
            "year_quarter": 20034,
            "year": 2003,
            "quarter": 4,
            "eps": null,
            "eps_growth_year": null,
            "eps_4q": null,
            "eps_4q_growth_year": null,
            "roe": null,
            "roe_4q": 0,
            "gross_profit": null,
            "gross_margin": null,
            "gross_margin_4q_avg": 0,
            "net_income": null,
            "net_income_4q": null,
            "revenue": null,
            "revenue_4q": null,
            "common_shares": 825000,
            "book_valuer_per_share": 14.38,
            "book_valuer_per_share_4q_avg": 3.6,
            "equity": 1185956,
            "current_ratio": 206.59,
            "debt_ratio": 27.38,
            "inventory_turnover_ratio": null,
            "account_receivable_turnover_ratio": null,
            "reinvestment_rate": null,
            "research_to_sale_ratio": null,
            "price_fair": 0,
            "eps_avg_yearly": 0,
            "eps_latest_yearly": 0,
            "eps_growth_yearly": 0
        },
        "20041": {
            "year_quarter": 20041,
            "year": 2004,
            "quarter": 1,
            "eps": null,
            "eps_growth_year": null,
            "eps_4q": null,
            "eps_4q_growth_year": null,
            "roe": null,
            "roe_4q": 0,
            "gross_profit": null,
            "gross_margin": null,
            "gross_margin_4q_avg": 0,
            "net_income": null,
            "net_income_4q": null,
            "revenue": null,
            "revenue_4q": null,
            "common_shares": null,
            "book_valuer_per_share": null,
            "book_valuer_per_share_4q_avg": 3.6,
            "equity": null,
            "current_ratio": null,
            "debt_ratio": null,
            "inventory_turnover_ratio": null,
            "account_receivable_turnover_ratio": null,
            "reinvestment_rate": null,
            "research_to_sale_ratio": null,
            "price_fair": 0,
            "eps_avg_yearly": 0,
            "eps_latest_yearly": 0,
            "eps_growth_yearly": 0
        },
        "20042": {
            "year_quarter": 20042,
            "year": 2004,
            "quarter": 2,
            "eps": null,
            "eps_growth_year": null,
            "eps_4q": null,
            "eps_4q_growth_year": null,
            "roe": null,
            "roe_4q": 0,
            "gross_profit": null,
            "gross_margin": null,
            "gross_margin_4q_avg": 0,
            "net_income": null,
            "net_income_4q": null,
            "revenue": null,
            "revenue_4q": null,
            "common_shares": null,
            "book_valuer_per_share": null,
            "book_valuer_per_share_4q_avg": 3.6,
            "equity": null,
            "current_ratio": null,
            "debt_ratio": null,
            "inventory_turnover_ratio": null,
            "account_receivable_turnover_ratio": null,
            "reinvestment_rate": null,
            "research_to_sale_ratio": null,
            "price_fair": 0,
            "eps_avg_yearly": 0,
            "eps_latest_yearly": 0,
            "eps_growth_yearly": 0
        },
        "20043": {
            "year_quarter": 20043,
            "year": 2004,
            "quarter": 3,
            "eps": null,
            "eps_growth_year": null,
            "eps_4q": null,
            "eps_4q_growth_year": null,
            "roe": null,
            "roe_4q": 0,
            "gross_profit": null,
            "gross_margin": null,
            "gross_margin_4q_avg": 0,
            "net_income": null,
            "net_income_4q": null,
            "revenue": null,
            "revenue_4q": null,
            "common_shares": null,
            "book_valuer_per_share": null,
            "book_valuer_per_share_4q_avg": 3.6,
            "equity": null,
            "current_ratio": null,
            "debt_ratio": null,
            "inventory_turnover_ratio": null,
            "account_receivable_turnover_ratio": null,
            "reinvestment_rate": null,
            "research_to_sale_ratio": null,
            "price_fair": 0,
            "eps_avg_yearly": 0,
            "eps_latest_yearly": 0,
            "eps_growth_yearly": 0
        },
        "20044": {
            "year_quarter": 20044,
            "year": 2004,
            "quarter": 4,
            "eps": null,
            "eps_growth_year": null,
            "eps_4q": null,
            "eps_4q_growth_year": null,
            "roe": null,
            "roe_4q": 0,
            "gross_profit": null,
            "gross_margin": null,
            "gross_margin_4q_avg": 0,
            "net_income": null,
            "net_income_4q": null,
            "revenue": null,
            "revenue_4q": null,
            "common_shares": 825000,
            "book_valuer_per_share": 7.35,
            "book_valuer_per_share_4q_avg": 1.84,
            "equity": 605979,
            "current_ratio": 107.47,
            "debt_ratio": 41.35,
            "inventory_turnover_ratio": null,
            "account_receivable_turnover_ratio": null,
            "reinvestment_rate": null,
            "research_to_sale_ratio": null,
            "price_fair": 0,
            "eps_avg_yearly": 0,
            "eps_latest_yearly": 0,
            "eps_growth_yearly": 0
        },
        "20051": {
            "year_quarter": 20051,
            "year": 2005,
            "quarter": 1,
            "eps": null,
            "eps_growth_year": null,
            "eps_4q": null,
            "eps_4q_growth_year": null,
            "roe": null,
            "roe_4q": 0,
            "gross_profit": null,
            "gross_margin": null,
            "gross_margin_4q_avg": 0,
            "net_income": null,
            "net_income_4q": null,
            "revenue": null,
            "revenue_4q": null,
            "common_shares": null,
            "book_valuer_per_share": null,
            "book_valuer_per_share_4q_avg": 1.84,
            "equity": null,
            "current_ratio": null,
            "debt_ratio": null,
            "inventory_turnover_ratio": null,
            "account_receivable_turnover_ratio": null,
            "reinvestment_rate": null,
            "research_to_sale_ratio": null,
            "price_fair": 0,
            "eps_avg_yearly": 0,
            "eps_latest_yearly": 0,
            "eps_growth_yearly": 0
        },
        "20052": {
            "year_quarter": 20052,
            "year": 2005,
            "quarter": 2,
            "eps": null,
            "eps_growth_year": null,
            "eps_4q": null,
            "eps_4q_growth_year": null,
            "roe": null,
            "roe_4q": 0,
            "gross_profit": null,
            "gross_margin": null,
            "gross_margin_4q_avg": 0,
            "net_income": null,
            "net_income_4q": null,
            "revenue": null,
            "revenue_4q": null,
            "common_shares": null,
            "book_valuer_per_share": null,
            "book_valuer_per_share_4q_avg": 1.84,
            "equity": null,
            "current_ratio": null,
            "debt_ratio": null,
            "inventory_turnover_ratio": null,
            "account_receivable_turnover_ratio": null,
            "reinvestment_rate": null,
            "research_to_sale_ratio": null,
            "price_fair": 0,
            "eps_avg_yearly": 0,
            "eps_latest_yearly": 0,
            "eps_growth_yearly": 0
        },
        "20053": {
            "year_quarter": 20053,
            "year": 2005,
            "quarter": 3,
            "eps": null,
            "eps_growth_year": null,
            "eps_4q": null,
            "eps_4q_growth_year": null,
            "roe": null,
            "roe_4q": 0,
            "gross_profit": null,
            "gross_margin": null,
            "gross_margin_4q_avg": 0,
            "net_income": null,
            "net_income_4q": null,
            "revenue": null,
            "revenue_4q": null,
            "common_shares": null,
            "book_valuer_per_share": null,
            "book_valuer_per_share_4q_avg": 1.84,
            "equity": null,
            "current_ratio": null,
            "debt_ratio": null,
            "inventory_turnover_ratio": null,
            "account_receivable_turnover_ratio": null,
            "reinvestment_rate": null,
            "research_to_sale_ratio": null,
            "price_fair": 0,
            "eps_avg_yearly": 0,
            "eps_latest_yearly": 0,
            "eps_growth_yearly": 0
        },
        "20054": {
            "year_quarter": 20054,
            "year": 2005,
            "quarter": 4,
            "eps": null,
            "eps_growth_year": null,
            "eps_4q": null,
            "eps_4q_growth_year": null,
            "roe": null,
            "roe_4q": 0,
            "gross_profit": null,
            "gross_margin": null,
            "gross_margin_4q_avg": 0,
            "net_income": null,
            "net_income_4q": null,
            "revenue": null,
            "revenue_4q": null,
            "common_shares": 825000,
            "book_valuer_per_share": 6.69,
            "book_valuer_per_share_4q_avg": 1.67,
            "equity": 551947,
            "current_ratio": 83.03,
            "debt_ratio": 39.13,
            "inventory_turnover_ratio": null,
            "account_receivable_turnover_ratio": null,
            "reinvestment_rate": null,
            "research_to_sale_ratio": null,
            "price_fair": 0,
            "eps_avg_yearly": 0,
            "eps_latest_yearly": 0,
            "eps_growth_yearly": 0
        },
        "20061": {
            "year_quarter": 20061,
            "year": 2006,
            "quarter": 1,
            "eps": null,
            "eps_growth_year": null,
            "eps_4q": null,
            "eps_4q_growth_year": null,
            "roe": null,
            "roe_4q": 0,
            "gross_profit": null,
            "gross_margin": null,
            "gross_margin_4q_avg": 0,
            "net_income": null,
            "net_income_4q": null,
            "revenue": null,
            "revenue_4q": null,
            "common_shares": null,
            "book_valuer_per_share": null,
            "book_valuer_per_share_4q_avg": 1.67,
            "equity": null,
            "current_ratio": null,
            "debt_ratio": null,
            "inventory_turnover_ratio": null,
            "account_receivable_turnover_ratio": null,
            "reinvestment_rate": null,
            "research_to_sale_ratio": null,
            "price_fair": 0,
            "eps_avg_yearly": 0,
            "eps_latest_yearly": 0,
            "eps_growth_yearly": 0
        },
        "20062": {
            "year_quarter": 20062,
            "year": 2006,
            "quarter": 2,
            "eps": null,
            "eps_growth_year": null,
            "eps_4q": null,
            "eps_4q_growth_year": null,
            "roe": null,
            "roe_4q": 0,
            "gross_profit": null,
            "gross_margin": null,
            "gross_margin_4q_avg": 0,
            "net_income": null,
            "net_income_4q": null,
            "revenue": null,
            "revenue_4q": null,
            "common_shares": null,
            "book_valuer_per_share": null,
            "book_valuer_per_share_4q_avg": 1.67,
            "equity": null,
            "current_ratio": null,
            "debt_ratio": null,
            "inventory_turnover_ratio": null,
            "account_receivable_turnover_ratio": null,
            "reinvestment_rate": null,
            "research_to_sale_ratio": null,
            "price_fair": 0,
            "eps_avg_yearly": 0,
            "eps_latest_yearly": 0,
            "eps_growth_yearly": 0
        },
        "20063": {
            "year_quarter": 20063,
            "year": 2006,
            "quarter": 3,
            "eps": null,
            "eps_growth_year": null,
            "eps_4q": null,
            "eps_4q_growth_year": null,
            "roe": null,
            "roe_4q": 0,
            "gross_profit": null,
            "gross_margin": null,
            "gross_margin_4q_avg": 0,
            "net_income": null,
            "net_income_4q": null,
            "revenue": null,
            "revenue_4q": null,
            "common_shares": null,
            "book_valuer_per_share": null,
            "book_valuer_per_share_4q_avg": 1.67,
            "equity": null,
            "current_ratio": null,
            "debt_ratio": null,
            "inventory_turnover_ratio": null,
            "account_receivable_turnover_ratio": null,
            "reinvestment_rate": null,
            "research_to_sale_ratio": null,
            "price_fair": 0,
            "eps_avg_yearly": 0,
            "eps_latest_yearly": 0,
            "eps_growth_yearly": 0
        },
        "20064": {
            "year_quarter": 20064,
            "year": 2006,
            "quarter": 4,
            "eps": null,
            "eps_growth_year": null,
            "eps_4q": null,
            "eps_4q_growth_year": null,
            "roe": null,
            "roe_4q": 0,
            "gross_profit": null,
            "gross_margin": null,
            "gross_margin_4q_avg": 0,
            "net_income": null,
            "net_income_4q": null,
            "revenue": null,
            "revenue_4q": null,
            "common_shares": 825000,
            "book_valuer_per_share": 6.74,
            "book_valuer_per_share_4q_avg": 1.69,
            "equity": 555780,
            "current_ratio": 96.92,
            "debt_ratio": 35.32,
            "inventory_turnover_ratio": null,
            "account_receivable_turnover_ratio": null,
            "reinvestment_rate": null,
            "research_to_sale_ratio": null,
            "price_fair": 0,
            "eps_avg_yearly": 0,
            "eps_latest_yearly": 0,
            "eps_growth_yearly": 0
        },
        "20071": {
            "year_quarter": 20071,
            "year": 2007,
            "quarter": 1,
            "eps": null,
            "eps_growth_year": null,
            "eps_4q": null,
            "eps_4q_growth_year": null,
            "roe": null,
            "roe_4q": 0,
            "gross_profit": null,
            "gross_margin": null,
            "gross_margin_4q_avg": 0,
            "net_income": null,
            "net_income_4q": null,
            "revenue": null,
            "revenue_4q": null,
            "common_shares": null,
            "book_valuer_per_share": null,
            "book_valuer_per_share_4q_avg": 1.69,
            "equity": null,
            "current_ratio": null,
            "debt_ratio": null,
            "inventory_turnover_ratio": null,
            "account_receivable_turnover_ratio": null,
            "reinvestment_rate": null,
            "research_to_sale_ratio": null,
            "price_fair": 0,
            "eps_avg_yearly": 0,
            "eps_latest_yearly": 0,
            "eps_growth_yearly": 0
        },
        "20072": {
            "year_quarter": 20072,
            "year": 2007,
            "quarter": 2,
            "eps": null,
            "eps_growth_year": null,
            "eps_4q": null,
            "eps_4q_growth_year": null,
            "roe": null,
            "roe_4q": 0,
            "gross_profit": null,
            "gross_margin": null,
            "gross_margin_4q_avg": 0,
            "net_income": null,
            "net_income_4q": null,
            "revenue": null,
            "revenue_4q": null,
            "common_shares": null,
            "book_valuer_per_share": null,
            "book_valuer_per_share_4q_avg": 1.69,
            "equity": null,
            "current_ratio": null,
            "debt_ratio": null,
            "inventory_turnover_ratio": null,
            "account_receivable_turnover_ratio": null,
            "reinvestment_rate": null,
            "research_to_sale_ratio": null,
            "price_fair": 0,
            "eps_avg_yearly": 0,
            "eps_latest_yearly": 0,
            "eps_growth_yearly": 0
        },
        "20073": {
            "year_quarter": 20073,
            "year": 2007,
            "quarter": 3,
            "eps": null,
            "eps_growth_year": null,
            "eps_4q": null,
            "eps_4q_growth_year": null,
            "roe": null,
            "roe_4q": 0,
            "gross_profit": null,
            "gross_margin": null,
            "gross_margin_4q_avg": 0,
            "net_income": null,
            "net_income_4q": null,
            "revenue": null,
            "revenue_4q": null,
            "common_shares": null,
            "book_valuer_per_share": null,
            "book_valuer_per_share_4q_avg": 1.69,
            "equity": null,
            "current_ratio": null,
            "debt_ratio": null,
            "inventory_turnover_ratio": null,
            "account_receivable_turnover_ratio": null,
            "reinvestment_rate": null,
            "research_to_sale_ratio": null,
            "price_fair": 0,
            "eps_avg_yearly": 0,
            "eps_latest_yearly": 0,
            "eps_growth_yearly": 0
        },
        "20074": {
            "year_quarter": 20074,
            "year": 2007,
            "quarter": 4,
            "eps": null,
            "eps_growth_year": null,
            "eps_4q": null,
            "eps_4q_growth_year": null,
            "roe": null,
            "roe_4q": 0,
            "gross_profit": null,
            "gross_margin": null,
            "gross_margin_4q_avg": 0,
            "net_income": null,
            "net_income_4q": null,
            "revenue": null,
            "revenue_4q": null,
            "common_shares": 546810,
            "book_valuer_per_share": 9.3,
            "book_valuer_per_share_4q_avg": 2.33,
            "equity": 508420,
            "current_ratio": 106.96,
            "debt_ratio": 42.26,
            "inventory_turnover_ratio": null,
            "account_receivable_turnover_ratio": null,
            "reinvestment_rate": null,
            "research_to_sale_ratio": null,
            "price_fair": 0,
            "eps_avg_yearly": 0,
            "eps_latest_yearly": 0,
            "eps_growth_yearly": 0
        },
        "20081": {
            "year_quarter": 20081,
            "year": 2008,
            "quarter": 1,
            "eps": null,
            "eps_growth_year": null,
            "eps_4q": null,
            "eps_4q_growth_year": null,
            "roe": null,
            "roe_4q": 0,
            "gross_profit": null,
            "gross_margin": null,
            "gross_margin_4q_avg": 0,
            "net_income": null,
            "net_income_4q": null,
            "revenue": null,
            "revenue_4q": null,
            "common_shares": null,
            "book_valuer_per_share": null,
            "book_valuer_per_share_4q_avg": 2.33,
            "equity": null,
            "current_ratio": null,
            "debt_ratio": null,
            "inventory_turnover_ratio": null,
            "account_receivable_turnover_ratio": null,
            "reinvestment_rate": null,
            "research_to_sale_ratio": null,
            "price_fair": 0,
            "eps_avg_yearly": 0,
            "eps_latest_yearly": 0,
            "eps_growth_yearly": 0
        },
        "20082": {
            "year_quarter": 20082,
            "year": 2008,
            "quarter": 2,
            "eps": null,
            "eps_growth_year": null,
            "eps_4q": null,
            "eps_4q_growth_year": null,
            "roe": null,
            "roe_4q": 0,
            "gross_profit": null,
            "gross_margin": null,
            "gross_margin_4q_avg": 0,
            "net_income": null,
            "net_income_4q": null,
            "revenue": null,
            "revenue_4q": null,
            "common_shares": null,
            "book_valuer_per_share": null,
            "book_valuer_per_share_4q_avg": 2.33,
            "equity": null,
            "current_ratio": null,
            "debt_ratio": null,
            "inventory_turnover_ratio": null,
            "account_receivable_turnover_ratio": null,
            "reinvestment_rate": null,
            "research_to_sale_ratio": null,
            "price_fair": 0,
            "eps_avg_yearly": 0,
            "eps_latest_yearly": 0,
            "eps_growth_yearly": 0
        },
        "20083": {
            "year_quarter": 20083,
            "year": 2008,
            "quarter": 3,
            "eps": null,
            "eps_growth_year": null,
            "eps_4q": null,
            "eps_4q_growth_year": null,
            "roe": null,
            "roe_4q": 0,
            "gross_profit": null,
            "gross_margin": null,
            "gross_margin_4q_avg": 0,
            "net_income": null,
            "net_income_4q": null,
            "revenue": null,
            "revenue_4q": null,
            "common_shares": null,
            "book_valuer_per_share": null,
            "book_valuer_per_share_4q_avg": 2.33,
            "equity": null,
            "current_ratio": null,
            "debt_ratio": null,
            "inventory_turnover_ratio": null,
            "account_receivable_turnover_ratio": null,
            "reinvestment_rate": null,
            "research_to_sale_ratio": null,
            "price_fair": 0,
            "eps_avg_yearly": 0,
            "eps_latest_yearly": 0,
            "eps_growth_yearly": 0
        },
        "20084": {
            "year_quarter": 20084,
            "year": 2008,
            "quarter": 4,
            "eps": null,
            "eps_growth_year": null,
            "eps_4q": null,
            "eps_4q_growth_year": null,
            "roe": null,
            "roe_4q": 0,
            "gross_profit": null,
            "gross_margin": null,
            "gross_margin_4q_avg": 0,
            "net_income": null,
            "net_income_4q": null,
            "revenue": null,
            "revenue_4q": null,
            "common_shares": 546810,
            "book_valuer_per_share": 9.13,
            "book_valuer_per_share_4q_avg": 2.28,
            "equity": 499053,
            "current_ratio": 127,
            "debt_ratio": 36.31,
            "inventory_turnover_ratio": null,
            "account_receivable_turnover_ratio": null,
            "reinvestment_rate": null,
            "research_to_sale_ratio": null,
            "price_fair": 0,
            "eps_avg_yearly": 0,
            "eps_latest_yearly": 0,
            "eps_growth_yearly": 0
        },
        "20091": {
            "year_quarter": 20091,
            "year": 2009,
            "quarter": 1,
            "eps": null,
            "eps_growth_year": null,
            "eps_4q": null,
            "eps_4q_growth_year": null,
            "roe": null,
            "roe_4q": 0,
            "gross_profit": null,
            "gross_margin": null,
            "gross_margin_4q_avg": 0,
            "net_income": null,
            "net_income_4q": null,
            "revenue": null,
            "revenue_4q": null,
            "common_shares": null,
            "book_valuer_per_share": null,
            "book_valuer_per_share_4q_avg": 2.28,
            "equity": null,
            "current_ratio": null,
            "debt_ratio": null,
            "inventory_turnover_ratio": null,
            "account_receivable_turnover_ratio": null,
            "reinvestment_rate": null,
            "research_to_sale_ratio": null,
            "price_fair": 0,
            "eps_avg_yearly": 0,
            "eps_latest_yearly": 0,
            "eps_growth_yearly": 0
        },
        "20092": {
            "year_quarter": 20092,
            "year": 2009,
            "quarter": 2,
            "eps": null,
            "eps_growth_year": null,
            "eps_4q": null,
            "eps_4q_growth_year": null,
            "roe": null,
            "roe_4q": 0,
            "gross_profit": null,
            "gross_margin": null,
            "gross_margin_4q_avg": 0,
            "net_income": null,
            "net_income_4q": null,
            "revenue": null,
            "revenue_4q": null,
            "common_shares": null,
            "book_valuer_per_share": null,
            "book_valuer_per_share_4q_avg": 2.28,
            "equity": null,
            "current_ratio": null,
            "debt_ratio": null,
            "inventory_turnover_ratio": null,
            "account_receivable_turnover_ratio": null,
            "reinvestment_rate": null,
            "research_to_sale_ratio": null,
            "price_fair": 0,
            "eps_avg_yearly": 0,
            "eps_latest_yearly": 0,
            "eps_growth_yearly": 0
        },
        "20093": {
            "year_quarter": 20093,
            "year": 2009,
            "quarter": 3,
            "eps": null,
            "eps_growth_year": null,
            "eps_4q": null,
            "eps_4q_growth_year": null,
            "roe": null,
            "roe_4q": 0,
            "gross_profit": null,
            "gross_margin": null,
            "gross_margin_4q_avg": 0,
            "net_income": null,
            "net_income_4q": null,
            "revenue": null,
            "revenue_4q": null,
            "common_shares": null,
            "book_valuer_per_share": null,
            "book_valuer_per_share_4q_avg": 2.28,
            "equity": null,
            "current_ratio": null,
            "debt_ratio": null,
            "inventory_turnover_ratio": null,
            "account_receivable_turnover_ratio": null,
            "reinvestment_rate": null,
            "research_to_sale_ratio": null,
            "price_fair": 0,
            "eps_avg_yearly": 0,
            "eps_latest_yearly": 0,
            "eps_growth_yearly": 0
        },
        "20094": {
            "year_quarter": 20094,
            "year": 2009,
            "quarter": 4,
            "eps": null,
            "eps_growth_year": null,
            "eps_4q": null,
            "eps_4q_growth_year": null,
            "roe": null,
            "roe_4q": 0,
            "gross_profit": null,
            "gross_margin": null,
            "gross_margin_4q_avg": 0,
            "net_income": null,
            "net_income_4q": null,
            "revenue": null,
            "revenue_4q": null,
            "common_shares": 546810,
            "book_valuer_per_share": 8.97,
            "book_valuer_per_share_4q_avg": 2.24,
            "equity": 490579,
            "current_ratio": 137.1,
            "debt_ratio": 38.44,
            "inventory_turnover_ratio": null,
            "account_receivable_turnover_ratio": null,
            "reinvestment_rate": null,
            "research_to_sale_ratio": null,
            "price_fair": 0,
            "eps_avg_yearly": 0,
            "eps_latest_yearly": 0,
            "eps_growth_yearly": 0
        },
        "20101": {
            "year_quarter": 20101,
            "year": 2010,
            "quarter": 1,
            "eps": null,
            "eps_growth_year": null,
            "eps_4q": null,
            "eps_4q_growth_year": null,
            "roe": null,
            "roe_4q": 0,
            "gross_profit": null,
            "gross_margin": null,
            "gross_margin_4q_avg": 0,
            "net_income": null,
            "net_income_4q": null,
            "revenue": null,
            "revenue_4q": null,
            "common_shares": null,
            "book_valuer_per_share": null,
            "book_valuer_per_share_4q_avg": 2.24,
            "equity": null,
            "current_ratio": null,
            "debt_ratio": null,
            "inventory_turnover_ratio": null,
            "account_receivable_turnover_ratio": null,
            "reinvestment_rate": null,
            "research_to_sale_ratio": null,
            "price_fair": 0,
            "eps_avg_yearly": 0,
            "eps_latest_yearly": 0,
            "eps_growth_yearly": 0
        },
        "20102": {
            "year_quarter": 20102,
            "year": 2010,
            "quarter": 2,
            "eps": null,
            "eps_growth_year": null,
            "eps_4q": null,
            "eps_4q_growth_year": null,
            "roe": null,
            "roe_4q": 0,
            "gross_profit": null,
            "gross_margin": null,
            "gross_margin_4q_avg": 0,
            "net_income": null,
            "net_income_4q": null,
            "revenue": null,
            "revenue_4q": null,
            "common_shares": 546810,
            "book_valuer_per_share": null,
            "book_valuer_per_share_4q_avg": 2.24,
            "equity": 546310,
            "current_ratio": null,
            "debt_ratio": null,
            "inventory_turnover_ratio": null,
            "account_receivable_turnover_ratio": null,
            "reinvestment_rate": null,
            "research_to_sale_ratio": null,
            "price_fair": 0,
            "eps_avg_yearly": 0,
            "eps_latest_yearly": 0,
            "eps_growth_yearly": 0
        },
        "20103": {
            "year_quarter": 20103,
            "year": 2010,
            "quarter": 3,
            "eps": null,
            "eps_growth_year": null,
            "eps_4q": null,
            "eps_4q_growth_year": null,
            "roe": null,
            "roe_4q": 0,
            "gross_profit": null,
            "gross_margin": null,
            "gross_margin_4q_avg": 0,
            "net_income": null,
            "net_income_4q": null,
            "revenue": null,
            "revenue_4q": null,
            "common_shares": null,
            "book_valuer_per_share": null,
            "book_valuer_per_share_4q_avg": 2.24,
            "equity": null,
            "current_ratio": null,
            "debt_ratio": null,
            "inventory_turnover_ratio": null,
            "account_receivable_turnover_ratio": null,
            "reinvestment_rate": null,
            "research_to_sale_ratio": null,
            "price_fair": 0,
            "eps_avg_yearly": 0,
            "eps_latest_yearly": 0,
            "eps_growth_yearly": 0
        },
        "20104": {
            "year_quarter": 20104,
            "year": 2010,
            "quarter": 4,
            "eps": null,
            "eps_growth_year": null,
            "eps_4q": null,
            "eps_4q_growth_year": null,
            "roe": null,
            "roe_4q": 0,
            "gross_profit": null,
            "gross_margin": null,
            "gross_margin_4q_avg": 0,
            "net_income": null,
            "net_income_4q": null,
            "revenue": null,
            "revenue_4q": null,
            "common_shares": 546810,
            "book_valuer_per_share": 10,
            "book_valuer_per_share_4q_avg": 2.5,
            "equity": 545849,
            "current_ratio": 155.84,
            "debt_ratio": 42.32,
            "inventory_turnover_ratio": null,
            "account_receivable_turnover_ratio": null,
            "reinvestment_rate": null,
            "research_to_sale_ratio": null,
            "price_fair": 0,
            "eps_avg_yearly": 0,
            "eps_latest_yearly": 0,
            "eps_growth_yearly": 0
        },
        "20111": {
            "year_quarter": 20111,
            "year": 2011,
            "quarter": 1,
            "eps": null,
            "eps_growth_year": null,
            "eps_4q": null,
            "eps_4q_growth_year": null,
            "roe": null,
            "roe_4q": 0,
            "gross_profit": null,
            "gross_margin": null,
            "gross_margin_4q_avg": 0,
            "net_income": null,
            "net_income_4q": null,
            "revenue": null,
            "revenue_4q": null,
            "common_shares": null,
            "book_valuer_per_share": null,
            "book_valuer_per_share_4q_avg": 2.5,
            "equity": null,
            "current_ratio": null,
            "debt_ratio": null,
            "inventory_turnover_ratio": null,
            "account_receivable_turnover_ratio": null,
            "reinvestment_rate": null,
            "research_to_sale_ratio": null,
            "price_fair": 0,
            "eps_avg_yearly": 0,
            "eps_latest_yearly": 0,
            "eps_growth_yearly": 0
        },
        "20112": {
            "year_quarter": 20112,
            "year": 2011,
            "quarter": 2,
            "eps": null,
            "eps_growth_year": null,
            "eps_4q": null,
            "eps_4q_growth_year": null,
            "roe": null,
            "roe_4q": 0,
            "gross_profit": null,
            "gross_margin": null,
            "gross_margin_4q_avg": 0,
            "net_income": null,
            "net_income_4q": null,
            "revenue": null,
            "revenue_4q": null,
            "common_shares": 546810,
            "book_valuer_per_share": 11.4,
            "book_valuer_per_share_4q_avg": 5.35,
            "equity": 622811,
            "current_ratio": 164.37,
            "debt_ratio": 43.88,
            "inventory_turnover_ratio": null,
            "account_receivable_turnover_ratio": null,
            "reinvestment_rate": null,
            "research_to_sale_ratio": null,
            "price_fair": 0,
            "eps_avg_yearly": 0,
            "eps_latest_yearly": 0,
            "eps_growth_yearly": 0
        },
        "20113": {
            "year_quarter": 20113,
            "year": 2011,
            "quarter": 3,
            "eps": null,
            "eps_growth_year": null,
            "eps_4q": null,
            "eps_4q_growth_year": null,
            "roe": null,
            "roe_4q": 0,
            "gross_profit": 43725,
            "gross_margin": null,
            "gross_margin_4q_avg": 0,
            "net_income": 48385,
            "net_income_4q": null,
            "revenue": 335574,
            "revenue_4q": null,
            "common_shares": 552985,
            "book_valuer_per_share": 12.37,
            "book_valuer_per_share_4q_avg": 8.44,
            "equity": 683909,
            "current_ratio": 138.11,
            "debt_ratio": 37.03,
            "inventory_turnover_ratio": null,
            "account_receivable_turnover_ratio": null,
            "reinvestment_rate": null,
            "research_to_sale_ratio": null,
            "price_fair": 0,
            "eps_avg_yearly": 0,
            "eps_latest_yearly": 0,
            "eps_growth_yearly": 0
        },
        "20114": {
            "year_quarter": 20114,
            "year": 2011,
            "quarter": 4,
            "eps": null,
            "eps_growth_year": null,
            "eps_4q": null,
            "eps_4q_growth_year": null,
            "roe": null,
            "roe_4q": 0,
            "gross_profit": 285304,
            "gross_margin": null,
            "gross_margin_4q_avg": 0,
            "net_income": 143024,
            "net_income_4q": null,
            "revenue": 1398460,
            "revenue_4q": null,
            "common_shares": 552985,
            "book_valuer_per_share": 13.43,
            "book_valuer_per_share_4q_avg": 9.3,
            "equity": 743297,
            "current_ratio": 175.01,
            "debt_ratio": 36.35,
            "inventory_turnover_ratio": null,
            "account_receivable_turnover_ratio": null,
            "reinvestment_rate": null,
            "research_to_sale_ratio": null,
            "price_fair": 0,
            "eps_avg_yearly": 0,
            "eps_latest_yearly": 0,
            "eps_growth_yearly": 0
        },
        "20121": {
            "year_quarter": 20121,
            "year": 2012,
            "quarter": 1,
            "eps": null,
            "eps_growth_year": null,
            "eps_4q": null,
            "eps_4q_growth_year": null,
            "roe": null,
            "roe_4q": 0,
            "gross_profit": 74326,
            "gross_margin": null,
            "gross_margin_4q_avg": 0,
            "net_income": 26824,
            "net_income_4q": null,
            "revenue": 390086,
            "revenue_4q": null,
            "common_shares": 564846,
            "book_valuer_per_share": null,
            "book_valuer_per_share_4q_avg": 9.3,
            "equity": 774279,
            "current_ratio": null,
            "debt_ratio": null,
            "inventory_turnover_ratio": null,
            "account_receivable_turnover_ratio": null,
            "reinvestment_rate": null,
            "research_to_sale_ratio": null,
            "price_fair": 0,
            "eps_avg_yearly": 0,
            "eps_latest_yearly": 0,
            "eps_growth_yearly": 0
        },
        "20122": {
            "year_quarter": 20122,
            "year": 2012,
            "quarter": 2,
            "eps": null,
            "eps_growth_year": null,
            "eps_4q": null,
            "eps_4q_growth_year": null,
            "roe": null,
            "roe_4q": 0,
            "gross_profit": 99761,
            "gross_margin": null,
            "gross_margin_4q_avg": 0,
            "net_income": 45310,
            "net_income_4q": null,
            "revenue": 459969,
            "revenue_4q": null,
            "common_shares": 570171,
            "book_valuer_per_share": 14.24,
            "book_valuer_per_share_4q_avg": 10.01,
            "equity": 814812,
            "current_ratio": 175.87,
            "debt_ratio": 40.96,
            "inventory_turnover_ratio": null,
            "account_receivable_turnover_ratio": null,
            "reinvestment_rate": null,
            "research_to_sale_ratio": null,
            "price_fair": 0,
            "eps_avg_yearly": 0,
            "eps_latest_yearly": 0,
            "eps_growth_yearly": 0
        },
        "20123": {
            "year_quarter": 20123,
            "year": 2012,
            "quarter": 3,
            "eps": 0.85,
            "eps_growth_year": null,
            "eps_4q": 0.85,
            "eps_4q_growth_year": null,
            "roe": 6.43,
            "roe_4q": 6.43,
            "gross_profit": 104724,
            "gross_margin": 21.67,
            "gross_margin_4q_avg": 5.42,
            "net_income": 53842,
            "net_income_4q": null,
            "revenue": 483256,
            "revenue_4q": null,
            "common_shares": 623690,
            "book_valuer_per_share": 13.72,
            "book_valuer_per_share_4q_avg": 10.35,
            "equity": 859254,
            "current_ratio": 192.53,
            "debt_ratio": 39.53,
            "inventory_turnover_ratio": 1.83,
            "account_receivable_turnover_ratio": 1.34,
            "reinvestment_rate": null,
            "research_to_sale_ratio": 2.66,
            "price_fair": 0,
            "eps_avg_yearly": 0,
            "eps_latest_yearly": 0,
            "eps_growth_yearly": 0
        },
        "20124": {
            "year_quarter": 20124,
            "year": 2012,
            "quarter": 4,
            "eps": 1.08,
            "eps_growth_year": null,
            "eps_4q": 1.86,
            "eps_4q_growth_year": null,
            "roe": 7.7,
            "roe_4q": 14.129999999999999,
            "gross_profit": 93276,
            "gross_margin": 23.21,
            "gross_margin_4q_avg": 11.22,
            "net_income": 74391,
            "net_income_4q": null,
            "revenue": 401861,
            "revenue_4q": null,
            "common_shares": 682929,
            "book_valuer_per_share": 15.65,
            "book_valuer_per_share_4q_avg": 10.9,
            "equity": 1072274,
            "current_ratio": 241.72,
            "debt_ratio": 32.47,
            "inventory_turnover_ratio": 1.36,
            "account_receivable_turnover_ratio": 1.26,
            "reinvestment_rate": null,
            "research_to_sale_ratio": 3.07,
            "price_fair": 151.2,
            "eps_avg_yearly": 4.32,
            "eps_latest_yearly": 4.32,
            "eps_growth_yearly": 108.24
        },
        "20131": {
            "year_quarter": 20131,
            "year": 2013,
            "quarter": 1,
            "eps": 0.72,
            "eps_growth_year": null,
            "eps_4q": 2.58,
            "eps_4q_growth_year": null,
            "roe": 4.38,
            "roe_4q": 18.509999999999998,
            "gross_profit": 85125,
            "gross_margin": 21.3,
            "gross_margin_4q_avg": 16.55,
            "net_income": 48397,
            "net_income_4q": null,
            "revenue": 399638,
            "revenue_4q": null,
            "common_shares": 682929,
            "book_valuer_per_share": 16.64,
            "book_valuer_per_share_4q_avg": 15.06,
            "equity": 1139810,
            "current_ratio": 230.94,
            "debt_ratio": 32.39,
            "inventory_turnover_ratio": 1.12,
            "account_receivable_turnover_ratio": 1.39,
            "reinvestment_rate": null,
            "research_to_sale_ratio": 3.51,
            "price_fair": 10.8,
            "eps_avg_yearly": 3.6,
            "eps_latest_yearly": 2.88,
            "eps_growth_yearly": -12.55
        },
        "20132": {
            "year_quarter": 20132,
            "year": 2013,
            "quarter": 2,
            "eps": 1.41,
            "eps_growth_year": null,
            "eps_4q": 3.99,
            "eps_4q_growth_year": null,
            "roe": 8.44,
            "roe_4q": 26.95,
            "gross_profit": 135071,
            "gross_margin": 23.85,
            "gross_margin_4q_avg": 22.51,
            "net_income": 96439,
            "net_income_4q": null,
            "revenue": 566383,
            "revenue_4q": null,
            "common_shares": 682929,
            "book_valuer_per_share": 16.73,
            "book_valuer_per_share_4q_avg": 15.69,
            "equity": 1145796,
            "current_ratio": 166.6,
            "debt_ratio": 44.84,
            "inventory_turnover_ratio": 1.25,
            "account_receivable_turnover_ratio": 1.52,
            "reinvestment_rate": null,
            "research_to_sale_ratio": 2.6,
            "price_fair": 149.8,
            "eps_avg_yearly": 4.28,
            "eps_latest_yearly": 5.64,
            "eps_growth_yearly": 119.41
        },
        "20133": {
            "year_quarter": 20133,
            "year": 2013,
            "quarter": 3,
            "eps": 1.58,
            "eps_growth_year": 85.59,
            "eps_4q": 4.65,
            "eps_4q_growth_year": 446.34,
            "roe": 8.73,
            "roe_4q": 29.25,
            "gross_profit": 171355,
            "gross_margin": 25.18,
            "gross_margin_4q_avg": 23.39,
            "net_income": 108865,
            "net_income_4q": null,
            "revenue": 680472,
            "revenue_4q": null,
            "common_shares": 706320,
            "book_valuer_per_share": 19.06,
            "book_valuer_per_share_4q_avg": 17.02,
            "equity": 1349394,
            "current_ratio": 206.68,
            "debt_ratio": 41.02,
            "inventory_turnover_ratio": 1.19,
            "account_receivable_turnover_ratio": 1.48,
            "reinvestment_rate": null,
            "research_to_sale_ratio": 2.04,
            "price_fair": 167.65,
            "eps_avg_yearly": 4.79,
            "eps_latest_yearly": 6.32,
            "eps_growth_yearly": 101.62
        },
        "20134": {
            "year_quarter": 20134,
            "year": 2013,
            "quarter": 4,
            "eps": 1.93,
            "eps_growth_year": 77.56,
            "eps_4q": 5.51,
            "eps_4q_growth_year": 195.91,
            "roe": 9.58,
            "roe_4q": 31.13,
            "gross_profit": 144815,
            "gross_margin": 21.87,
            "gross_margin_4q_avg": 23.05,
            "net_income": 136736,
            "net_income_4q": null,
            "revenue": 662120,
            "revenue_4q": null,
            "common_shares": 709770,
            "book_valuer_per_share": 21.19,
            "book_valuer_per_share_4q_avg": 18.41,
            "equity": 1503823,
            "current_ratio": 237.27,
            "debt_ratio": 33.42,
            "inventory_turnover_ratio": 1.07,
            "account_receivable_turnover_ratio": 1.47,
            "reinvestment_rate": null,
            "research_to_sale_ratio": 1.84,
            "price_fair": 188.16,
            "eps_avg_yearly": 5.38,
            "eps_latest_yearly": 7.72,
            "eps_growth_yearly": 99.01
        },
        "20141": {
            "year_quarter": 20141,
            "year": 2014,
            "quarter": 1,
            "eps": 0.95,
            "eps_growth_year": 31.94,
            "eps_4q": 5.75,
            "eps_4q_growth_year": 123,
            "roe": 4.38,
            "roe_4q": 31.130000000000003,
            "gross_profit": 89339,
            "gross_margin": 19.77,
            "gross_margin_4q_avg": 22.67,
            "net_income": 67842,
            "net_income_4q": null,
            "revenue": 451801,
            "revenue_4q": null,
            "common_shares": 712623,
            "book_valuer_per_share": 22.34,
            "book_valuer_per_share_4q_avg": 19.83,
            "equity": 1591857,
            "current_ratio": 250.52,
            "debt_ratio": 36.76,
            "inventory_turnover_ratio": 0.68,
            "account_receivable_turnover_ratio": 1.16,
            "reinvestment_rate": null,
            "research_to_sale_ratio": 2.87,
            "price_fair": 178.97,
            "eps_avg_yearly": 5.11,
            "eps_latest_yearly": 3.8,
            "eps_growth_yearly": 48.66
        },
        "20142": {
            "year_quarter": 20142,
            "year": 2014,
            "quarter": 2,
            "eps": 0.87,
            "eps_growth_year": -38.3,
            "eps_4q": 5.24,
            "eps_4q_growth_year": 31.25,
            "roe": 4.05,
            "roe_4q": 26.74,
            "gross_profit": 125443,
            "gross_margin": 21.53,
            "gross_margin_4q_avg": 22.09,
            "net_income": 61988,
            "net_income_4q": null,
            "revenue": 582590,
            "revenue_4q": null,
            "common_shares": 716177,
            "book_valuer_per_share": 20.5,
            "book_valuer_per_share_4q_avg": 20.77,
            "equity": 1468270,
            "current_ratio": 208.66,
            "debt_ratio": 41.14,
            "inventory_turnover_ratio": 0.77,
            "account_receivable_turnover_ratio": 1.57,
            "reinvestment_rate": null,
            "research_to_sale_ratio": 2.93,
            "price_fair": 170.8,
            "eps_avg_yearly": 4.88,
            "eps_latest_yearly": 3.48,
            "eps_growth_yearly": 36.9
        },
        "20143": {
            "year_quarter": 20143,
            "year": 2014,
            "quarter": 3,
            "eps": 0.11,
            "eps_growth_year": -93.04,
            "eps_4q": 3.82,
            "eps_4q_growth_year": -17.78,
            "roe": 0.52,
            "roe_4q": 18.53,
            "gross_profit": 71097,
            "gross_margin": 18.63,
            "gross_margin_4q_avg": 20.45,
            "net_income": 7688,
            "net_income_4q": null,
            "revenue": 381679,
            "revenue_4q": null,
            "common_shares": 717128,
            "book_valuer_per_share": 20.76,
            "book_valuer_per_share_4q_avg": 21.2,
            "equity": 1488523,
            "current_ratio": 279.38,
            "debt_ratio": 30.7,
            "inventory_turnover_ratio": 0.49,
            "account_receivable_turnover_ratio": 1.14,
            "reinvestment_rate": null,
            "research_to_sale_ratio": 5.96,
            "price_fair": 12.98,
            "eps_avg_yearly": 4.33,
            "eps_latest_yearly": 0.44,
            "eps_growth_yearly": -11.39
        },
        "20144": {
            "year_quarter": 20144,
            "year": 2014,
            "quarter": 4,
            "eps": 0.16,
            "eps_growth_year": -91.89,
            "eps_4q": 2.07,
            "eps_4q_growth_year": -62.39,
            "roe": 0.74,
            "roe_4q": 9.69,
            "gross_profit": 49931,
            "gross_margin": 11.07,
            "gross_margin_4q_avg": 17.75,
            "net_income": 11209,
            "net_income_4q": null,
            "revenue": 450897,
            "revenue_4q": null,
            "common_shares": 717444,
            "book_valuer_per_share": 21.36,
            "book_valuer_per_share_4q_avg": 21.24,
            "equity": 1532471,
            "current_ratio": 246.49,
            "debt_ratio": 30.96,
            "inventory_turnover_ratio": 0.61,
            "account_receivable_turnover_ratio": 1.5,
            "reinvestment_rate": null,
            "research_to_sale_ratio": 5.58,
            "price_fair": 78.6,
            "eps_avg_yearly": 3.92,
            "eps_latest_yearly": 0.64,
            "eps_growth_yearly": 10.07
        },
        "20151": {
            "year_quarter": 20151,
            "year": 2015,
            "quarter": 1,
            "eps": 0.02,
            "eps_growth_year": -97.89,
            "eps_4q": 1.14,
            "eps_4q_growth_year": -80.15,
            "roe": 0.08,
            "roe_4q": 5.39,
            "gross_profit": 70148,
            "gross_margin": 12.67,
            "gross_margin_4q_avg": 15.98,
            "net_income": 1213,
            "net_income_4q": null,
            "revenue": 553522,
            "revenue_4q": null,
            "common_shares": 718831,
            "book_valuer_per_share": 21.21,
            "book_valuer_per_share_4q_avg": 20.96,
            "equity": 1524330,
            "current_ratio": 222.21,
            "debt_ratio": 33.89,
            "inventory_turnover_ratio": 0.75,
            "account_receivable_turnover_ratio": 1.61,
            "reinvestment_rate": null,
            "research_to_sale_ratio": 5.1,
            "price_fair": 10.6,
            "eps_avg_yearly": 3.53,
            "eps_latest_yearly": 0.08,
            "eps_growth_yearly": -25.93
        },
        "20152": {
            "year_quarter": 20152,
            "year": 2015,
            "quarter": 2,
            "eps": 0.05,
            "eps_growth_year": -94.25,
            "eps_4q": 0.33,
            "eps_4q_growth_year": -93.72,
            "roe": 0.26,
            "roe_4q": 1.6,
            "gross_profit": 92988,
            "gross_margin": 13.31,
            "gross_margin_4q_avg": 13.92,
            "net_income": 3901,
            "net_income_4q": null,
            "revenue": 698565,
            "revenue_4q": null,
            "common_shares": 729211,
            "book_valuer_per_share": 20.25,
            "book_valuer_per_share_4q_avg": 20.9,
            "equity": 1476998,
            "current_ratio": 191.11,
            "debt_ratio": 39.08,
            "inventory_turnover_ratio": 0.97,
            "account_receivable_turnover_ratio": 1.66,
            "reinvestment_rate": -21.73,
            "research_to_sale_ratio": 4.02,
            "price_fair": 113.02,
            "eps_avg_yearly": 3.23,
            "eps_latest_yearly": 0.2,
            "eps_growth_yearly": 30.97
        },
        "20153": {
            "year_quarter": 20153,
            "year": 2015,
            "quarter": 3,
            "eps": -0.25,
            "eps_growth_year": -327.27,
            "eps_4q": -0.03,
            "eps_4q_growth_year": -100.73,
            "roe": -1.24,
            "roe_4q": -0.16000000000000003,
            "gross_profit": 30313,
            "gross_margin": 5.33,
            "gross_margin_4q_avg": 10.6,
            "net_income": -18370,
            "net_income_4q": null,
            "revenue": 568205,
            "revenue_4q": null,
            "common_shares": 729265,
            "book_valuer_per_share": 20.27,
            "book_valuer_per_share_4q_avg": 20.77,
            "equity": 1478292,
            "current_ratio": 212.83,
            "debt_ratio": 35.98,
            "inventory_turnover_ratio": 0.84,
            "account_receivable_turnover_ratio": 1.34,
            "reinvestment_rate": 69.31,
            "research_to_sale_ratio": 4.82,
            "price_fair": 113.02,
            "eps_avg_yearly": 3.23,
            "eps_latest_yearly": 0.2,
            "eps_growth_yearly": 30.97
        },
        "20154": {
            "year_quarter": 20154,
            "year": 2015,
            "quarter": 4,
            "eps": -0.78,
            "eps_growth_year": -599.4,
            "eps_4q": -0.96,
            "eps_4q_growth_year": -146.41,
            "roe": -3.95,
            "roe_4q": -4.8500000000000005,
            "gross_profit": 49970,
            "gross_margin": 8.58,
            "gross_margin_4q_avg": 9.97,
            "net_income": -56900,
            "net_income_4q": null,
            "revenue": 582127,
            "revenue_4q": null,
            "common_shares": 729265,
            "book_valuer_per_share": 19.25,
            "book_valuer_per_share_4q_avg": 20.25,
            "equity": 1403743,
            "current_ratio": 190.25,
            "debt_ratio": 38.55,
            "inventory_turnover_ratio": 0.82,
            "account_receivable_turnover_ratio": 1.42,
            "reinvestment_rate": -37.89,
            "research_to_sale_ratio": 7.67,
            "price_fair": 113.02,
            "eps_avg_yearly": 3.23,
            "eps_latest_yearly": 0.2,
            "eps_growth_yearly": 30.97
        },
        "20161": {
            "year_quarter": 20161,
            "year": 2016,
            "quarter": 1,
            "eps": 0.52,
            "eps_growth_year": 2500,
            "eps_4q": -0.45,
            "eps_4q_growth_year": -139.77,
            "roe": 2.7,
            "roe_4q": -2.2300000000000004,
            "gross_profit": 133013,
            "gross_margin": 19.48,
            "gross_margin_4q_avg": 11.68,
            "net_income": 38244,
            "net_income_4q": null,
            "revenue": 682952,
            "revenue_4q": null,
            "common_shares": 729265,
            "book_valuer_per_share": 19.63,
            "book_valuer_per_share_4q_avg": 19.85,
            "equity": 1431600,
            "current_ratio": 171.88,
            "debt_ratio": 43.15,
            "inventory_turnover_ratio": 0.89,
            "account_receivable_turnover_ratio": 1.51,
            "reinvestment_rate": 52.2,
            "research_to_sale_ratio": 5.75,
            "price_fair": 113.02,
            "eps_avg_yearly": 3.23,
            "eps_latest_yearly": 0.2,
            "eps_growth_yearly": 30.97
        },
        "20162": {
            "year_quarter": 20162,
            "year": 2016,
            "quarter": 2,
            "eps": 0.94,
            "eps_growth_year": 1780,
            "eps_4q": 0.43,
            "eps_4q_growth_year": 30.58,
            "roe": 4.69,
            "roe_4q": 2.2,
            "gross_profit": 173074,
            "gross_margin": 18.74,
            "gross_margin_4q_avg": 13.03,
            "net_income": 68382,
            "net_income_4q": null,
            "revenue": 923713,
            "revenue_4q": null,
            "common_shares": 729265,
            "book_valuer_per_share": 20.35,
            "book_valuer_per_share_4q_avg": 19.88,
            "equity": 1483879,
            "current_ratio": 174.55,
            "debt_ratio": 42.91,
            "inventory_turnover_ratio": 1.3,
            "account_receivable_turnover_ratio": 1.78,
            "reinvestment_rate": -25.34,
            "research_to_sale_ratio": 4.62,
            "price_fair": 114.57,
            "eps_avg_yearly": 3.27,
            "eps_latest_yearly": 3.76,
            "eps_growth_yearly": 55.31
        },
        "20163": {
            "year_quarter": 20163,
            "year": 2016,
            "quarter": 3,
            "eps": 1.63,
            "eps_growth_year": null,
            "eps_4q": 2.27,
            "eps_4q_growth_year": null,
            "roe": 7.74,
            "roe_4q": 11.18,
            "gross_profit": 240304,
            "gross_margin": 25.03,
            "gross_margin_4q_avg": 17.96,
            "net_income": 119073,
            "net_income_4q": null,
            "revenue": 960066,
            "revenue_4q": null,
            "common_shares": 744265,
            "book_valuer_per_share": 21.42,
            "book_valuer_per_share_4q_avg": 20.16,
            "equity": 1594070,
            "current_ratio": 184.41,
            "debt_ratio": 42.35,
            "inventory_turnover_ratio": 1.35,
            "account_receivable_turnover_ratio": 1.54,
            "reinvestment_rate": -22.25,
            "research_to_sale_ratio": 4.8,
            "price_fair": 123.31,
            "eps_avg_yearly": 3.52,
            "eps_latest_yearly": 6.52,
            "eps_growth_yearly": 73.64
        },
        "20164": {
            "year_quarter": 20164,
            "year": 2016,
            "quarter": 4,
            "eps": 0.99,
            "eps_growth_year": null,
            "eps_4q": 4.02,
            "eps_4q_growth_year": null,
            "roe": 4.53,
            "roe_4q": 19.66,
            "gross_profit": 171737,
            "gross_margin": 24.27,
            "gross_margin_4q_avg": 21.88,
            "net_income": 73742,
            "net_income_4q": null,
            "revenue": 707573,
            "revenue_4q": null,
            "common_shares": 744265,
            "book_valuer_per_share": 22.37,
            "book_valuer_per_share_4q_avg": 20.94,
            "equity": 1664582,
            "current_ratio": 217.73,
            "debt_ratio": 36.29,
            "inventory_turnover_ratio": 1.06,
            "account_receivable_turnover_ratio": 1.12,
            "reinvestment_rate": -27.07,
            "research_to_sale_ratio": 5.63,
            "price_fair": 122.34,
            "eps_avg_yearly": 3.5,
            "eps_latest_yearly": 3.96,
            "eps_growth_yearly": 53.24
        },
        "20171": {
            "year_quarter": 20171,
            "year": 2017,
            "quarter": 1,
            "eps": 0.52,
            "eps_growth_year": 0,
            "eps_4q": 4.02,
            "eps_4q_growth_year": null,
            "roe": 2.27,
            "roe_4q": 19.23,
            "gross_profit": 122158,
            "gross_margin": 20,
            "gross_margin_4q_avg": 22.01,
            "net_income": 37754,
            "net_income_4q": null,
            "revenue": 610760,
            "revenue_4q": null,
            "common_shares": 744265,
            "book_valuer_per_share": 22.4,
            "book_valuer_per_share_4q_avg": 21.64,
            "equity": 1667323,
            "current_ratio": 227.17,
            "debt_ratio": 35.1,
            "inventory_turnover_ratio": 0.97,
            "account_receivable_turnover_ratio": 1.08,
            "reinvestment_rate": 37.49,
            "research_to_sale_ratio": 5.7,
            "price_fair": 120.18,
            "eps_avg_yearly": 3.43,
            "eps_latest_yearly": 2.08,
            "eps_growth_yearly": 48.89
        },
        "20172": {
            "year_quarter": 20172,
            "year": 2017,
            "quarter": 2,
            "eps": -0.37,
            "eps_growth_year": -139.36,
            "eps_4q": 2.73,
            "eps_4q_growth_year": 535.21,
            "roe": -1.72,
            "roe_4q": 12.82,
            "gross_profit": 90662,
            "gross_margin": 17.03,
            "gross_margin_4q_avg": 21.58,
            "net_income": -27295,
            "net_income_4q": null,
            "revenue": 532491,
            "revenue_4q": null,
            "common_shares": 744265,
            "book_valuer_per_share": 20.13,
            "book_valuer_per_share_4q_avg": 21.58,
            "equity": 1498474,
            "current_ratio": 201.75,
            "debt_ratio": 38.18,
            "inventory_turnover_ratio": 0.87,
            "account_receivable_turnover_ratio": 1.09,
            "reinvestment_rate": 37.25,
            "research_to_sale_ratio": 7.51,
            "price_fair": 100.8,
            "eps_avg_yearly": 3.25,
            "eps_latest_yearly": 2.08,
            "eps_growth_yearly": 21.01
        },
        "20173": {
            "year_quarter": 20173,
            "year": 2017,
            "quarter": 3,
            "eps": -0.29,
            "eps_growth_year": -117.79,
            "eps_4q": 0.85,
            "eps_4q_growth_year": -62.42,
            "roe": -1.39,
            "roe_4q": 3.6900000000000004,
            "gross_profit": 75410,
            "gross_margin": 13.94,
            "gross_margin_4q_avg": 18.81,
            "net_income": -20811,
            "net_income_4q": null,
            "revenue": 541157,
            "revenue_4q": null,
            "common_shares": 743765,
            "book_valuer_per_share": 20.07,
            "book_valuer_per_share_4q_avg": 21.24,
            "equity": 1493082,
            "current_ratio": 236.25,
            "debt_ratio": 32.18,
            "inventory_turnover_ratio": 0.99,
            "account_receivable_turnover_ratio": 1.19,
            "reinvestment_rate": 43.98,
            "research_to_sale_ratio": 6.27,
            "price_fair": 84.79,
            "eps_avg_yearly": 2.97,
            "eps_latest_yearly": 2.08,
            "eps_growth_yearly": 18.54
        },
        "20174": {
            "year_quarter": 20174,
            "year": 2017,
            "quarter": 4,
            "eps": -0.17,
            "eps_growth_year": -117.66,
            "eps_4q": -0.31,
            "eps_4q_growth_year": -107.81,
            "roe": -0.87,
            "roe_4q": -1.7099999999999995,
            "gross_profit": 67832,
            "gross_margin": 12.44,
            "gross_margin_4q_avg": 15.85,
            "net_income": -13013,
            "net_income_4q": null,
            "revenue": 545271,
            "revenue_4q": null,
            "common_shares": 743765,
            "book_valuer_per_share": 20.11,
            "book_valuer_per_share_4q_avg": 20.68,
            "equity": 1495892,
            "current_ratio": 214.95,
            "debt_ratio": 33.92,
            "inventory_turnover_ratio": 1.18,
            "account_receivable_turnover_ratio": 1.24,
            "reinvestment_rate": 33.51,
            "research_to_sale_ratio": 6.13,
            "price_fair": 53.75,
            "eps_avg_yearly": 2.5,
            "eps_latest_yearly": 2.08,
            "eps_growth_yearly": 11.53
        },
        "20181": {
            "year_quarter": 20181,
            "year": 2018,
            "quarter": 1,
            "eps": -0.64,
            "eps_growth_year": -223.08,
            "eps_4q": -1.45,
            "eps_4q_growth_year": -136.18,
            "roe": -3.15,
            "roe_4q": -7.129999999999999,
            "gross_profit": 56242,
            "gross_margin": 10.74,
            "gross_margin_4q_avg": 13.54,
            "net_income": -46932,
            "net_income_4q": null,
            "revenue": 523775,
            "revenue_4q": null,
            "common_shares": 743525,
            "book_valuer_per_share": 19.98,
            "book_valuer_per_share_4q_avg": 20.07,
            "equity": 1485304,
            "current_ratio": 204.34,
            "debt_ratio": 35.46,
            "inventory_turnover_ratio": 1.23,
            "account_receivable_turnover_ratio": 1.33,
            "reinvestment_rate": -0.89,
            "research_to_sale_ratio": 5.46,
            "price_fair": 82.29,
            "eps_avg_yearly": 2.35,
            "eps_latest_yearly": 2.08,
            "eps_growth_yearly": 35.38
        },
        "20182": {
            "year_quarter": 20182,
            "year": 2018,
            "quarter": 2,
            "eps": 0.83,
            "eps_growth_year": null,
            "eps_4q": -0.28,
            "eps_4q_growth_year": -110.36,
            "roe": 4.06,
            "roe_4q": -1.35,
            "gross_profit": 101519,
            "gross_margin": 15.23,
            "gross_margin_4q_avg": 13.09,
            "net_income": 59453,
            "net_income_4q": null,
            "revenue": 666564,
            "revenue_4q": null,
            "common_shares": 753064,
            "book_valuer_per_share": 19.19,
            "book_valuer_per_share_4q_avg": 19.84,
            "equity": 1444842,
            "current_ratio": 181.64,
            "debt_ratio": 39.91,
            "inventory_turnover_ratio": 1.51,
            "account_receivable_turnover_ratio": 1.48,
            "reinvestment_rate": -16.92,
            "research_to_sale_ratio": 4.51,
            "price_fair": 77.35,
            "eps_avg_yearly": 2.21,
            "eps_latest_yearly": 2.08,
            "eps_growth_yearly": 44.02
        },
        "20183": {
            "year_quarter": 20183,
            "year": 2018,
            "quarter": 3,
            "eps": 0.48,
            "eps_growth_year": null,
            "eps_4q": 0.44,
            "eps_4q_growth_year": -48.65,
            "roe": 2.32,
            "roe_4q": 2.359999999999999,
            "gross_profit": 103972,
            "gross_margin": 16.15,
            "gross_margin_4q_avg": 13.64,
            "net_income": 33444,
            "net_income_4q": null,
            "revenue": 643736,
            "revenue_4q": null,
            "common_shares": 753004,
            "book_valuer_per_share": 19.16,
            "book_valuer_per_share_4q_avg": 19.61,
            "equity": 1442903,
            "current_ratio": 187.84,
            "debt_ratio": 38.73,
            "inventory_turnover_ratio": 1.47,
            "account_receivable_turnover_ratio": 1.21,
            "reinvestment_rate": -32.24,
            "research_to_sale_ratio": 5.33,
            "price_fair": 83.83,
            "eps_avg_yearly": 2.4,
            "eps_latest_yearly": 1.92,
            "eps_growth_yearly": 66.61
        },
        "20184": {
            "year_quarter": 20184,
            "year": 2018,
            "quarter": 4,
            "eps": 0.38,
            "eps_growth_year": null,
            "eps_4q": 1.05,
            "eps_4q_growth_year": null,
            "roe": 1.84,
            "roe_4q": 5.0699999999999985,
            "gross_profit": 98851,
            "gross_margin": 16.49,
            "gross_margin_4q_avg": 14.65,
            "net_income": 26244,
            "net_income_4q": null,
            "revenue": 599419,
            "revenue_4q": null,
            "common_shares": 752869,
            "book_valuer_per_share": 20.53,
            "book_valuer_per_share_4q_avg": 19.72,
            "equity": 1406103,
            "current_ratio": 172.65,
            "debt_ratio": 41.58,
            "inventory_turnover_ratio": 1.36,
            "account_receivable_turnover_ratio": 1.18,
            "reinvestment_rate": -0.18,
            "research_to_sale_ratio": 4.65,
            "price_fair": 87.68,
            "eps_avg_yearly": 2.51,
            "eps_latest_yearly": 1.52,
            "eps_growth_yearly": 33.47
        },
        "20191": {
            "year_quarter": 20191,
            "year": 2019,
            "quarter": 1,
            "eps": 0.6,
            "eps_growth_year": null,
            "eps_4q": 2.34,
            "eps_4q_growth_year": null,
            "roe": 2.82,
            "roe_4q": 11.04,
            "gross_profit": 59552,
            "gross_margin": 10.35,
            "gross_margin_4q_avg": 14.56,
            "net_income": 40913,
            "net_income_4q": null,
            "revenue": 575368,
            "revenue_4q": null,
            "common_shares": 752869,
            "book_valuer_per_share": 21.86,
            "book_valuer_per_share_4q_avg": 20.19,
            "equity": 1497664,
            "current_ratio": 190.03,
            "debt_ratio": 39.25,
            "inventory_turnover_ratio": 1.54,
            "account_receivable_turnover_ratio": 1.13,
            "reinvestment_rate": -0.71,
            "research_to_sale_ratio": 6.57,
            "price_fair": 97.83,
            "eps_avg_yearly": 2.8,
            "eps_latest_yearly": 2.4,
            "eps_growth_yearly": 106.16
        },
        "20192": {
            "year_quarter": 20192,
            "year": 2019,
            "quarter": 2,
            "eps": 0.09,
            "eps_growth_year": -89.16,
            "eps_4q": 1.55,
            "eps_4q_growth_year": null,
            "roe": 0.39,
            "roe_4q": 7.369999999999999,
            "gross_profit": 94043,
            "gross_margin": 17.57,
            "gross_margin_4q_avg": 15.14,
            "net_income": 5831,
            "net_income_4q": null,
            "revenue": 535156,
            "revenue_4q": null,
            "common_shares": 752869,
            "book_valuer_per_share": 21.28,
            "book_valuer_per_share_4q_avg": 20.71,
            "equity": 1457985,
            "current_ratio": 179.43,
            "debt_ratio": 41.52,
            "inventory_turnover_ratio": 1.56,
            "account_receivable_turnover_ratio": 1.12,
            "reinvestment_rate": -3.74,
            "research_to_sale_ratio": 5.03,
            "price_fair": 8.45,
            "eps_avg_yearly": 2.82,
            "eps_latest_yearly": 0.36,
            "eps_growth_yearly": -11.34
        },
        "20193": {
            "year_quarter": 20193,
            "year": 2019,
            "quarter": 3,
            "eps": 0.61,
            "eps_growth_year": 27.08,
            "eps_4q": 1.68,
            "eps_4q_growth_year": 283.18,
            "roe": 2.85,
            "roe_4q": 7.9,
            "gross_profit": 121382,
            "gross_margin": 19.12,
            "gross_margin_4q_avg": 15.88,
            "net_income": 41887,
            "net_income_4q": null,
            "revenue": 634900,
            "revenue_4q": null,
            "common_shares": 752869,
            "book_valuer_per_share": 21.64,
            "book_valuer_per_share_4q_avg": 21.33,
            "equity": 1482642,
            "current_ratio": 180.67,
            "debt_ratio": 41.77,
            "inventory_turnover_ratio": 1.99,
            "account_receivable_turnover_ratio": 1.32,
            "reinvestment_rate": -9.49,
            "research_to_sale_ratio": 3.9,
            "price_fair": 97.07,
            "eps_avg_yearly": 2.77,
            "eps_latest_yearly": 2.44,
            "eps_growth_yearly": 246.71
        },
        "20194": {
            "year_quarter": 20194,
            "year": 2019,
            "quarter": 4,
            "eps": 0.73,
            "eps_growth_year": 90.32,
            "eps_4q": 1.97,
            "eps_4q_growth_year": 86.76,
            "roe": 3.4,
            "roe_4q": 9.459999999999999,
            "gross_profit": 162678,
            "gross_margin": 23.96,
            "gross_margin_4q_avg": 17.75,
            "net_income": 52136,
            "net_income_4q": null,
            "revenue": 679081,
            "revenue_4q": null,
            "common_shares": 752869,
            "book_valuer_per_share": 22.11,
            "book_valuer_per_share_4q_avg": 21.72,
            "equity": 1580811,
            "current_ratio": 193.99,
            "debt_ratio": 41.25,
            "inventory_turnover_ratio": 1.94,
            "account_receivable_turnover_ratio": 1.25,
            "reinvestment_rate": -19.55,
            "research_to_sale_ratio": 3.32,
            "price_fair": 97.58,
            "eps_avg_yearly": 2.79,
            "eps_latest_yearly": 2.92,
            "eps_growth_yearly": 229.91
        },
        "20201": {
            "year_quarter": 20201,
            "year": 2020,
            "quarter": 1,
            "eps": -0.64,
            "eps_growth_year": -206.67,
            "eps_4q": 0.76,
            "eps_4q_growth_year": -67.45,
            "roe": -3.01,
            "roe_4q": 3.6300000000000003,
            "gross_profit": 91719,
            "gross_margin": 18.47,
            "gross_margin_4q_avg": 19.78,
            "net_income": -45476,
            "net_income_4q": null,
            "revenue": 496536,
            "revenue_4q": null,
            "common_shares": 752869,
            "book_valuer_per_share": 20.16,
            "book_valuer_per_share_4q_avg": 21.3,
            "equity": 1441854,
            "current_ratio": 182.64,
            "debt_ratio": 43.16,
            "inventory_turnover_ratio": 1.47,
            "account_receivable_turnover_ratio": 1.06,
            "reinvestment_rate": -38.81,
            "research_to_sale_ratio": 4.08,
            "price_fair": 97.58,
            "eps_avg_yearly": 2.79,
            "eps_latest_yearly": 2.92,
            "eps_growth_yearly": 229.91
        },
        "20202": {
            "year_quarter": 20202,
            "year": 2020,
            "quarter": 2,
            "eps": 1.98,
            "eps_growth_year": 2100,
            "eps_4q": 2.6,
            "eps_4q_growth_year": 67.47,
            "roe": 9.21,
            "roe_4q": 12.450000000000001,
            "gross_profit": 238406,
            "gross_margin": 25.65,
            "gross_margin_4q_avg": 21.8,
            "net_income": 142778,
            "net_income_4q": null,
            "revenue": 929627,
            "revenue_4q": null,
            "common_shares": 752869,
            "book_valuer_per_share": 22.57,
            "book_valuer_per_share_4q_avg": 21.62,
            "equity": 1659730,
            "current_ratio": 186.32,
            "debt_ratio": 43.85,
            "inventory_turnover_ratio": 2.66,
            "account_receivable_turnover_ratio": 1.6,
            "reinvestment_rate": -38.41,
            "research_to_sale_ratio": 3.16,
            "price_fair": 93.8,
            "eps_avg_yearly": 2.68,
            "eps_latest_yearly": 2.92,
            "eps_growth_yearly": 219.56
        },
        "20203": {
            "year_quarter": 20203,
            "year": 2020,
            "quarter": 3,
            "eps": 1.43,
            "eps_growth_year": 134.43,
            "eps_4q": 3.44,
            "eps_4q_growth_year": 105.43,
            "roe": 6.11,
            "roe_4q": 15.71,
            "gross_profit": 282401,
            "gross_margin": 29.99,
            "gross_margin_4q_avg": 24.52,
            "net_income": 105496,
            "net_income_4q": null,
            "revenue": 941795,
            "revenue_4q": null,
            "common_shares": 752869,
            "book_valuer_per_share": 24.24,
            "book_valuer_per_share_4q_avg": 22.27,
            "equity": 1793880,
            "current_ratio": 218.55,
            "debt_ratio": 37.84,
            "inventory_turnover_ratio": 2.41,
            "account_receivable_turnover_ratio": 1.18,
            "reinvestment_rate": -37.44,
            "research_to_sale_ratio": 2.91,
            "price_fair": 90.69,
            "eps_avg_yearly": 2.59,
            "eps_latest_yearly": 5.72,
            "eps_growth_yearly": 174.59
        },
        "20204": {
            "year_quarter": 20204,
            "year": 2020,
            "quarter": 4,
            "eps": 0.36,
            "eps_growth_year": -51.27,
            "eps_4q": 3.1,
            "eps_4q_growth_year": 57.25,
            "roe": 1.43,
            "roe_4q": 13.74,
            "gross_profit": 142757,
            "gross_margin": 19.94,
            "gross_margin_4q_avg": 23.51,
            "net_income": 26293,
            "net_income_4q": null,
            "revenue": 715883,
            "revenue_4q": null,
            "common_shares": 752869,
            "book_valuer_per_share": 25.35,
            "book_valuer_per_share_4q_avg": 23.08,
            "equity": 1875695,
            "current_ratio": 297.86,
            "debt_ratio": 38.33,
            "inventory_turnover_ratio": 2.09,
            "account_receivable_turnover_ratio": 1.07,
            "reinvestment_rate": -38.16,
            "research_to_sale_ratio": 4.02,
            "price_fair": 80.89,
            "eps_avg_yearly": 2.31,
            "eps_latest_yearly": 1.44,
            "eps_growth_yearly": 158.78
        },
        "20211": {
            "year_quarter": 20211,
            "year": 2021,
            "quarter": 1,
            "eps": -0.13,
            "eps_growth_year": null,
            "eps_4q": 3.52,
            "eps_4q_growth_year": 363.23,
            "roe": -0.52,
            "roe_4q": 16.23,
            "gross_profit": 61896,
            "gross_margin": 12,
            "gross_margin_4q_avg": 21.9,
            "net_income": -9347,
            "net_income_4q": null,
            "revenue": 515917,
            "revenue_4q": null,
            "common_shares": 752869,
            "book_valuer_per_share": 22.95,
            "book_valuer_per_share_4q_avg": 23.78,
            "equity": 1728076,
            "current_ratio": 268.8,
            "debt_ratio": 41.43,
            "inventory_turnover_ratio": 1.84,
            "account_receivable_turnover_ratio": 1.01,
            "reinvestment_rate": -42.54,
            "research_to_sale_ratio": 4.57,
            "price_fair": 81.9,
            "eps_avg_yearly": 2.34,
            "eps_latest_yearly": 1.44,
            "eps_growth_yearly": 202.37
        },
        "20212": {
            "year_quarter": 20212,
            "year": 2021,
            "quarter": 2,
            "eps": 0.23,
            "eps_growth_year": -88.38,
            "eps_4q": 1.85,
            "eps_4q_growth_year": -28.74,
            "roe": 0.99,
            "roe_4q": 8.01,
            "gross_profit": 100838,
            "gross_margin": 17.57,
            "gross_margin_4q_avg": 19.88,
            "net_income": 17140,
            "net_income_4q": null,
            "revenue": 574046,
            "revenue_4q": null,
            "common_shares": 752869,
            "book_valuer_per_share": 23.12,
            "book_valuer_per_share_4q_avg": 23.92,
            "equity": 1740385,
            "current_ratio": 290.93,
            "debt_ratio": 39.71,
            "inventory_turnover_ratio": 2.04,
            "account_receivable_turnover_ratio": 1.12,
            "reinvestment_rate": -42.46,
            "research_to_sale_ratio": 3.55,
            "price_fair": 81.9,
            "eps_avg_yearly": 2.34,
            "eps_latest_yearly": 1.44,
            "eps_growth_yearly": 202.37
        },
        "20213": {
            "year_quarter": 20213,
            "year": 2021,
            "quarter": 3,
            "eps": 0.21,
            "eps_growth_year": -85.31,
            "eps_4q": 0.67,
            "eps_4q_growth_year": -80.68,
            "roe": 0.92,
            "roe_4q": 2.8200000000000003,
            "gross_profit": 75448,
            "gross_margin": 13.86,
            "gross_margin_4q_avg": 15.84,
            "net_income": 16021,
            "net_income_4q": null,
            "revenue": 544195,
            "revenue_4q": null,
            "common_shares": 752869,
            "book_valuer_per_share": 23.22,
            "book_valuer_per_share_4q_avg": 23.66,
            "equity": 1747814,
            "current_ratio": 355.7,
            "debt_ratio": 35.82,
            "inventory_turnover_ratio": 1.98,
            "account_receivable_turnover_ratio": 1.07,
            "reinvestment_rate": -47.11,
            "research_to_sale_ratio": 3.62,
            "price_fair": 76.07,
            "eps_avg_yearly": 2.17,
            "eps_latest_yearly": 0.84,
            "eps_growth_yearly": 176.02
        },
        "20214": {
            "year_quarter": 20214,
            "year": 2021,
            "quarter": 4,
            "eps": 0.77,
            "eps_growth_year": 116.2,
            "eps_4q": 1.08,
            "eps_4q_growth_year": -64.97,
            "roe": 3.25,
            "roe_4q": 4.640000000000001,
            "gross_profit": 127550,
            "gross_margin": 19.26,
            "gross_margin_4q_avg": 15.67,
            "net_income": 57830,
            "net_income_4q": null,
            "revenue": 662294,
            "revenue_4q": null,
            "common_shares": 752869,
            "book_valuer_per_share": 24.1,
            "book_valuer_per_share_4q_avg": 23.35,
            "equity": 1814243,
            "current_ratio": 329.96,
            "debt_ratio": 37.03,
            "inventory_turnover_ratio": 1.94,
            "account_receivable_turnover_ratio": 1.23,
            "reinvestment_rate": -38.59,
            "research_to_sale_ratio": 3.44,
            "price_fair": 79.24,
            "eps_avg_yearly": 2.26,
            "eps_latest_yearly": 3.08,
            "eps_growth_yearly": 265.08
        },
        "20221": {
            "year_quarter": 20221,
            "year": 2022,
            "quarter": 1,
            "eps": 0.61,
            "eps_growth_year": null,
            "eps_4q": 1.82,
            "eps_4q_growth_year": -48.33,
            "roe": 2.54,
            "roe_4q": 7.7,
            "gross_profit": 121525,
            "gross_margin": 17.13,
            "gross_margin_4q_avg": 16.96,
            "net_income": 46037,
            "net_income_4q": null,
            "revenue": 709252,
            "revenue_4q": null,
            "common_shares": 752869,
            "book_valuer_per_share": 24.12,
            "book_valuer_per_share_4q_avg": 23.64,
            "equity": 1815805,
            "current_ratio": 296.48,
            "debt_ratio": 39.48,
            "inventory_turnover_ratio": 1.82,
            "account_receivable_turnover_ratio": 1.09,
            "reinvestment_rate": -13.47,
            "research_to_sale_ratio": 3.29,
            "price_fair": 79.8,
            "eps_avg_yearly": 2.28,
            "eps_latest_yearly": 2.44,
            "eps_growth_yearly": 233.43
        },
        "20222": {
            "year_quarter": 20222,
            "year": 2022,
            "quarter": 2,
            "eps": 2,
            "eps_growth_year": 769.57,
            "eps_4q": 3.59,
            "eps_4q_growth_year": 93.66,
            "roe": 8,
            "roe_4q": 14.709999999999999,
            "gross_profit": 240008,
            "gross_margin": 24.94,
            "gross_margin_4q_avg": 18.8,
            "net_income": 150426,
            "net_income_4q": null,
            "revenue": 962470,
            "revenue_4q": null,
            "common_shares": 752869,
            "book_valuer_per_share": 25.86,
            "book_valuer_per_share_4q_avg": 24.33,
            "equity": 1946838,
            "current_ratio": 281.07,
            "debt_ratio": 40.76,
            "inventory_turnover_ratio": 2.19,
            "account_receivable_turnover_ratio": 1.21,
            "reinvestment_rate": -28.89,
            "research_to_sale_ratio": 2.77,
            "price_fair": 96.48,
            "eps_avg_yearly": 2.76,
            "eps_latest_yearly": 8,
            "eps_growth_yearly": 289.93
        },
        "20223": {
            "year_quarter": 20223,
            "year": 2022,
            "quarter": 3,
            "eps": 2.4,
            "eps_growth_year": 1042.86,
            "eps_4q": 5.77,
            "eps_4q_growth_year": 767.49,
            "roe": 8.83,
            "roe_4q": 22.619999999999997,
            "gross_profit": 204466,
            "gross_margin": 26.78,
            "gross_margin_4q_avg": 22.03,
            "net_income": 180378,
            "net_income_4q": null,
            "revenue": 763628,
            "revenue_4q": null,
            "common_shares": 752869,
            "book_valuer_per_share": 28.39,
            "book_valuer_per_share_4q_avg": 25.62,
            "equity": 2137270,
            "current_ratio": 333.17,
            "debt_ratio": 36.21,
            "inventory_turnover_ratio": 1.78,
            "account_receivable_turnover_ratio": 0.94,
            "reinvestment_rate": -23.9,
            "research_to_sale_ratio": 4.03,
            "price_fair": 118.88,
            "eps_avg_yearly": 3.4,
            "eps_latest_yearly": 9.6,
            "eps_growth_yearly": 310.66
        },
        "20224": {
            "year_quarter": 20224,
            "year": 2022,
            "quarter": 4,
            "eps": 0.99,
            "eps_growth_year": 29.24,
            "eps_4q": 6,
            "eps_4q_growth_year": 453.11,
            "roe": 3.44,
            "roe_4q": 22.81,
            "gross_profit": 228962,
            "gross_margin": 29.54,
            "gross_margin_4q_avg": 24.6,
            "net_income": 74742,
            "net_income_4q": null,
            "revenue": 775222,
            "revenue_4q": null,
            "common_shares": 752869,
            "book_valuer_per_share": 29.36,
            "book_valuer_per_share_4q_avg": 26.93,
            "equity": 2210315,
            "current_ratio": 261.11,
            "debt_ratio": 34.38,
            "inventory_turnover_ratio": 1.81,
            "account_receivable_turnover_ratio": 1.02,
            "reinvestment_rate": -33.12,
            "research_to_sale_ratio": 3.46,
            "price_fair": 126,
            "eps_avg_yearly": 3.6,
            "eps_latest_yearly": 3.96,
            "eps_growth_yearly": 298.02
        },
        "20231": {
            "year_quarter": 20231,
            "year": 2023,
            "quarter": 1,
            "eps": 0.8,
            "eps_growth_year": 31.15,
            "eps_4q": 6.19,
            "eps_4q_growth_year": 240.08,
            "roe": 2.9,
            "roe_4q": 23.17,
            "gross_profit": 134372,
            "gross_margin": 22.85,
            "gross_margin_4q_avg": 26.03,
            "net_income": 60459,
            "net_income_4q": null,
            "revenue": 588028,
            "revenue_4q": null,
            "common_shares": 752869,
            "book_valuer_per_share": 26.03,
            "book_valuer_per_share_4q_avg": 27.41,
            "equity": 1959529,
            "current_ratio": 213.7,
            "debt_ratio": 41.2,
            "inventory_turnover_ratio": 1.67,
            "account_receivable_turnover_ratio": 0.87,
            "reinvestment_rate": -33.96,
            "research_to_sale_ratio": 3.65,
            "price_fair": 128.33,
            "eps_avg_yearly": 3.67,
            "eps_latest_yearly": 3.2,
            "eps_growth_yearly": 272.32
        },
        "20232": {
            "year_quarter": 20232,
            "year": 2023,
            "quarter": 2,
            "eps": 1.98,
            "eps_growth_year": -1,
            "eps_4q": 6.17,
            "eps_4q_growth_year": 71.92,
            "roe": 7.36,
            "roe_4q": 22.53,
            "gross_profit": 133089,
            "gross_margin": 20.37,
            "gross_margin_4q_avg": 24.89,
            "net_income": 149150,
            "net_income_4q": null,
            "revenue": 653314,
            "revenue_4q": null,
            "common_shares": 752869,
            "book_valuer_per_share": 27.81,
            "book_valuer_per_share_4q_avg": 27.9,
            "equity": 2093375,
            "current_ratio": 228.23,
            "debt_ratio": 38.99,
            "inventory_turnover_ratio": 2.16,
            "account_receivable_turnover_ratio": 1.13,
            "reinvestment_rate": -30.57,
            "research_to_sale_ratio": 3.97,
            "price_fair": 150.38,
            "eps_avg_yearly": 4.3,
            "eps_latest_yearly": 7.92,
            "eps_growth_yearly": 349.82
        },
        "20233": {
            "year_quarter": 20233,
            "year": 2023,
            "quarter": 3,
            "eps": 2.3,
            "eps_growth_year": -4.17,
            "eps_4q": 5.78,
            "eps_4q_growth_year": 0.06,
            "roe": 7.7,
            "roe_4q": 21.400000000000002,
            "gross_profit": 122216,
            "gross_margin": 16.67,
            "gross_margin_4q_avg": 22.36,
            "net_income": 180803,
            "net_income_4q": null,
            "revenue": 732937,
            "revenue_4q": null,
            "common_shares": 805162,
            "book_valuer_per_share": 32.3,
            "book_valuer_per_share_4q_avg": 28.88,
            "equity": 2600370,
            "current_ratio": 339.19,
            "debt_ratio": 26.65,
            "inventory_turnover_ratio": 2.42,
            "account_receivable_turnover_ratio": 1.37,
            "reinvestment_rate": -20.13,
            "research_to_sale_ratio": 3.68,
            "price_fair": 170.1,
            "eps_avg_yearly": 4.86,
            "eps_latest_yearly": 9.2,
            "eps_growth_yearly": 162.62
        }
    },
    "months": {
        "2011-11": {
            "month": "2011-11",
            "price": "21.91",
            "revenue": 132666
        },
        "2011-12": {
            "month": "2011-12",
            "price": "17.58",
            "revenue": 126180
        },
        "2012-01": {
            "month": "2012-01",
            "price": "19.91",
            "revenue": 130382
        },
        "2012-02": {
            "month": "2012-02",
            "price": "25.76",
            "revenue": 132550
        },
        "2012-03": {
            "month": "2012-03",
            "price": "28.95",
            "revenue": 128158
        },
        "2012-04": {
            "month": "2012-04",
            "price": "29.81",
            "revenue": 134360
        },
        "2012-05": {
            "month": "2012-05",
            "price": "28.74",
            "revenue": 160910
        },
        "2012-06": {
            "month": "2012-06",
            "price": "28.12",
            "revenue": 163214
        },
        "2012-07": {
            "month": "2012-07",
            "price": "29.65",
            "revenue": 169315
        },
        "2012-08": {
            "month": "2012-08",
            "price": "31.57",
            "revenue": 165016
        },
        "2012-09": {
            "month": "2012-09",
            "price": "31.12",
            "revenue": 151497
        },
        "2012-10": {
            "month": "2012-10",
            "price": "29.83",
            "revenue": 142937
        },
        "2012-11": {
            "month": "2012-11",
            "price": "28.85",
            "revenue": 124706
        },
        "2012-12": {
            "month": "2012-12",
            "price": "30.99",
            "revenue": 128584
        },
        "2013-01": {
            "month": "2013-01",
            "price": "36.69",
            "revenue": 123289
        },
        "2013-02": {
            "month": "2013-02",
            "price": "39.71",
            "revenue": 103241
        },
        "2013-03": {
            "month": "2013-03",
            "price": "36.69",
            "revenue": 169117
        },
        "2013-04": {
            "month": "2013-04",
            "price": "38.62",
            "revenue": 184476
        },
        "2013-05": {
            "month": "2013-05",
            "price": "38.83",
            "revenue": 185531
        },
        "2013-06": {
            "month": "2013-06",
            "price": "38.57",
            "revenue": 200386
        },
        "2013-07": {
            "month": "2013-07",
            "price": "48.30",
            "revenue": 221802
        },
        "2013-08": {
            "month": "2013-08",
            "price": "61.98",
            "revenue": 226280
        },
        "2013-09": {
            "month": "2013-09",
            "price": "80.26",
            "revenue": 232389
        },
        "2013-10": {
            "month": "2013-10",
            "price": "80.11",
            "revenue": 232192
        },
        "2013-11": {
            "month": "2013-11",
            "price": "79.66",
            "revenue": 213220
        },
        "2013-12": {
            "month": "2013-12",
            "price": "94.77",
            "revenue": 216709
        },
        "2014-01": {
            "month": "2014-01",
            "price": "93.19",
            "revenue": 134706
        },
        "2014-02": {
            "month": "2014-02",
            "price": "90.59",
            "revenue": 139728
        },
        "2014-03": {
            "month": "2014-03",
            "price": "117.68",
            "revenue": 177366
        },
        "2014-04": {
            "month": "2014-04",
            "price": "133.71",
            "revenue": 212701
        },
        "2014-05": {
            "month": "2014-05",
            "price": "118.12",
            "revenue": 206308
        },
        "2014-06": {
            "month": "2014-06",
            "price": "100.15",
            "revenue": 163581
        },
        "2014-07": {
            "month": "2014-07",
            "price": "87.21",
            "revenue": 123258
        },
        "2014-08": {
            "month": "2014-08",
            "price": "66.84",
            "revenue": 129808
        },
        "2014-09": {
            "month": "2014-09",
            "price": "68.51",
            "revenue": 128614
        },
        "2014-10": {
            "month": "2014-10",
            "price": "58.71",
            "revenue": 133084
        },
        "2014-11": {
            "month": "2014-11",
            "price": "56.76",
            "revenue": 153665
        },
        "2014-12": {
            "month": "2014-12",
            "price": "60.18",
            "revenue": 164147
        },
        "2015-01": {
            "month": "2015-01",
            "price": "58.72",
            "revenue": 193331
        },
        "2015-02": {
            "month": "2015-02",
            "price": "57.64",
            "revenue": 153831
        },
        "2015-03": {
            "month": "2015-03",
            "price": "67.19",
            "revenue": 206360
        },
        "2015-04": {
            "month": "2015-04",
            "price": "67.84",
            "revenue": 227238
        },
        "2015-05": {
            "month": "2015-05",
            "price": "54.30",
            "revenue": 230761
        },
        "2015-06": {
            "month": "2015-06",
            "price": "48.34",
            "revenue": 240567
        },
        "2015-07": {
            "month": "2015-07",
            "price": "49.78",
            "revenue": 209961
        },
        "2015-08": {
            "month": "2015-08",
            "price": "35.33",
            "revenue": 195117
        },
        "2015-09": {
            "month": "2015-09",
            "price": "33.93",
            "revenue": 163127
        },
        "2015-10": {
            "month": "2015-10",
            "price": "38.66",
            "revenue": 170466
        },
        "2015-11": {
            "month": "2015-11",
            "price": "35.41",
            "revenue": 219328
        },
        "2015-12": {
            "month": "2015-12",
            "price": "32.81",
            "revenue": 192332
        },
        "2016-01": {
            "month": "2016-01",
            "price": "30.45",
            "revenue": 238372
        },
        "2016-02": {
            "month": "2016-02",
            "price": "35.93",
            "revenue": 175680
        },
        "2016-03": {
            "month": "2016-03",
            "price": "45.45",
            "revenue": 268901
        },
        "2016-04": {
            "month": "2016-04",
            "price": "43.21",
            "revenue": 294946
        },
        "2016-05": {
            "month": "2016-05",
            "price": "43.61",
            "revenue": 302077
        },
        "2016-06": {
            "month": "2016-06",
            "price": "46.69",
            "revenue": 326690
        },
        "2016-07": {
            "month": "2016-07",
            "price": "52.86",
            "revenue": 363742
        },
        "2016-08": {
            "month": "2016-08",
            "price": "55.43",
            "revenue": 299432
        },
        "2016-09": {
            "month": "2016-09",
            "price": "54.26",
            "revenue": 296892
        },
        "2016-10": {
            "month": "2016-10",
            "price": "48.47",
            "revenue": 242804
        },
        "2016-11": {
            "month": "2016-11",
            "price": "47.81",
            "revenue": 230010
        },
        "2016-12": {
            "month": "2016-12",
            "price": "49.23",
            "revenue": 234760
        },
        "2017-01": {
            "month": "2017-01",
            "price": "48.55",
            "revenue": 228564
        },
        "2017-02": {
            "month": "2017-02",
            "price": "51.28",
            "revenue": 160649
        },
        "2017-03": {
            "month": "2017-03",
            "price": "57.45",
            "revenue": 221547
        },
        "2017-04": {
            "month": "2017-04",
            "price": "55.26",
            "revenue": 191472
        },
        "2017-05": {
            "month": "2017-05",
            "price": "50.28",
            "revenue": 181436
        },
        "2017-06": {
            "month": "2017-06",
            "price": "47.12",
            "revenue": 159583
        },
        "2017-07": {
            "month": "2017-07",
            "price": "45.68",
            "revenue": 183941
        },
        "2017-08": {
            "month": "2017-08",
            "price": "43.40",
            "revenue": 179108
        },
        "2017-09": {
            "month": "2017-09",
            "price": "42.76",
            "revenue": 178107
        },
        "2017-10": {
            "month": "2017-10",
            "price": "41.72",
            "revenue": 188058
        },
        "2017-11": {
            "month": "2017-11",
            "price": "37.51",
            "revenue": 191957
        },
        "2017-12": {
            "month": "2017-12",
            "price": "39.72",
            "revenue": 165256
        },
        "2018-01": {
            "month": "2018-01",
            "price": "39.82",
            "revenue": 195225
        },
        "2018-02": {
            "month": "2018-02",
            "price": "35.15",
            "revenue": 153240
        },
        "2018-03": {
            "month": "2018-03",
            "price": "35.14",
            "revenue": 175310
        },
        "2018-04": {
            "month": "2018-04",
            "price": "32.92",
            "revenue": 207026
        },
        "2018-05": {
            "month": "2018-05",
            "price": "36.32",
            "revenue": 229141
        },
        "2018-06": {
            "month": "2018-06",
            "price": "40.47",
            "revenue": 230398
        },
        "2018-07": {
            "month": "2018-07",
            "price": "38.29",
            "revenue": 227946
        },
        "2018-08": {
            "month": "2018-08",
            "price": "36.54",
            "revenue": 223117
        },
        "2018-09": {
            "month": "2018-09",
            "price": "35.19",
            "revenue": 192673
        },
        "2018-10": {
            "month": "2018-10",
            "price": "29.53",
            "revenue": 198518
        },
        "2018-11": {
            "month": "2018-11",
            "price": "33.63",
            "revenue": 214227
        },
        "2018-12": {
            "month": "2018-12",
            "price": "37.15",
            "revenue": 186673
        },
        "2019-01": {
            "month": "2019-01",
            "price": "44.93",
            "revenue": 215699
        },
        "2019-02": {
            "month": "2019-02",
            "price": "45.33",
            "revenue": 162188
        },
        "2019-03": {
            "month": "2019-03",
            "price": "45.81",
            "revenue": 197482
        },
        "2019-04": {
            "month": "2019-04",
            "price": "50.23",
            "revenue": 186018
        },
        "2019-05": {
            "month": "2019-05",
            "price": "41.06",
            "revenue": 180048
        },
        "2019-06": {
            "month": "2019-06",
            "price": "41.16",
            "revenue": 169090
        },
        "2019-07": {
            "month": "2019-07",
            "price": "46.44",
            "revenue": 196619
        },
        "2019-08": {
            "month": "2019-08",
            "price": "45.32",
            "revenue": 209317
        },
        "2019-09": {
            "month": "2019-09",
            "price": "47.21",
            "revenue": 228963
        },
        "2019-10": {
            "month": "2019-10",
            "price": "48.38",
            "revenue": 207270
        },
        "2019-11": {
            "month": "2019-11",
            "price": "48.59",
            "revenue": 223420
        },
        "2019-12": {
            "month": "2019-12",
            "price": "48.60",
            "revenue": 248392
        },
        "2020-01": {
            "month": "2020-01",
            "price": "48.24",
            "revenue": 192586
        },
        "2020-02": {
            "month": "2020-02",
            "price": "38.93",
            "revenue": 79987
        },
        "2020-03": {
            "month": "2020-03",
            "price": "31.36",
            "revenue": 223963
        },
        "2020-04": {
            "month": "2020-04",
            "price": "35.02",
            "revenue": 308112
        },
        "2020-05": {
            "month": "2020-05",
            "price": "41.36",
            "revenue": 316599
        },
        "2020-06": {
            "month": "2020-06",
            "price": "46.98",
            "revenue": 304916
        },
        "2020-07": {
            "month": "2020-07",
            "price": "60.17",
            "revenue": 298681
        },
        "2020-08": {
            "month": "2020-08",
            "price": "67.43",
            "revenue": 322242
        },
        "2020-09": {
            "month": "2020-09",
            "price": "64.69",
            "revenue": 320872
        },
        "2020-10": {
            "month": "2020-10",
            "price": "65.53",
            "revenue": 274187
        },
        "2020-11": {
            "month": "2020-11",
            "price": "59.52",
            "revenue": 227969
        },
        "2020-12": {
            "month": "2020-12",
            "price": "56.27",
            "revenue": 213727
        },
        "2021-01": {
            "month": "2021-01",
            "price": "49.98",
            "revenue": 179308
        },
        "2021-02": {
            "month": "2021-02",
            "price": "49.17",
            "revenue": 134159
        },
        "2021-03": {
            "month": "2021-03",
            "price": "51.68",
            "revenue": 202450
        },
        "2021-04": {
            "month": "2021-04",
            "price": "55.86",
            "revenue": 203513
        },
        "2021-05": {
            "month": "2021-05",
            "price": "44.38",
            "revenue": 192044
        },
        "2021-06": {
            "month": "2021-06",
            "price": "44.82",
            "revenue": 178489
        },
        "2021-07": {
            "month": "2021-07",
            "price": "44.96",
            "revenue": 176169
        },
        "2021-08": {
            "month": "2021-08",
            "price": "42.66",
            "revenue": 182639
        },
        "2021-09": {
            "month": "2021-09",
            "price": "38.67",
            "revenue": 185388
        },
        "2021-10": {
            "month": "2021-10",
            "price": "37.05",
            "revenue": 196107
        },
        "2021-11": {
            "month": "2021-11",
            "price": "41.21",
            "revenue": 188204
        },
        "2021-12": {
            "month": "2021-12",
            "price": "41.46",
            "revenue": 277983
        },
        "2022-01": {
            "month": "2022-01",
            "price": "40.49",
            "revenue": 221779
        },
        "2022-02": {
            "month": "2022-02",
            "price": "39.83",
            "revenue": 193672
        },
        "2022-03": {
            "month": "2022-03",
            "price": "43.31",
            "revenue": 293801
        },
        "2022-04": {
            "month": "2022-04",
            "price": "45.94",
            "revenue": 317500
        },
        "2022-05": {
            "month": "2022-05",
            "price": "48.96",
            "revenue": 330702
        },
        "2022-06": {
            "month": "2022-06",
            "price": "52.55",
            "revenue": 314269
        },
        "2022-07": {
            "month": "2022-07",
            "price": "47.86",
            "revenue": 278159
        },
        "2022-08": {
            "month": "2022-08",
            "price": "59.11",
            "revenue": 237608
        },
        "2022-09": {
            "month": "2022-09",
            "price": "55.66",
            "revenue": 247861
        },
        "2022-10": {
            "month": "2022-10",
            "price": "47.27",
            "revenue": 270734
        },
        "2022-11": {
            "month": "2022-11",
            "price": "53.98",
            "revenue": 258878
        },
        "2022-12": {
            "month": "2022-12",
            "price": "54.10",
            "revenue": 245610
        },
        "2023-01": {
            "month": "2023-01",
            "price": "52.40",
            "revenue": 193197
        },
        "2023-02": {
            "month": "2023-02",
            "price": "55.78",
            "revenue": 189660
        },
        "2023-03": {
            "month": "2023-03",
            "price": "56.09",
            "revenue": 205171
        },
        "2023-04": {
            "month": "2023-04",
            "price": "55.19",
            "revenue": 206982
        },
        "2023-05": {
            "month": "2023-05",
            "price": "57.96",
            "revenue": 214504
        },
        "2023-06": {
            "month": "2023-06",
            "price": "62.26",
            "revenue": 231827
        },
        "2023-07": {
            "month": "2023-07",
            "price": "74.83",
            "revenue": 233152
        },
        "2023-08": {
            "month": "2023-08",
            "price": "93.68",
            "revenue": 248326
        },
        "2023-09": {
            "month": "2023-09",
            "price": "98.54",
            "revenue": 251460
        },
        "2023-10": {
            "month": "2023-10",
            "price": "94.89",
            "revenue": 262123
        },
        "2023-11": {
            "month": "2023-11",
            "price": "90.26",
            "revenue": 274338
        },
        "2023-12": {
            "month": "2023-12",
            "price": "91.41",
            "revenue": 268317
        }
    }
}
