{
    "summary": {
        "stock_name": "景岳",
        "stock_id": "3164",
        "category": "生技醫療",
        "main_business": "西藥製造業<br>生物技術服務業<br>未分類其他食品製造業",
        "website_url": "http://www.genmont.com.tw",
        "ceo": "陳昱瑾",
        "pe_ratio": 41,
        "report_year_from": 2001,
        "report_year_to": 2023,
        "age": 23,
        "eps_negative_percentage": 18,
        "eps_growth_avg": {
            "last_all": -3.85,
            "last_2y": 0.43,
            "last_4y": -11.25,
            "last_8y": 7.29,
            "last_12y": -15.75,
            "last_16y": null,
            "last_20y": null,
            "at_2006_last_3y": null,
            "at_2007_last_3y": null,
            "at_2008_last_3y": null,
            "at_2009_last_3y": null,
            "at_2010_last_3y": null,
            "at_2011_last_3y": 8.09,
            "at_2012_last_3y": 2.51,
            "at_2013_last_3y": -10.19,
            "at_2014_last_3y": -50.32,
            "at_2015_last_3y": -42.07,
            "at_2016_last_3y": -45.74,
            "at_2017_last_3y": -100,
            "at_2018_last_3y": 100,
            "at_2019_last_3y": 18.16,
            "at_2020_last_3y": 14.16,
            "at_2021_last_3y": 32.72,
            "at_2022_last_3y": -4.59,
            "at_2023_last_3y": 1.86,
            "at_2024_last_3y": 1.86,
            "at_2006_last_all": null,
            "at_2007_last_all": null,
            "at_2008_last_all": null,
            "at_2009_last_all": 23.44,
            "at_2010_last_all": 35.81,
            "at_2011_last_all": 8.09,
            "at_2012_last_all": -0.47,
            "at_2013_last_all": 1.02,
            "at_2014_last_all": -13.41,
            "at_2015_last_all": -13.41,
            "at_2016_last_all": -13.41,
            "at_2017_last_all": -13.41,
            "at_2018_last_all": 0.77,
            "at_2019_last_all": -6.39,
            "at_2020_last_all": -5.14,
            "at_2021_last_all": 3.37,
            "at_2022_last_all": -1.02,
            "at_2023_last_all": -3.85,
            "at_2024_last_all": -3.85
        },
        "latest_eps": 0.56,
        "latest_price": 23.1,
        "latest_roe": 2.59,
        "latest_gross_margin": 65.25,
        "latest_equity": 1468895,
        "latest_revenue": 76359,
        "latest_gross_profit": 49823,
        "latest_net_income": 21229,
        "latest_debt_ratio": 10.5,
        "latest_current_ratio": 396.72,
        "latest_account_receivable_turnover_ratio": 1.64,
        "latest_inventory_turnover_ratio": 0.37,
        "latest_reinvestment_rate": 162.27,
        "latest_research_to_sale_ratio": 14.82
    },
    "eps_dividends": {
        "2001": {
            "cash": 0,
            "stock": 0,
            "eps": 0
        },
        "2002": {
            "cash": 0,
            "stock": 0,
            "eps": 0
        },
        "2003": {
            "cash": 0,
            "stock": 0,
            "eps": 0
        },
        "2004": {
            "cash": 0,
            "stock": 0,
            "eps": 0
        },
        "2005": {
            "cash": 0,
            "stock": 0,
            "eps": 0
        },
        "2006": {
            "cash": 0,
            "stock": 0,
            "eps": 0
        },
        "2007": {
            "cash": 0,
            "stock": 0,
            "eps": 1.29
        },
        "2008": {
            "cash": 0.6,
            "stock": 0,
            "eps": 1.13
        },
        "2009": {
            "cash": 1,
            "stock": 0,
            "eps": 1.8
        },
        "2010": {
            "cash": 1,
            "stock": 1,
            "eps": 2.89
        },
        "2011": {
            "cash": 3,
            "stock": 0,
            "eps": 0.72
        },
        "2012": {
            "cash": 0,
            "stock": 0,
            "eps": 0.47
        },
        "2013": {
            "cash": 0.5,
            "stock": 0,
            "eps": 0.51
        },
        "2014": {
            "cash": 0,
            "stock": 0,
            "eps": -4.76
        },
        "2015": {
            "cash": 0,
            "stock": 0,
            "eps": -1.11
        },
        "2016": {
            "cash": 0,
            "stock": 0,
            "eps": -2.65
        },
        "2017": {
            "cash": 0,
            "stock": 0,
            "eps": 0.51
        },
        "2018": {
            "cash": 0,
            "stock": 0,
            "eps": 1.79
        },
        "2019": {
            "cash": 1.5,
            "stock": 0,
            "eps": 0.65
        },
        "2020": {
            "cash": 0.81,
            "stock": 0,
            "eps": 0.69
        },
        "2021": {
            "cash": 0.7,
            "stock": 0,
            "eps": 1.3
        },
        "2022": {
            "cash": 1.1,
            "stock": 0,
            "eps": 0.66
        },
        "2023": {
            "cash": 0.7,
            "stock": 0,
            "eps": 0.41
        }
    },
    "dividends": {
        "2008-02-13": {
            "cash": 0.6,
            "stock": 0
        },
        "2009-04-03": {
            "cash": 1,
            "stock": 0
        },
        "2010-03-03": {
            "cash": 1,
            "stock": 1
        },
        "2011-01-01": {
            "cash": 1,
            "stock": 0
        },
        "2011-05-03": {
            "cash": 2,
            "stock": 0
        },
        "2013-05-14": {
            "cash": 0.5,
            "stock": 0
        },
        "2019-08-23": {
            "cash": 1.5,
            "stock": 0
        },
        "2020-08-28": {
            "cash": 0.81,
            "stock": 0
        },
        "2021-09-17": {
            "cash": 0.7,
            "stock": 0
        },
        "2022-07-22": {
            "cash": 1.1,
            "stock": 0
        },
        "2023-07-25": {
            "cash": 0.7,
            "stock": 0
        }
    },
    "prices": {
        "200101": "無",
        "200102": "無",
        "200103": "無",
        "200104": "無",
        "200105": "無",
        "200106": "無",
        "200107": "無",
        "200108": "無",
        "200109": "無",
        "200110": "無",
        "200111": "無",
        "200112": "無",
        "200201": "無",
        "200202": "無",
        "200203": "無",
        "200204": "無",
        "200205": "無",
        "200206": "無",
        "200207": "無",
        "200208": "無",
        "200209": "無",
        "200210": "無",
        "200211": "無",
        "200212": "無",
        "200301": "無",
        "200302": "無",
        "200303": "無",
        "200304": "無",
        "200305": "無",
        "200306": "無",
        "200307": "無",
        "200308": "無",
        "200309": "21.03",
        "200310": "19.74",
        "200311": "17.26",
        "200312": "18.50",
        "200401": "17.78",
        "200402": "21.09",
        "200403": "18.20",
        "200404": "16.76",
        "200405": "15.57",
        "200406": "15.04",
        "200407": "15.00",
        "200408": "無",
        "200409": "無",
        "200410": "12.07",
        "200411": "12.11",
        "200412": "10.66",
        "200501": "11.09",
        "200502": "10.34",
        "200503": "10.45",
        "200504": "11.78",
        "200505": "11.18",
        "200506": "12.01",
        "200507": "11.53",
        "200508": "9.76",
        "200509": "9.72",
        "200510": "9.97",
        "200511": "9.65",
        "200512": "10.07",
        "200601": "13.76",
        "200602": "17.52",
        "200603": "17.42",
        "200604": "21.82",
        "200605": "21.08",
        "200606": "19.55",
        "200607": "15.79",
        "200608": "14.17",
        "200609": "11.63",
        "200610": "12.02",
        "200611": "12.54",
        "200612": "12.83",
        "200701": "22.08",
        "200702": "28.08",
        "200703": "22.64",
        "200704": "20.15",
        "200705": "19.41",
        "200706": "21.79",
        "200707": "23.43",
        "200708": "24.76",
        "200709": "24.44",
        "200710": "24.26",
        "200711": "23.06",
        "200712": "23.16",
        "200801": "22.13",
        "200802": "23.83",
        "200803": "28.31",
        "200804": "35.19",
        "200805": "33.90",
        "200806": "30.60",
        "200807": "27.80",
        "200808": "27.25",
        "200809": "18.68",
        "200810": "15.54",
        "200811": "15.40",
        "200812": "13.03",
        "200901": "13.18",
        "200902": "13.93",
        "200903": "15.76",
        "200904": "25.15",
        "200905": "25.61",
        "200906": "23.16",
        "200907": "28.07",
        "200908": "30.35",
        "200909": "36.82",
        "200910": "42.47",
        "200911": "45.48",
        "200912": "76.15",
        "201001": "67.43",
        "201002": "69.44",
        "201003": "98.85",
        "201004": "94.08",
        "201005": "85.70",
        "201006": "86.82",
        "201007": "87.44",
        "201008": "81.68",
        "201009": "81.35",
        "201010": "87.42",
        "201011": "84.23",
        "201012": "86.96",
        "201101": "98.90",
        "201102": "86.04",
        "201103": "78.50",
        "201104": "79.93",
        "201105": "82.21",
        "201106": "59.90",
        "201107": "63.58",
        "201108": "55.30",
        "201109": "44.93",
        "201110": "41.42",
        "201111": "38.18",
        "201112": "33.94",
        "201201": "34.61",
        "201202": "46.93",
        "201203": "47.36",
        "201204": "41.38",
        "201205": "38.11",
        "201206": "38.00",
        "201207": "38.50",
        "201208": "37.56",
        "201209": "39.42",
        "201210": "46.35",
        "201211": "41.70",
        "201212": "46.61",
        "201301": "45.45",
        "201302": "45.12",
        "201303": "48.10",
        "201304": "43.77",
        "201305": "43.24",
        "201306": "46.02",
        "201307": "47.25",
        "201308": "45.99",
        "201309": "45.97",
        "201310": "46.12",
        "201311": "43.74",
        "201312": "42.38",
        "201401": "40.94",
        "201402": "48.18",
        "201403": "48.50",
        "201404": "48.01",
        "201405": "46.80",
        "201406": "48.20",
        "201407": "45.52",
        "201408": "41.46",
        "201409": "40.97",
        "201410": "40.06",
        "201411": "38.18",
        "201412": "35.85",
        "201501": "34.48",
        "201502": "32.60",
        "201503": "33.17",
        "201504": "30.16",
        "201505": "25.32",
        "201506": "21.85",
        "201507": "25.84",
        "201508": "21.11",
        "201509": "22.93",
        "201510": "26.61",
        "201511": "30.86",
        "201512": "26.25",
        "201601": "22.72",
        "201602": "25.41",
        "201603": "26.23",
        "201604": "23.55",
        "201605": "21.91",
        "201606": "22.30",
        "201607": "22.88",
        "201608": "22.23",
        "201609": "21.97",
        "201610": "20.91",
        "201611": "19.59",
        "201612": "20.74",
        "201701": "22.18",
        "201702": "23.53",
        "201703": "23.24",
        "201704": "21.55",
        "201705": "21.63",
        "201706": "21.83",
        "201707": "21.23",
        "201708": "20.40",
        "201709": "23.72",
        "201710": "24.44",
        "201711": "24.23",
        "201712": "22.97",
        "201801": "24.99",
        "201802": "24.23",
        "201803": "25.22",
        "201804": "26.98",
        "201805": "29.88",
        "201806": "32.68",
        "201807": "29.82",
        "201808": "27.80",
        "201809": "27.06",
        "201810": "27.43",
        "201811": "25.61",
        "201812": "27.05",
        "201901": "26.51",
        "201902": "26.24",
        "201903": "25.62",
        "201904": "27.34",
        "201905": "26.41",
        "201906": "26.36",
        "201907": "28.20",
        "201908": "26.19",
        "201909": "25.75",
        "201910": "25.25",
        "201911": "24.66",
        "201912": "24.94",
        "202001": "24.54",
        "202002": "24.05",
        "202003": "21.23",
        "202004": "22.14",
        "202005": "24.16",
        "202006": "24.50",
        "202007": "24.14",
        "202008": "23.01",
        "202009": "23.79",
        "202010": "23.39",
        "202011": "22.68",
        "202012": "22.43",
        "202101": "21.38",
        "202102": "21.97",
        "202103": "23.30",
        "202104": "24.05",
        "202105": "24.92",
        "202106": "25.44",
        "202107": "24.17",
        "202108": "23.83",
        "202109": "23.95",
        "202110": "23.67",
        "202111": "23.73",
        "202112": "23.83",
        "202201": "24.42",
        "202202": "25.05",
        "202203": "24.61",
        "202204": "25.80",
        "202205": "25.28",
        "202206": "25.26",
        "202207": "25.30",
        "202208": "25.15",
        "202209": "26.81",
        "202210": "22.78",
        "202211": "22.13",
        "202212": "24.24",
        "202301": "23.34",
        "202302": "23.92",
        "202303": "24.18",
        "202304": "24.70",
        "202305": "25.45",
        "202306": "25.64",
        "202307": "24.74",
        "202308": "23.82",
        "202309": "23.30",
        "202310": "22.93",
        "202311": "23.57",
        "202312": "24.38"
    },
    "quarters": {
        "20011": {
            "year_quarter": 20011,
            "year": 2001,
            "quarter": 1,
            "eps": null,
            "eps_growth_year": null,
            "eps_4q": null,
            "eps_4q_growth_year": null,
            "roe": null,
            "roe_4q": 0,
            "gross_profit": null,
            "gross_margin": null,
            "gross_margin_4q_avg": 0,
            "net_income": null,
            "net_income_4q": null,
            "revenue": null,
            "revenue_4q": null,
            "common_shares": null,
            "book_valuer_per_share": null,
            "book_valuer_per_share_4q_avg": 0,
            "equity": null,
            "current_ratio": null,
            "debt_ratio": null,
            "inventory_turnover_ratio": null,
            "account_receivable_turnover_ratio": null,
            "reinvestment_rate": null,
            "research_to_sale_ratio": null,
            "price_fair": 0,
            "eps_avg_yearly": 0,
            "eps_latest_yearly": 0,
            "eps_growth_yearly": 0
        },
        "20012": {
            "year_quarter": 20012,
            "year": 2001,
            "quarter": 2,
            "eps": null,
            "eps_growth_year": null,
            "eps_4q": null,
            "eps_4q_growth_year": null,
            "roe": null,
            "roe_4q": 0,
            "gross_profit": null,
            "gross_margin": null,
            "gross_margin_4q_avg": 0,
            "net_income": null,
            "net_income_4q": null,
            "revenue": null,
            "revenue_4q": null,
            "common_shares": null,
            "book_valuer_per_share": null,
            "book_valuer_per_share_4q_avg": 0,
            "equity": null,
            "current_ratio": null,
            "debt_ratio": null,
            "inventory_turnover_ratio": null,
            "account_receivable_turnover_ratio": null,
            "reinvestment_rate": null,
            "research_to_sale_ratio": null,
            "price_fair": 0,
            "eps_avg_yearly": 0,
            "eps_latest_yearly": 0,
            "eps_growth_yearly": 0
        },
        "20013": {
            "year_quarter": 20013,
            "year": 2001,
            "quarter": 3,
            "eps": null,
            "eps_growth_year": null,
            "eps_4q": null,
            "eps_4q_growth_year": null,
            "roe": null,
            "roe_4q": 0,
            "gross_profit": null,
            "gross_margin": null,
            "gross_margin_4q_avg": 0,
            "net_income": null,
            "net_income_4q": null,
            "revenue": null,
            "revenue_4q": null,
            "common_shares": null,
            "book_valuer_per_share": null,
            "book_valuer_per_share_4q_avg": 0,
            "equity": null,
            "current_ratio": null,
            "debt_ratio": null,
            "inventory_turnover_ratio": null,
            "account_receivable_turnover_ratio": null,
            "reinvestment_rate": null,
            "research_to_sale_ratio": null,
            "price_fair": 0,
            "eps_avg_yearly": 0,
            "eps_latest_yearly": 0,
            "eps_growth_yearly": 0
        },
        "20014": {
            "year_quarter": 20014,
            "year": 2001,
            "quarter": 4,
            "eps": null,
            "eps_growth_year": null,
            "eps_4q": null,
            "eps_4q_growth_year": null,
            "roe": null,
            "roe_4q": 0,
            "gross_profit": null,
            "gross_margin": null,
            "gross_margin_4q_avg": 0,
            "net_income": null,
            "net_income_4q": null,
            "revenue": null,
            "revenue_4q": null,
            "common_shares": 300000,
            "book_valuer_per_share": 11.01,
            "book_valuer_per_share_4q_avg": 2.75,
            "equity": 330381,
            "current_ratio": 2227.89,
            "debt_ratio": 3.43,
            "inventory_turnover_ratio": null,
            "account_receivable_turnover_ratio": null,
            "reinvestment_rate": null,
            "research_to_sale_ratio": null,
            "price_fair": 0,
            "eps_avg_yearly": 0,
            "eps_latest_yearly": 0,
            "eps_growth_yearly": 0
        },
        "20021": {
            "year_quarter": 20021,
            "year": 2002,
            "quarter": 1,
            "eps": null,
            "eps_growth_year": null,
            "eps_4q": null,
            "eps_4q_growth_year": null,
            "roe": null,
            "roe_4q": 0,
            "gross_profit": null,
            "gross_margin": null,
            "gross_margin_4q_avg": 0,
            "net_income": null,
            "net_income_4q": null,
            "revenue": null,
            "revenue_4q": null,
            "common_shares": null,
            "book_valuer_per_share": null,
            "book_valuer_per_share_4q_avg": 2.75,
            "equity": null,
            "current_ratio": null,
            "debt_ratio": null,
            "inventory_turnover_ratio": null,
            "account_receivable_turnover_ratio": null,
            "reinvestment_rate": null,
            "research_to_sale_ratio": null,
            "price_fair": 0,
            "eps_avg_yearly": 0,
            "eps_latest_yearly": 0,
            "eps_growth_yearly": 0
        },
        "20022": {
            "year_quarter": 20022,
            "year": 2002,
            "quarter": 2,
            "eps": null,
            "eps_growth_year": null,
            "eps_4q": null,
            "eps_4q_growth_year": null,
            "roe": null,
            "roe_4q": 0,
            "gross_profit": null,
            "gross_margin": null,
            "gross_margin_4q_avg": 0,
            "net_income": null,
            "net_income_4q": null,
            "revenue": null,
            "revenue_4q": null,
            "common_shares": null,
            "book_valuer_per_share": null,
            "book_valuer_per_share_4q_avg": 2.75,
            "equity": null,
            "current_ratio": null,
            "debt_ratio": null,
            "inventory_turnover_ratio": null,
            "account_receivable_turnover_ratio": null,
            "reinvestment_rate": null,
            "research_to_sale_ratio": null,
            "price_fair": 0,
            "eps_avg_yearly": 0,
            "eps_latest_yearly": 0,
            "eps_growth_yearly": 0
        },
        "20023": {
            "year_quarter": 20023,
            "year": 2002,
            "quarter": 3,
            "eps": null,
            "eps_growth_year": null,
            "eps_4q": null,
            "eps_4q_growth_year": null,
            "roe": null,
            "roe_4q": 0,
            "gross_profit": null,
            "gross_margin": null,
            "gross_margin_4q_avg": 0,
            "net_income": null,
            "net_income_4q": null,
            "revenue": null,
            "revenue_4q": null,
            "common_shares": null,
            "book_valuer_per_share": null,
            "book_valuer_per_share_4q_avg": 2.75,
            "equity": null,
            "current_ratio": null,
            "debt_ratio": null,
            "inventory_turnover_ratio": null,
            "account_receivable_turnover_ratio": null,
            "reinvestment_rate": null,
            "research_to_sale_ratio": null,
            "price_fair": 0,
            "eps_avg_yearly": 0,
            "eps_latest_yearly": 0,
            "eps_growth_yearly": 0
        },
        "20024": {
            "year_quarter": 20024,
            "year": 2002,
            "quarter": 4,
            "eps": null,
            "eps_growth_year": null,
            "eps_4q": null,
            "eps_4q_growth_year": null,
            "roe": null,
            "roe_4q": 0,
            "gross_profit": null,
            "gross_margin": null,
            "gross_margin_4q_avg": 0,
            "net_income": null,
            "net_income_4q": null,
            "revenue": null,
            "revenue_4q": null,
            "common_shares": 300000,
            "book_valuer_per_share": 9.52,
            "book_valuer_per_share_4q_avg": 2.38,
            "equity": 285541,
            "current_ratio": 1754.08,
            "debt_ratio": 2.27,
            "inventory_turnover_ratio": null,
            "account_receivable_turnover_ratio": null,
            "reinvestment_rate": null,
            "research_to_sale_ratio": null,
            "price_fair": 0,
            "eps_avg_yearly": 0,
            "eps_latest_yearly": 0,
            "eps_growth_yearly": 0
        },
        "20031": {
            "year_quarter": 20031,
            "year": 2003,
            "quarter": 1,
            "eps": null,
            "eps_growth_year": null,
            "eps_4q": null,
            "eps_4q_growth_year": null,
            "roe": null,
            "roe_4q": 0,
            "gross_profit": null,
            "gross_margin": null,
            "gross_margin_4q_avg": 0,
            "net_income": null,
            "net_income_4q": null,
            "revenue": null,
            "revenue_4q": null,
            "common_shares": null,
            "book_valuer_per_share": null,
            "book_valuer_per_share_4q_avg": 2.38,
            "equity": null,
            "current_ratio": null,
            "debt_ratio": null,
            "inventory_turnover_ratio": null,
            "account_receivable_turnover_ratio": null,
            "reinvestment_rate": null,
            "research_to_sale_ratio": null,
            "price_fair": 0,
            "eps_avg_yearly": 0,
            "eps_latest_yearly": 0,
            "eps_growth_yearly": 0
        },
        "20032": {
            "year_quarter": 20032,
            "year": 2003,
            "quarter": 2,
            "eps": null,
            "eps_growth_year": null,
            "eps_4q": null,
            "eps_4q_growth_year": null,
            "roe": null,
            "roe_4q": 0,
            "gross_profit": null,
            "gross_margin": null,
            "gross_margin_4q_avg": 0,
            "net_income": null,
            "net_income_4q": null,
            "revenue": null,
            "revenue_4q": null,
            "common_shares": null,
            "book_valuer_per_share": null,
            "book_valuer_per_share_4q_avg": 2.38,
            "equity": null,
            "current_ratio": null,
            "debt_ratio": null,
            "inventory_turnover_ratio": null,
            "account_receivable_turnover_ratio": null,
            "reinvestment_rate": null,
            "research_to_sale_ratio": null,
            "price_fair": 0,
            "eps_avg_yearly": 0,
            "eps_latest_yearly": 0,
            "eps_growth_yearly": 0
        },
        "20033": {
            "year_quarter": 20033,
            "year": 2003,
            "quarter": 3,
            "eps": null,
            "eps_growth_year": null,
            "eps_4q": null,
            "eps_4q_growth_year": null,
            "roe": null,
            "roe_4q": 0,
            "gross_profit": null,
            "gross_margin": null,
            "gross_margin_4q_avg": 0,
            "net_income": null,
            "net_income_4q": null,
            "revenue": null,
            "revenue_4q": null,
            "common_shares": null,
            "book_valuer_per_share": null,
            "book_valuer_per_share_4q_avg": 2.38,
            "equity": null,
            "current_ratio": null,
            "debt_ratio": null,
            "inventory_turnover_ratio": null,
            "account_receivable_turnover_ratio": null,
            "reinvestment_rate": null,
            "research_to_sale_ratio": null,
            "price_fair": 0,
            "eps_avg_yearly": 0,
            "eps_latest_yearly": 0,
            "eps_growth_yearly": 0
        },
        "20034": {
            "year_quarter": 20034,
            "year": 2003,
            "quarter": 4,
            "eps": null,
            "eps_growth_year": null,
            "eps_4q": null,
            "eps_4q_growth_year": null,
            "roe": null,
            "roe_4q": 0,
            "gross_profit": null,
            "gross_margin": null,
            "gross_margin_4q_avg": 0,
            "net_income": null,
            "net_income_4q": null,
            "revenue": null,
            "revenue_4q": null,
            "common_shares": 300000,
            "book_valuer_per_share": 8.29,
            "book_valuer_per_share_4q_avg": 2.07,
            "equity": 322305,
            "current_ratio": 1538.12,
            "debt_ratio": 3.52,
            "inventory_turnover_ratio": null,
            "account_receivable_turnover_ratio": null,
            "reinvestment_rate": null,
            "research_to_sale_ratio": null,
            "price_fair": 0,
            "eps_avg_yearly": 0,
            "eps_latest_yearly": 0,
            "eps_growth_yearly": 0
        },
        "20041": {
            "year_quarter": 20041,
            "year": 2004,
            "quarter": 1,
            "eps": null,
            "eps_growth_year": null,
            "eps_4q": null,
            "eps_4q_growth_year": null,
            "roe": null,
            "roe_4q": 0,
            "gross_profit": null,
            "gross_margin": null,
            "gross_margin_4q_avg": 0,
            "net_income": null,
            "net_income_4q": null,
            "revenue": null,
            "revenue_4q": null,
            "common_shares": null,
            "book_valuer_per_share": null,
            "book_valuer_per_share_4q_avg": 2.07,
            "equity": null,
            "current_ratio": null,
            "debt_ratio": null,
            "inventory_turnover_ratio": null,
            "account_receivable_turnover_ratio": null,
            "reinvestment_rate": null,
            "research_to_sale_ratio": null,
            "price_fair": 0,
            "eps_avg_yearly": 0,
            "eps_latest_yearly": 0,
            "eps_growth_yearly": 0
        },
        "20042": {
            "year_quarter": 20042,
            "year": 2004,
            "quarter": 2,
            "eps": null,
            "eps_growth_year": null,
            "eps_4q": null,
            "eps_4q_growth_year": null,
            "roe": null,
            "roe_4q": 0,
            "gross_profit": null,
            "gross_margin": null,
            "gross_margin_4q_avg": 0,
            "net_income": null,
            "net_income_4q": null,
            "revenue": null,
            "revenue_4q": null,
            "common_shares": null,
            "book_valuer_per_share": null,
            "book_valuer_per_share_4q_avg": 2.07,
            "equity": null,
            "current_ratio": null,
            "debt_ratio": null,
            "inventory_turnover_ratio": null,
            "account_receivable_turnover_ratio": null,
            "reinvestment_rate": null,
            "research_to_sale_ratio": null,
            "price_fair": 0,
            "eps_avg_yearly": 0,
            "eps_latest_yearly": 0,
            "eps_growth_yearly": 0
        },
        "20043": {
            "year_quarter": 20043,
            "year": 2004,
            "quarter": 3,
            "eps": null,
            "eps_growth_year": null,
            "eps_4q": null,
            "eps_4q_growth_year": null,
            "roe": null,
            "roe_4q": 0,
            "gross_profit": null,
            "gross_margin": null,
            "gross_margin_4q_avg": 0,
            "net_income": null,
            "net_income_4q": null,
            "revenue": null,
            "revenue_4q": null,
            "common_shares": null,
            "book_valuer_per_share": null,
            "book_valuer_per_share_4q_avg": 2.07,
            "equity": null,
            "current_ratio": null,
            "debt_ratio": null,
            "inventory_turnover_ratio": null,
            "account_receivable_turnover_ratio": null,
            "reinvestment_rate": null,
            "research_to_sale_ratio": null,
            "price_fair": 0,
            "eps_avg_yearly": 0,
            "eps_latest_yearly": 0,
            "eps_growth_yearly": 0
        },
        "20044": {
            "year_quarter": 20044,
            "year": 2004,
            "quarter": 4,
            "eps": null,
            "eps_growth_year": null,
            "eps_4q": null,
            "eps_4q_growth_year": null,
            "roe": null,
            "roe_4q": 0,
            "gross_profit": null,
            "gross_margin": null,
            "gross_margin_4q_avg": 0,
            "net_income": null,
            "net_income_4q": null,
            "revenue": null,
            "revenue_4q": null,
            "common_shares": 326770,
            "book_valuer_per_share": 7.79,
            "book_valuer_per_share_4q_avg": 1.95,
            "equity": 294158,
            "current_ratio": 1011.22,
            "debt_ratio": 4.83,
            "inventory_turnover_ratio": null,
            "account_receivable_turnover_ratio": null,
            "reinvestment_rate": null,
            "research_to_sale_ratio": null,
            "price_fair": 0,
            "eps_avg_yearly": 0,
            "eps_latest_yearly": 0,
            "eps_growth_yearly": 0
        },
        "20051": {
            "year_quarter": 20051,
            "year": 2005,
            "quarter": 1,
            "eps": null,
            "eps_growth_year": null,
            "eps_4q": null,
            "eps_4q_growth_year": null,
            "roe": null,
            "roe_4q": 0,
            "gross_profit": null,
            "gross_margin": null,
            "gross_margin_4q_avg": 0,
            "net_income": null,
            "net_income_4q": null,
            "revenue": null,
            "revenue_4q": null,
            "common_shares": null,
            "book_valuer_per_share": null,
            "book_valuer_per_share_4q_avg": 1.95,
            "equity": null,
            "current_ratio": null,
            "debt_ratio": null,
            "inventory_turnover_ratio": null,
            "account_receivable_turnover_ratio": null,
            "reinvestment_rate": null,
            "research_to_sale_ratio": null,
            "price_fair": 0,
            "eps_avg_yearly": 0,
            "eps_latest_yearly": 0,
            "eps_growth_yearly": 0
        },
        "20052": {
            "year_quarter": 20052,
            "year": 2005,
            "quarter": 2,
            "eps": null,
            "eps_growth_year": null,
            "eps_4q": null,
            "eps_4q_growth_year": null,
            "roe": null,
            "roe_4q": 0,
            "gross_profit": null,
            "gross_margin": null,
            "gross_margin_4q_avg": 0,
            "net_income": null,
            "net_income_4q": null,
            "revenue": null,
            "revenue_4q": null,
            "common_shares": null,
            "book_valuer_per_share": null,
            "book_valuer_per_share_4q_avg": 1.95,
            "equity": null,
            "current_ratio": null,
            "debt_ratio": null,
            "inventory_turnover_ratio": null,
            "account_receivable_turnover_ratio": null,
            "reinvestment_rate": null,
            "research_to_sale_ratio": null,
            "price_fair": 0,
            "eps_avg_yearly": 0,
            "eps_latest_yearly": 0,
            "eps_growth_yearly": 0
        },
        "20053": {
            "year_quarter": 20053,
            "year": 2005,
            "quarter": 3,
            "eps": null,
            "eps_growth_year": null,
            "eps_4q": null,
            "eps_4q_growth_year": null,
            "roe": null,
            "roe_4q": 0,
            "gross_profit": null,
            "gross_margin": null,
            "gross_margin_4q_avg": 0,
            "net_income": null,
            "net_income_4q": null,
            "revenue": null,
            "revenue_4q": null,
            "common_shares": null,
            "book_valuer_per_share": null,
            "book_valuer_per_share_4q_avg": 1.95,
            "equity": null,
            "current_ratio": null,
            "debt_ratio": null,
            "inventory_turnover_ratio": null,
            "account_receivable_turnover_ratio": null,
            "reinvestment_rate": null,
            "research_to_sale_ratio": null,
            "price_fair": 0,
            "eps_avg_yearly": 0,
            "eps_latest_yearly": 0,
            "eps_growth_yearly": 0
        },
        "20054": {
            "year_quarter": 20054,
            "year": 2005,
            "quarter": 4,
            "eps": null,
            "eps_growth_year": null,
            "eps_4q": null,
            "eps_4q_growth_year": null,
            "roe": null,
            "roe_4q": 0,
            "gross_profit": null,
            "gross_margin": null,
            "gross_margin_4q_avg": 0,
            "net_income": null,
            "net_income_4q": null,
            "revenue": null,
            "revenue_4q": null,
            "common_shares": 327520,
            "book_valuer_per_share": 7.54,
            "book_valuer_per_share_4q_avg": 1.89,
            "equity": 290136,
            "current_ratio": 725.96,
            "debt_ratio": 7.47,
            "inventory_turnover_ratio": null,
            "account_receivable_turnover_ratio": null,
            "reinvestment_rate": null,
            "research_to_sale_ratio": null,
            "price_fair": 0,
            "eps_avg_yearly": 0,
            "eps_latest_yearly": 0,
            "eps_growth_yearly": 0
        },
        "20061": {
            "year_quarter": 20061,
            "year": 2006,
            "quarter": 1,
            "eps": null,
            "eps_growth_year": null,
            "eps_4q": null,
            "eps_4q_growth_year": null,
            "roe": null,
            "roe_4q": 0,
            "gross_profit": null,
            "gross_margin": null,
            "gross_margin_4q_avg": 0,
            "net_income": null,
            "net_income_4q": null,
            "revenue": null,
            "revenue_4q": null,
            "common_shares": null,
            "book_valuer_per_share": null,
            "book_valuer_per_share_4q_avg": 1.89,
            "equity": null,
            "current_ratio": null,
            "debt_ratio": null,
            "inventory_turnover_ratio": null,
            "account_receivable_turnover_ratio": null,
            "reinvestment_rate": null,
            "research_to_sale_ratio": null,
            "price_fair": 0,
            "eps_avg_yearly": 0,
            "eps_latest_yearly": 0,
            "eps_growth_yearly": 0
        },
        "20062": {
            "year_quarter": 20062,
            "year": 2006,
            "quarter": 2,
            "eps": null,
            "eps_growth_year": null,
            "eps_4q": null,
            "eps_4q_growth_year": null,
            "roe": null,
            "roe_4q": 0,
            "gross_profit": null,
            "gross_margin": null,
            "gross_margin_4q_avg": 0,
            "net_income": null,
            "net_income_4q": null,
            "revenue": null,
            "revenue_4q": null,
            "common_shares": null,
            "book_valuer_per_share": null,
            "book_valuer_per_share_4q_avg": 1.89,
            "equity": null,
            "current_ratio": null,
            "debt_ratio": null,
            "inventory_turnover_ratio": null,
            "account_receivable_turnover_ratio": null,
            "reinvestment_rate": null,
            "research_to_sale_ratio": null,
            "price_fair": 0,
            "eps_avg_yearly": 0,
            "eps_latest_yearly": 0,
            "eps_growth_yearly": 0
        },
        "20063": {
            "year_quarter": 20063,
            "year": 2006,
            "quarter": 3,
            "eps": null,
            "eps_growth_year": null,
            "eps_4q": null,
            "eps_4q_growth_year": null,
            "roe": null,
            "roe_4q": 0,
            "gross_profit": null,
            "gross_margin": null,
            "gross_margin_4q_avg": 0,
            "net_income": null,
            "net_income_4q": null,
            "revenue": null,
            "revenue_4q": null,
            "common_shares": null,
            "book_valuer_per_share": null,
            "book_valuer_per_share_4q_avg": 1.89,
            "equity": null,
            "current_ratio": null,
            "debt_ratio": null,
            "inventory_turnover_ratio": null,
            "account_receivable_turnover_ratio": null,
            "reinvestment_rate": null,
            "research_to_sale_ratio": null,
            "price_fair": 0,
            "eps_avg_yearly": 0,
            "eps_latest_yearly": 0,
            "eps_growth_yearly": 0
        },
        "20064": {
            "year_quarter": 20064,
            "year": 2006,
            "quarter": 4,
            "eps": null,
            "eps_growth_year": null,
            "eps_4q": null,
            "eps_4q_growth_year": null,
            "roe": null,
            "roe_4q": 0,
            "gross_profit": null,
            "gross_margin": null,
            "gross_margin_4q_avg": 0,
            "net_income": null,
            "net_income_4q": null,
            "revenue": null,
            "revenue_4q": null,
            "common_shares": 447344,
            "book_valuer_per_share": 9.92,
            "book_valuer_per_share_4q_avg": 2.48,
            "equity": 461750,
            "current_ratio": 1072.34,
            "debt_ratio": 7.56,
            "inventory_turnover_ratio": null,
            "account_receivable_turnover_ratio": null,
            "reinvestment_rate": null,
            "research_to_sale_ratio": null,
            "price_fair": 0,
            "eps_avg_yearly": 0,
            "eps_latest_yearly": 0,
            "eps_growth_yearly": 0
        },
        "20071": {
            "year_quarter": 20071,
            "year": 2007,
            "quarter": 1,
            "eps": 0.32,
            "eps_growth_year": null,
            "eps_4q": null,
            "eps_4q_growth_year": null,
            "roe": 3.13,
            "roe_4q": 3.13,
            "gross_profit": 27796,
            "gross_margin": 75.16,
            "gross_margin_4q_avg": 18.79,
            "net_income": 14419,
            "net_income_4q": null,
            "revenue": 36982,
            "revenue_4q": null,
            "common_shares": 447343,
            "book_valuer_per_share": 10.28,
            "book_valuer_per_share_4q_avg": 5.05,
            "equity": 459649,
            "current_ratio": 1137.37,
            "debt_ratio": 6.37,
            "inventory_turnover_ratio": 0.64,
            "account_receivable_turnover_ratio": null,
            "reinvestment_rate": null,
            "research_to_sale_ratio": null,
            "price_fair": 0,
            "eps_avg_yearly": 0,
            "eps_latest_yearly": 0,
            "eps_growth_yearly": 0
        },
        "20072": {
            "year_quarter": 20072,
            "year": 2007,
            "quarter": 2,
            "eps": 0.13,
            "eps_growth_year": null,
            "eps_4q": null,
            "eps_4q_growth_year": null,
            "roe": 1.21,
            "roe_4q": 4.34,
            "gross_profit": 32384,
            "gross_margin": 73.38,
            "gross_margin_4q_avg": 37.14,
            "net_income": 5601,
            "net_income_4q": null,
            "revenue": 44133,
            "revenue_4q": null,
            "common_shares": 449054,
            "book_valuer_per_share": 10.36,
            "book_valuer_per_share_4q_avg": 7.64,
            "equity": 465402,
            "current_ratio": 1395.14,
            "debt_ratio": 5.81,
            "inventory_turnover_ratio": 0.99,
            "account_receivable_turnover_ratio": null,
            "reinvestment_rate": null,
            "research_to_sale_ratio": null,
            "price_fair": 1.56,
            "eps_avg_yearly": 0.52,
            "eps_latest_yearly": 0.52,
            "eps_growth_yearly": -237.5
        },
        "20073": {
            "year_quarter": 20073,
            "year": 2007,
            "quarter": 3,
            "eps": 0.21,
            "eps_growth_year": null,
            "eps_4q": null,
            "eps_4q_growth_year": null,
            "roe": 1.98,
            "roe_4q": 6.32,
            "gross_profit": 26013,
            "gross_margin": 75.11,
            "gross_margin_4q_avg": 55.91,
            "net_income": 9291,
            "net_income_4q": null,
            "revenue": 34635,
            "revenue_4q": null,
            "common_shares": 449054,
            "book_valuer_per_share": 10.57,
            "book_valuer_per_share_4q_avg": 10.28,
            "equity": 474693,
            "current_ratio": 1195.36,
            "debt_ratio": 6.31,
            "inventory_turnover_ratio": 0.76,
            "account_receivable_turnover_ratio": null,
            "reinvestment_rate": null,
            "research_to_sale_ratio": null,
            "price_fair": 9.74,
            "eps_avg_yearly": 0.68,
            "eps_latest_yearly": 0.84,
            "eps_growth_yearly": 4.33
        },
        "20074": {
            "year_quarter": 20074,
            "year": 2007,
            "quarter": 4,
            "eps": 0.63,
            "eps_growth_year": null,
            "eps_4q": 1.29,
            "eps_4q_growth_year": null,
            "roe": 5.62,
            "roe_4q": 11.939999999999998,
            "gross_profit": 32185,
            "gross_margin": 75.1,
            "gross_margin_4q_avg": 74.69,
            "net_income": 28096,
            "net_income_4q": null,
            "revenue": 42858,
            "revenue_4q": null,
            "common_shares": 449054,
            "book_valuer_per_share": 11.2,
            "book_valuer_per_share_4q_avg": 10.6,
            "equity": 524640,
            "current_ratio": 870.92,
            "debt_ratio": 8.23,
            "inventory_turnover_ratio": 0.83,
            "account_receivable_turnover_ratio": null,
            "reinvestment_rate": null,
            "research_to_sale_ratio": null,
            "price_fair": 45.27,
            "eps_avg_yearly": 1.29,
            "eps_latest_yearly": 2.52,
            "eps_growth_yearly": 269.55
        },
        "20081": {
            "year_quarter": 20081,
            "year": 2008,
            "quarter": 1,
            "eps": 0.33,
            "eps_growth_year": 3.12,
            "eps_4q": 1.12,
            "eps_4q_growth_year": null,
            "roe": 3.19,
            "roe_4q": 12,
            "gross_profit": 60497,
            "gross_margin": 82.08,
            "gross_margin_4q_avg": 76.42,
            "net_income": 17034,
            "net_income_4q": null,
            "revenue": 73704,
            "revenue_4q": null,
            "common_shares": 449054,
            "book_valuer_per_share": 11.53,
            "book_valuer_per_share_4q_avg": 10.92,
            "equity": 541673,
            "current_ratio": 950.46,
            "debt_ratio": 7.43,
            "inventory_turnover_ratio": 1.09,
            "account_receivable_turnover_ratio": null,
            "reinvestment_rate": null,
            "research_to_sale_ratio": null,
            "price_fair": 45.5,
            "eps_avg_yearly": 1.3,
            "eps_latest_yearly": 1.32,
            "eps_growth_yearly": 154.54
        },
        "20082": {
            "year_quarter": 20082,
            "year": 2008,
            "quarter": 2,
            "eps": 0.44,
            "eps_growth_year": 238.46,
            "eps_4q": 1.42,
            "eps_4q_growth_year": null,
            "roe": 4.14,
            "roe_4q": 14.93,
            "gross_profit": 71040,
            "gross_margin": 82.78,
            "gross_margin_4q_avg": 78.77,
            "net_income": 22244,
            "net_income_4q": null,
            "revenue": 85817,
            "revenue_4q": null,
            "common_shares": 449054,
            "book_valuer_per_share": 11.29,
            "book_valuer_per_share_4q_avg": 11.15,
            "equity": 531931,
            "current_ratio": 778.29,
            "debt_ratio": 8.81,
            "inventory_turnover_ratio": 1.67,
            "account_receivable_turnover_ratio": null,
            "reinvestment_rate": null,
            "research_to_sale_ratio": null,
            "price_fair": 48.72,
            "eps_avg_yearly": 1.39,
            "eps_latest_yearly": 1.76,
            "eps_growth_yearly": 150.3
        },
        "20083": {
            "year_quarter": 20083,
            "year": 2008,
            "quarter": 3,
            "eps": 0,
            "eps_growth_year": -100,
            "eps_4q": 1.24,
            "eps_4q_growth_year": null,
            "roe": 0.14,
            "roe_4q": 13.09,
            "gross_profit": 38852,
            "gross_margin": 81.07,
            "gross_margin_4q_avg": 80.26,
            "net_income": 803,
            "net_income_4q": null,
            "revenue": 47923,
            "revenue_4q": null,
            "common_shares": 501854,
            "book_valuer_per_share": 11.7,
            "book_valuer_per_share_4q_avg": 11.43,
            "equity": 613034,
            "current_ratio": 876.42,
            "debt_ratio": 8.31,
            "inventory_turnover_ratio": 0.93,
            "account_receivable_turnover_ratio": null,
            "reinvestment_rate": null,
            "research_to_sale_ratio": null,
            "price_fair": 48.72,
            "eps_avg_yearly": 1.39,
            "eps_latest_yearly": 1.76,
            "eps_growth_yearly": 150.3
        },
        "20084": {
            "year_quarter": 20084,
            "year": 2008,
            "quarter": 4,
            "eps": 0.36,
            "eps_growth_year": -42.86,
            "eps_4q": 0.98,
            "eps_4q_growth_year": -23.77,
            "roe": 3.08,
            "roe_4q": 10.549999999999999,
            "gross_profit": 81636,
            "gross_margin": 89.44,
            "gross_margin_4q_avg": 83.84,
            "net_income": 18826,
            "net_income_4q": null,
            "revenue": 91275,
            "revenue_4q": null,
            "common_shares": 501854,
            "book_valuer_per_share": 11.59,
            "book_valuer_per_share_4q_avg": 11.53,
            "equity": 609595,
            "current_ratio": 692.98,
            "debt_ratio": 10.48,
            "inventory_turnover_ratio": 0.95,
            "account_receivable_turnover_ratio": 1.68,
            "reinvestment_rate": null,
            "research_to_sale_ratio": null,
            "price_fair": 48.72,
            "eps_avg_yearly": 1.39,
            "eps_latest_yearly": 1.76,
            "eps_growth_yearly": 150.3
        },
        "20091": {
            "year_quarter": 20091,
            "year": 2009,
            "quarter": 1,
            "eps": 0.23,
            "eps_growth_year": -30.3,
            "eps_4q": 0.92,
            "eps_4q_growth_year": -17.53,
            "roe": 1.94,
            "roe_4q": 9.299999999999999,
            "gross_profit": 47295,
            "gross_margin": 85.03,
            "gross_margin_4q_avg": 84.58,
            "net_income": 11842,
            "net_income_4q": null,
            "revenue": 55620,
            "revenue_4q": null,
            "common_shares": 501854,
            "book_valuer_per_share": 11.56,
            "book_valuer_per_share_4q_avg": 11.54,
            "equity": 608686,
            "current_ratio": 703.94,
            "debt_ratio": 9.26,
            "inventory_turnover_ratio": 0.86,
            "account_receivable_turnover_ratio": 0.56,
            "reinvestment_rate": null,
            "research_to_sale_ratio": null,
            "price_fair": 45.97,
            "eps_avg_yearly": 1.31,
            "eps_latest_yearly": 0.92,
            "eps_growth_yearly": 101.18
        },
        "20092": {
            "year_quarter": 20092,
            "year": 2009,
            "quarter": 2,
            "eps": 0.43,
            "eps_growth_year": -2.27,
            "eps_4q": 0.92,
            "eps_4q_growth_year": -35.12,
            "roe": 3.8,
            "roe_4q": 8.96,
            "gross_profit": 77871,
            "gross_margin": 82.89,
            "gross_margin_4q_avg": 84.61,
            "net_income": 22516,
            "net_income_4q": null,
            "revenue": 93943,
            "revenue_4q": null,
            "common_shares": 492964,
            "book_valuer_per_share": 11.22,
            "book_valuer_per_share_4q_avg": 11.52,
            "equity": 577889,
            "current_ratio": 379.7,
            "debt_ratio": 17.45,
            "inventory_turnover_ratio": 1.47,
            "account_receivable_turnover_ratio": 0.94,
            "reinvestment_rate": null,
            "research_to_sale_ratio": null,
            "price_fair": 48,
            "eps_avg_yearly": 1.37,
            "eps_latest_yearly": 1.72,
            "eps_growth_yearly": 136.41
        },
        "20093": {
            "year_quarter": 20093,
            "year": 2009,
            "quarter": 3,
            "eps": 0.37,
            "eps_growth_year": null,
            "eps_4q": 1.26,
            "eps_4q_growth_year": 1.34,
            "roe": 3.31,
            "roe_4q": 12.129999999999999,
            "gross_profit": 66815,
            "gross_margin": 77.02,
            "gross_margin_4q_avg": 83.6,
            "net_income": 19473,
            "net_income_4q": null,
            "revenue": 86745,
            "revenue_4q": null,
            "common_shares": 492964,
            "book_valuer_per_share": 11.58,
            "book_valuer_per_share_4q_avg": 11.49,
            "equity": 597362,
            "current_ratio": 645.14,
            "debt_ratio": 10,
            "inventory_turnover_ratio": 1.6,
            "account_receivable_turnover_ratio": 0.82,
            "reinvestment_rate": null,
            "research_to_sale_ratio": null,
            "price_fair": 48.48,
            "eps_avg_yearly": 1.39,
            "eps_latest_yearly": 1.48,
            "eps_growth_yearly": 112.38
        },
        "20094": {
            "year_quarter": 20094,
            "year": 2009,
            "quarter": 4,
            "eps": 0.77,
            "eps_growth_year": 113.89,
            "eps_4q": 1.8,
            "eps_4q_growth_year": 83.74,
            "roe": 6.22,
            "roe_4q": 15.269999999999998,
            "gross_profit": 90210,
            "gross_margin": 77.41,
            "gross_margin_4q_avg": 80.59,
            "net_income": 38318,
            "net_income_4q": null,
            "revenue": 116540,
            "revenue_4q": null,
            "common_shares": 492964,
            "book_valuer_per_share": 12.7,
            "book_valuer_per_share_4q_avg": 11.77,
            "equity": 635680,
            "current_ratio": 538.44,
            "debt_ratio": 12.21,
            "inventory_turnover_ratio": 1.76,
            "account_receivable_turnover_ratio": 1.82,
            "reinvestment_rate": null,
            "research_to_sale_ratio": null,
            "price_fair": 55.07,
            "eps_avg_yearly": 1.57,
            "eps_latest_yearly": 3.08,
            "eps_growth_yearly": 147.95
        },
        "20101": {
            "year_quarter": 20101,
            "year": 2010,
            "quarter": 1,
            "eps": 0.94,
            "eps_growth_year": 308.7,
            "eps_4q": 2.51,
            "eps_4q_growth_year": 172.14,
            "roe": 7.11,
            "roe_4q": 20.44,
            "gross_profit": 103111,
            "gross_margin": 76.83,
            "gross_margin_4q_avg": 78.54,
            "net_income": 46838,
            "net_income_4q": null,
            "revenue": 134209,
            "revenue_4q": null,
            "common_shares": 492964,
            "book_valuer_per_share": 13.64,
            "book_valuer_per_share_4q_avg": 12.29,
            "equity": 682518,
            "current_ratio": 514.58,
            "debt_ratio": 13.34,
            "inventory_turnover_ratio": 1.82,
            "account_receivable_turnover_ratio": 0.94,
            "reinvestment_rate": null,
            "research_to_sale_ratio": 10.83,
            "price_fair": 62.72,
            "eps_avg_yearly": 1.79,
            "eps_latest_yearly": 3.76,
            "eps_growth_yearly": 141.98
        },
        "20102": {
            "year_quarter": 20102,
            "year": 2010,
            "quarter": 2,
            "eps": 0.72,
            "eps_growth_year": 66.63,
            "eps_4q": 2.61,
            "eps_4q_growth_year": 182.37,
            "roe": 5.9,
            "roe_4q": 22.54,
            "gross_profit": 99071,
            "gross_margin": 79.92,
            "gross_margin_4q_avg": 77.8,
            "net_income": 39849,
            "net_income_4q": null,
            "revenue": 123969,
            "revenue_4q": null,
            "common_shares": 540794,
            "book_valuer_per_share": 12.21,
            "book_valuer_per_share_4q_avg": 12.53,
            "equity": 669053,
            "current_ratio": 351.85,
            "debt_ratio": 19.89,
            "inventory_turnover_ratio": 1.25,
            "account_receivable_turnover_ratio": 0.84,
            "reinvestment_rate": null,
            "research_to_sale_ratio": 8.63,
            "price_fair": 66.18,
            "eps_avg_yearly": 1.89,
            "eps_latest_yearly": 2.88,
            "eps_growth_yearly": 120.56
        },
        "20103": {
            "year_quarter": 20103,
            "year": 2010,
            "quarter": 3,
            "eps": 0.47,
            "eps_growth_year": 27.7,
            "eps_4q": 2.74,
            "eps_4q_growth_year": 117.32,
            "roe": 3.91,
            "roe_4q": 23.14,
            "gross_profit": 81180,
            "gross_margin": 71.71,
            "gross_margin_4q_avg": 76.47,
            "net_income": 26710,
            "net_income_4q": null,
            "revenue": 113205,
            "revenue_4q": null,
            "common_shares": 540794,
            "book_valuer_per_share": 12.68,
            "book_valuer_per_share_4q_avg": 12.81,
            "equity": 695560,
            "current_ratio": 528.87,
            "debt_ratio": 13.03,
            "inventory_turnover_ratio": 1.64,
            "account_receivable_turnover_ratio": 0.86,
            "reinvestment_rate": null,
            "research_to_sale_ratio": 12.34,
            "price_fair": 66.15,
            "eps_avg_yearly": 1.89,
            "eps_latest_yearly": 1.88,
            "eps_growth_yearly": 98.94
        },
        "20104": {
            "year_quarter": 20104,
            "year": 2010,
            "quarter": 4,
            "eps": 0.76,
            "eps_growth_year": -1.05,
            "eps_4q": 2.8,
            "eps_4q_growth_year": 55.54,
            "roe": 5.92,
            "roe_4q": 22.84,
            "gross_profit": 110071,
            "gross_margin": 76.87,
            "gross_margin_4q_avg": 76.33,
            "net_income": 42441,
            "net_income_4q": null,
            "revenue": 143194,
            "revenue_4q": null,
            "common_shares": 540794,
            "book_valuer_per_share": 13.44,
            "book_valuer_per_share_4q_avg": 12.99,
            "equity": 737871,
            "current_ratio": 740.94,
            "debt_ratio": 45.96,
            "inventory_turnover_ratio": 1.85,
            "account_receivable_turnover_ratio": 1.09,
            "reinvestment_rate": 84.28,
            "research_to_sale_ratio": 14.98,
            "price_fair": 69.25,
            "eps_avg_yearly": 1.98,
            "eps_latest_yearly": 3.04,
            "eps_growth_yearly": 110.32
        },
        "20111": {
            "year_quarter": 20111,
            "year": 2011,
            "quarter": 1,
            "eps": 0.11,
            "eps_growth_year": -88.3,
            "eps_4q": 2.06,
            "eps_4q_growth_year": -17.92,
            "roe": 0.91,
            "roe_4q": 16.64,
            "gross_profit": 69839,
            "gross_margin": 74.41,
            "gross_margin_4q_avg": 75.73,
            "net_income": 7972,
            "net_income_4q": null,
            "revenue": 93857,
            "revenue_4q": null,
            "common_shares": 540794,
            "book_valuer_per_share": 14.26,
            "book_valuer_per_share_4q_avg": 13.15,
            "equity": 1008384,
            "current_ratio": 1320.77,
            "debt_ratio": 36.56,
            "inventory_turnover_ratio": 1.25,
            "account_receivable_turnover_ratio": 0.74,
            "reinvestment_rate": 122.33,
            "research_to_sale_ratio": 11.05,
            "price_fair": 65.4,
            "eps_avg_yearly": 1.87,
            "eps_latest_yearly": 0.44,
            "eps_growth_yearly": 78
        },
        "20112": {
            "year_quarter": 20112,
            "year": 2011,
            "quarter": 2,
            "eps": -0.45,
            "eps_growth_year": -162.84,
            "eps_4q": 0.89,
            "eps_4q_growth_year": -65.68,
            "roe": -2.88,
            "roe_4q": 7.86,
            "gross_profit": 31041,
            "gross_margin": 52.12,
            "gross_margin_4q_avg": 68.78,
            "net_income": -26791,
            "net_income_4q": null,
            "revenue": 59554,
            "revenue_4q": null,
            "common_shares": 540794,
            "book_valuer_per_share": 11.81,
            "book_valuer_per_share_4q_avg": 13.05,
            "equity": 851267,
            "current_ratio": 391.69,
            "debt_ratio": 46.04,
            "inventory_turnover_ratio": 1.42,
            "account_receivable_turnover_ratio": 0.58,
            "reinvestment_rate": 117.65,
            "research_to_sale_ratio": 18.05,
            "price_fair": 69.03,
            "eps_avg_yearly": 1.97,
            "eps_latest_yearly": 0.44,
            "eps_growth_yearly": 102.27
        },
        "20113": {
            "year_quarter": 20113,
            "year": 2011,
            "quarter": 3,
            "eps": 1,
            "eps_growth_year": 112.49,
            "eps_4q": 1.43,
            "eps_4q_growth_year": -47.97,
            "roe": 5.4,
            "roe_4q": 9.350000000000001,
            "gross_profit": 29181,
            "gross_margin": 57.59,
            "gross_margin_4q_avg": 65.25,
            "net_income": 47307,
            "net_income_4q": null,
            "revenue": 50673,
            "revenue_4q": null,
            "common_shares": 540794,
            "book_valuer_per_share": 12.82,
            "book_valuer_per_share_4q_avg": 13.08,
            "equity": 899308,
            "current_ratio": 1059.27,
            "debt_ratio": 40.07,
            "inventory_turnover_ratio": 1.04,
            "account_receivable_turnover_ratio": 0.66,
            "reinvestment_rate": 88.74,
            "research_to_sale_ratio": 20.19,
            "price_fair": 72.33,
            "eps_avg_yearly": 2.07,
            "eps_latest_yearly": 0.44,
            "eps_growth_yearly": 90.28
        },
        "20114": {
            "year_quarter": 20114,
            "year": 2011,
            "quarter": 4,
            "eps": 0.06,
            "eps_growth_year": -92.03,
            "eps_4q": 0.73,
            "eps_4q_growth_year": -74.14,
            "roe": 1.09,
            "roe_4q": 4.5200000000000005,
            "gross_profit": 61717,
            "gross_margin": 75.15,
            "gross_margin_4q_avg": 64.82,
            "net_income": 9876,
            "net_income_4q": null,
            "revenue": 82130,
            "revenue_4q": null,
            "common_shares": 526133,
            "book_valuer_per_share": 12.87,
            "book_valuer_per_share_4q_avg": 12.94,
            "equity": 907551,
            "current_ratio": 1106.59,
            "debt_ratio": 39.2,
            "inventory_turnover_ratio": 1.15,
            "account_receivable_turnover_ratio": 1.3,
            "reinvestment_rate": 88.1,
            "research_to_sale_ratio": 13.57,
            "price_fair": 5.63,
            "eps_avg_yearly": 1.88,
            "eps_latest_yearly": 0.24,
            "eps_growth_yearly": -7.72
        },
        "20121": {
            "year_quarter": 20121,
            "year": 2012,
            "quarter": 1,
            "eps": -0.12,
            "eps_growth_year": -209.09,
            "eps_4q": 0.49,
            "eps_4q_growth_year": -76.13,
            "roe": -0.87,
            "roe_4q": 2.74,
            "gross_profit": 30163,
            "gross_margin": 61.07,
            "gross_margin_4q_avg": 61.48,
            "net_income": -7860,
            "net_income_4q": null,
            "revenue": 49389,
            "revenue_4q": null,
            "common_shares": 526133,
            "book_valuer_per_share": 12.76,
            "book_valuer_per_share_4q_avg": 12.57,
            "equity": 901015,
            "current_ratio": 218.59,
            "debt_ratio": 39.14,
            "inventory_turnover_ratio": 1.13,
            "account_receivable_turnover_ratio": 0.89,
            "reinvestment_rate": 89.57,
            "research_to_sale_ratio": 37.74,
            "price_fair": 36.42,
            "eps_avg_yearly": 1.93,
            "eps_latest_yearly": 0.24,
            "eps_growth_yearly": 8.89
        },
        "20122": {
            "year_quarter": 20122,
            "year": 2012,
            "quarter": 2,
            "eps": 0.04,
            "eps_growth_year": null,
            "eps_4q": 0.98,
            "eps_4q_growth_year": 9.8,
            "roe": -0.33,
            "roe_4q": 5.290000000000001,
            "gross_profit": 41857,
            "gross_margin": 67.95,
            "gross_margin_4q_avg": 65.44,
            "net_income": -2830,
            "net_income_4q": null,
            "revenue": 61599,
            "revenue_4q": null,
            "common_shares": 526133,
            "book_valuer_per_share": 11.8,
            "book_valuer_per_share_4q_avg": 12.56,
            "equity": 833135,
            "current_ratio": 200.14,
            "debt_ratio": 42.84,
            "inventory_turnover_ratio": 1.02,
            "account_receivable_turnover_ratio": 1.26,
            "reinvestment_rate": 83.82,
            "research_to_sale_ratio": 3.8,
            "price_fair": 5.83,
            "eps_avg_yearly": 1.94,
            "eps_latest_yearly": 0.24,
            "eps_growth_yearly": -3.55
        },
        "20123": {
            "year_quarter": 20123,
            "year": 2012,
            "quarter": 3,
            "eps": 0.71,
            "eps_growth_year": -29.76,
            "eps_4q": 0.69,
            "eps_4q_growth_year": -51.85,
            "roe": 4.48,
            "roe_4q": 4.37,
            "gross_profit": 33230,
            "gross_margin": 59.99,
            "gross_margin_4q_avg": 66.04,
            "net_income": 40256,
            "net_income_4q": null,
            "revenue": 55388,
            "revenue_4q": null,
            "common_shares": 609119,
            "book_valuer_per_share": 15.84,
            "book_valuer_per_share_4q_avg": 13.32,
            "equity": 964796,
            "current_ratio": 221.97,
            "debt_ratio": 37.51,
            "inventory_turnover_ratio": 1.27,
            "account_receivable_turnover_ratio": 1.2,
            "reinvestment_rate": -8.6,
            "research_to_sale_ratio": 14.22,
            "price_fair": 70.89,
            "eps_avg_yearly": 2.03,
            "eps_latest_yearly": 2.84,
            "eps_growth_yearly": 605.86
        },
        "20124": {
            "year_quarter": 20124,
            "year": 2012,
            "quarter": 4,
            "eps": -0.16,
            "eps_growth_year": -363.4,
            "eps_4q": 0.47,
            "eps_4q_growth_year": -34.6,
            "roe": -1.02,
            "roe_4q": 2.2600000000000002,
            "gross_profit": 38896,
            "gross_margin": 64.35,
            "gross_margin_4q_avg": 63.34,
            "net_income": -9746,
            "net_income_4q": null,
            "revenue": 60445,
            "revenue_4q": null,
            "common_shares": 609119,
            "book_valuer_per_share": 15.68,
            "book_valuer_per_share_4q_avg": 14.02,
            "equity": 955051,
            "current_ratio": 217.92,
            "debt_ratio": 37.09,
            "inventory_turnover_ratio": 1.26,
            "account_receivable_turnover_ratio": 1.54,
            "reinvestment_rate": 24.55,
            "research_to_sale_ratio": 10.71,
            "price_fair": 70.89,
            "eps_avg_yearly": 2.03,
            "eps_latest_yearly": 2.84,
            "eps_growth_yearly": 605.86
        },
        "20131": {
            "year_quarter": 20131,
            "year": 2013,
            "quarter": 1,
            "eps": 0.35,
            "eps_growth_year": null,
            "eps_4q": 0.93,
            "eps_4q_growth_year": 88.61,
            "roe": 2.31,
            "roe_4q": 5.44,
            "gross_profit": 54752,
            "gross_margin": 72.22,
            "gross_margin_4q_avg": 66.13,
            "net_income": 21216,
            "net_income_4q": null,
            "revenue": 75808,
            "revenue_4q": null,
            "common_shares": 609119,
            "book_valuer_per_share": 14.49,
            "book_valuer_per_share_4q_avg": 14.45,
            "equity": 882898,
            "current_ratio": 189.8,
            "debt_ratio": 45.97,
            "inventory_turnover_ratio": 1.14,
            "account_receivable_turnover_ratio": 1.73,
            "reinvestment_rate": 1.01,
            "research_to_sale_ratio": 7.07,
            "price_fair": 74.76,
            "eps_avg_yearly": 2.14,
            "eps_latest_yearly": 2.84,
            "eps_growth_yearly": 680.9
        },
        "20132": {
            "year_quarter": 20132,
            "year": 2013,
            "quarter": 2,
            "eps": 0.38,
            "eps_growth_year": 844.4,
            "eps_4q": 1.28,
            "eps_4q_growth_year": 29.89,
            "roe": 2.67,
            "roe_4q": 8.440000000000001,
            "gross_profit": 64714,
            "gross_margin": 70.76,
            "gross_margin_4q_avg": 66.83,
            "net_income": 23322,
            "net_income_4q": null,
            "revenue": 91456,
            "revenue_4q": null,
            "common_shares": 609119,
            "book_valuer_per_share": 14.18,
            "book_valuer_per_share_4q_avg": 15.05,
            "equity": 863864,
            "current_ratio": 227.06,
            "debt_ratio": 38,
            "inventory_turnover_ratio": 1.41,
            "account_receivable_turnover_ratio": 1.57,
            "reinvestment_rate": -4.65,
            "research_to_sale_ratio": 7.9,
            "price_fair": 74.06,
            "eps_avg_yearly": 2.12,
            "eps_latest_yearly": 1.52,
            "eps_growth_yearly": 649.54
        },
        "20133": {
            "year_quarter": 20133,
            "year": 2013,
            "quarter": 3,
            "eps": 0.24,
            "eps_growth_year": -65.97,
            "eps_4q": 0.81,
            "eps_4q_growth_year": 17.88,
            "roe": 1.68,
            "roe_4q": 5.640000000000001,
            "gross_profit": 47633,
            "gross_margin": 65.74,
            "gross_margin_4q_avg": 68.27,
            "net_income": 14521,
            "net_income_4q": null,
            "revenue": 72453,
            "revenue_4q": null,
            "common_shares": 609119,
            "book_valuer_per_share": 14.19,
            "book_valuer_per_share_4q_avg": 14.64,
            "equity": 864364,
            "current_ratio": 236.52,
            "debt_ratio": 36.91,
            "inventory_turnover_ratio": 1.47,
            "account_receivable_turnover_ratio": 1.3,
            "reinvestment_rate": -9.43,
            "research_to_sale_ratio": 7.61,
            "price_fair": 72.24,
            "eps_avg_yearly": 2.06,
            "eps_latest_yearly": 0.96,
            "eps_growth_yearly": 640.39
        },
        "20134": {
            "year_quarter": 20134,
            "year": 2013,
            "quarter": 4,
            "eps": -0.46,
            "eps_growth_year": null,
            "eps_4q": 0.51,
            "eps_4q_growth_year": 6.93,
            "roe": -3.31,
            "roe_4q": 3.3499999999999996,
            "gross_profit": 46934,
            "gross_margin": 67.8,
            "gross_margin_4q_avg": 69.13,
            "net_income": -28168,
            "net_income_4q": null,
            "revenue": 69220,
            "revenue_4q": null,
            "common_shares": 609119,
            "book_valuer_per_share": 13.75,
            "book_valuer_per_share_4q_avg": 14.15,
            "equity": 837281,
            "current_ratio": 223.92,
            "debt_ratio": 39.05,
            "inventory_turnover_ratio": 1.38,
            "account_receivable_turnover_ratio": 1.87,
            "reinvestment_rate": -97.52,
            "research_to_sale_ratio": 12.56,
            "price_fair": 68.29,
            "eps_avg_yearly": 1.95,
            "eps_latest_yearly": 0.96,
            "eps_growth_yearly": 663.49
        },
        "20141": {
            "year_quarter": 20141,
            "year": 2014,
            "quarter": 1,
            "eps": -0.13,
            "eps_growth_year": -137.14,
            "eps_4q": 0.03,
            "eps_4q_growth_year": -96.4,
            "roe": -0.91,
            "roe_4q": 0.1299999999999999,
            "gross_profit": 68780,
            "gross_margin": 57.83,
            "gross_margin_4q_avg": 65.53,
            "net_income": -7641,
            "net_income_4q": null,
            "revenue": 118937,
            "revenue_4q": null,
            "common_shares": 609119,
            "book_valuer_per_share": 13.7,
            "book_valuer_per_share_4q_avg": 13.96,
            "equity": 834272,
            "current_ratio": 53.55,
            "debt_ratio": 65.6,
            "inventory_turnover_ratio": 1.04,
            "account_receivable_turnover_ratio": 3.08,
            "reinvestment_rate": 360.69,
            "research_to_sale_ratio": 7.24,
            "price_fair": 60.38,
            "eps_avg_yearly": 1.73,
            "eps_latest_yearly": 0.96,
            "eps_growth_yearly": 735.39
        },
        "20142": {
            "year_quarter": 20142,
            "year": 2014,
            "quarter": 2,
            "eps": -0.39,
            "eps_growth_year": -202.63,
            "eps_4q": -0.74,
            "eps_4q_growth_year": -158.18,
            "roe": -2.91,
            "roe_4q": -5.450000000000001,
            "gross_profit": 78432,
            "gross_margin": 48.01,
            "gross_margin_4q_avg": 59.85,
            "net_income": -23947,
            "net_income_4q": null,
            "revenue": 163361,
            "revenue_4q": null,
            "common_shares": 609119,
            "book_valuer_per_share": 13.29,
            "book_valuer_per_share_4q_avg": 13.73,
            "equity": 809591,
            "current_ratio": 62.5,
            "debt_ratio": 62.61,
            "inventory_turnover_ratio": 1.1,
            "account_receivable_turnover_ratio": 3.07,
            "reinvestment_rate": 526.67,
            "research_to_sale_ratio": 3.74,
            "price_fair": 54.6,
            "eps_avg_yearly": 1.56,
            "eps_latest_yearly": 0.96,
            "eps_growth_yearly": 853.82
        },
        "20143": {
            "year_quarter": 20143,
            "year": 2014,
            "quarter": 3,
            "eps": -0.81,
            "eps_growth_year": -437.5,
            "eps_4q": -1.77,
            "eps_4q_growth_year": -318.27,
            "roe": -6.26,
            "roe_4q": -13.39,
            "gross_profit": 63134,
            "gross_margin": 35.82,
            "gross_margin_4q_avg": 52.37,
            "net_income": -49294,
            "net_income_4q": null,
            "revenue": 176273,
            "revenue_4q": null,
            "common_shares": 609119,
            "book_valuer_per_share": 12.5,
            "book_valuer_per_share_4q_avg": 13.31,
            "equity": 764154,
            "current_ratio": 59.54,
            "debt_ratio": 63.97,
            "inventory_turnover_ratio": 1.75,
            "account_receivable_turnover_ratio": 3.31,
            "reinvestment_rate": 1180.28,
            "research_to_sale_ratio": 3.4,
            "price_fair": 52.73,
            "eps_avg_yearly": 1.51,
            "eps_latest_yearly": 0.96,
            "eps_growth_yearly": 1019.27
        },
        "20144": {
            "year_quarter": 20144,
            "year": 2014,
            "quarter": 4,
            "eps": -3.43,
            "eps_growth_year": null,
            "eps_4q": -4.34,
            "eps_4q_growth_year": -956.4,
            "roe": -25.85,
            "roe_4q": -35.92999999999999,
            "gross_profit": 43004,
            "gross_margin": 40.59,
            "gross_margin_4q_avg": 45.56,
            "net_income": -305276,
            "net_income_4q": null,
            "revenue": 105954,
            "revenue_4q": null,
            "common_shares": 889119,
            "book_valuer_per_share": 17.97,
            "book_valuer_per_share_4q_avg": 14.37,
            "equity": 1597321,
            "current_ratio": 310.87,
            "debt_ratio": 8.31,
            "inventory_turnover_ratio": 1.17,
            "account_receivable_turnover_ratio": 2.64,
            "reinvestment_rate": null,
            "research_to_sale_ratio": 7.89,
            "price_fair": 42,
            "eps_avg_yearly": 1.2,
            "eps_latest_yearly": 0.96,
            "eps_growth_yearly": 1173.76
        },
        "20151": {
            "year_quarter": 20151,
            "year": 2015,
            "quarter": 1,
            "eps": -0.3,
            "eps_growth_year": null,
            "eps_4q": -4.56,
            "eps_4q_growth_year": -13742.89,
            "roe": -1.67,
            "roe_4q": -36.69,
            "gross_profit": 56279,
            "gross_margin": 46.55,
            "gross_margin_4q_avg": 42.74,
            "net_income": -26533,
            "net_income_4q": null,
            "revenue": 120910,
            "revenue_4q": null,
            "common_shares": 889119,
            "book_valuer_per_share": 17.68,
            "book_valuer_per_share_4q_avg": 15.36,
            "equity": 1572075,
            "current_ratio": 331.99,
            "debt_ratio": 7.56,
            "inventory_turnover_ratio": 1.25,
            "account_receivable_turnover_ratio": 2.99,
            "reinvestment_rate": null,
            "research_to_sale_ratio": 5.18,
            "price_fair": 48.65,
            "eps_avg_yearly": 1.39,
            "eps_latest_yearly": 0.96,
            "eps_growth_yearly": 1552.73
        },
        "20152": {
            "year_quarter": 20152,
            "year": 2015,
            "quarter": 2,
            "eps": -0.28,
            "eps_growth_year": null,
            "eps_4q": -4.57,
            "eps_4q_growth_year": null,
            "roe": -1.62,
            "roe_4q": -35.4,
            "gross_profit": 59206,
            "gross_margin": 46.88,
            "gross_margin_4q_avg": 42.46,
            "net_income": -25093,
            "net_income_4q": null,
            "revenue": 126300,
            "revenue_4q": null,
            "common_shares": 889119,
            "book_valuer_per_share": 17.25,
            "book_valuer_per_share_4q_avg": 16.35,
            "equity": 1533448,
            "current_ratio": 333.91,
            "debt_ratio": 7.49,
            "inventory_turnover_ratio": 1.4,
            "account_receivable_turnover_ratio": 2.53,
            "reinvestment_rate": null,
            "research_to_sale_ratio": 5.49,
            "price_fair": 48.65,
            "eps_avg_yearly": 1.39,
            "eps_latest_yearly": 0.96,
            "eps_growth_yearly": 1552.73
        },
        "20153": {
            "year_quarter": 20153,
            "year": 2015,
            "quarter": 3,
            "eps": 0.12,
            "eps_growth_year": null,
            "eps_4q": -3.89,
            "eps_4q_growth_year": null,
            "roe": 0.71,
            "roe_4q": -28.43,
            "gross_profit": 95194,
            "gross_margin": 58.3,
            "gross_margin_4q_avg": 48.08,
            "net_income": 11012,
            "net_income_4q": null,
            "revenue": 163289,
            "revenue_4q": null,
            "common_shares": 889119,
            "book_valuer_per_share": 17.44,
            "book_valuer_per_share_4q_avg": 17.59,
            "equity": 1550793,
            "current_ratio": 326.35,
            "debt_ratio": 8.46,
            "inventory_turnover_ratio": 1.29,
            "account_receivable_turnover_ratio": 2.4,
            "reinvestment_rate": null,
            "research_to_sale_ratio": 4.22,
            "price_fair": 48.65,
            "eps_avg_yearly": 1.39,
            "eps_latest_yearly": 0.96,
            "eps_growth_yearly": 1552.73
        },
        "20154": {
            "year_quarter": 20154,
            "year": 2015,
            "quarter": 4,
            "eps": -0.65,
            "eps_growth_year": null,
            "eps_4q": -1.1,
            "eps_4q_growth_year": null,
            "roe": -3.76,
            "roe_4q": -6.34,
            "gross_profit": 62607,
            "gross_margin": 50.4,
            "gross_margin_4q_avg": 50.53,
            "net_income": -57414,
            "net_income_4q": null,
            "revenue": 124220,
            "revenue_4q": null,
            "common_shares": 889119,
            "book_valuer_per_share": 16.87,
            "book_valuer_per_share_4q_avg": 17.31,
            "equity": 1500385,
            "current_ratio": 358.82,
            "debt_ratio": 8.17,
            "inventory_turnover_ratio": 1.08,
            "account_receivable_turnover_ratio": 1.57,
            "reinvestment_rate": null,
            "research_to_sale_ratio": 5.2,
            "price_fair": 62.07,
            "eps_avg_yearly": 1.77,
            "eps_latest_yearly": 0.96,
            "eps_growth_yearly": 2195.64
        },
        "20161": {
            "year_quarter": 20161,
            "year": 2016,
            "quarter": 1,
            "eps": -0.09,
            "eps_growth_year": null,
            "eps_4q": -0.89,
            "eps_4q_growth_year": null,
            "roe": -0.54,
            "roe_4q": -5.21,
            "gross_profit": 76038,
            "gross_margin": 58.69,
            "gross_margin_4q_avg": 53.57,
            "net_income": -8010,
            "net_income_4q": null,
            "revenue": 129556,
            "revenue_4q": null,
            "common_shares": 889119,
            "book_valuer_per_share": 16.81,
            "book_valuer_per_share_4q_avg": 17.09,
            "equity": 1494266,
            "current_ratio": 406.63,
            "debt_ratio": 7.4,
            "inventory_turnover_ratio": 0.93,
            "account_receivable_turnover_ratio": 1.7,
            "reinvestment_rate": null,
            "research_to_sale_ratio": 4.58,
            "price_fair": 62.07,
            "eps_avg_yearly": 1.77,
            "eps_latest_yearly": 0.96,
            "eps_growth_yearly": 2195.64
        },
        "20162": {
            "year_quarter": 20162,
            "year": 2016,
            "quarter": 2,
            "eps": -0.01,
            "eps_growth_year": null,
            "eps_4q": -0.62,
            "eps_4q_growth_year": null,
            "roe": -0.03,
            "roe_4q": -3.62,
            "gross_profit": 89756,
            "gross_margin": 62.12,
            "gross_margin_4q_avg": 57.38,
            "net_income": -453,
            "net_income_4q": null,
            "revenue": 144496,
            "revenue_4q": null,
            "common_shares": 889119,
            "book_valuer_per_share": 16.82,
            "book_valuer_per_share_4q_avg": 16.99,
            "equity": 1495799,
            "current_ratio": 417.18,
            "debt_ratio": 7.29,
            "inventory_turnover_ratio": 0.89,
            "account_receivable_turnover_ratio": 1.61,
            "reinvestment_rate": null,
            "research_to_sale_ratio": 4.9,
            "price_fair": 62.07,
            "eps_avg_yearly": 1.77,
            "eps_latest_yearly": 0.96,
            "eps_growth_yearly": 2195.64
        },
        "20163": {
            "year_quarter": 20163,
            "year": 2016,
            "quarter": 3,
            "eps": -0.11,
            "eps_growth_year": -191.67,
            "eps_4q": -0.85,
            "eps_4q_growth_year": null,
            "roe": -0.68,
            "roe_4q": -5.01,
            "gross_profit": 75042,
            "gross_margin": 51.32,
            "gross_margin_4q_avg": 55.63,
            "net_income": -10141,
            "net_income_4q": null,
            "revenue": 146237,
            "revenue_4q": null,
            "common_shares": 889119,
            "book_valuer_per_share": 16.75,
            "book_valuer_per_share_4q_avg": 16.81,
            "equity": 1488838,
            "current_ratio": 383.92,
            "debt_ratio": 8.04,
            "inventory_turnover_ratio": 1.2,
            "account_receivable_turnover_ratio": 1.59,
            "reinvestment_rate": null,
            "research_to_sale_ratio": 4.48,
            "price_fair": 3.72,
            "eps_avg_yearly": 1.24,
            "eps_latest_yearly": 0.96,
            "eps_growth_yearly": -56.54
        },
        "20164": {
            "year_quarter": 20164,
            "year": 2016,
            "quarter": 4,
            "eps": -2.44,
            "eps_growth_year": null,
            "eps_4q": -2.65,
            "eps_4q_growth_year": null,
            "roe": -15.7,
            "roe_4q": -16.95,
            "gross_profit": 69248,
            "gross_margin": 57.47,
            "gross_margin_4q_avg": 57.4,
            "net_income": -217334,
            "net_income_4q": null,
            "revenue": 120491,
            "revenue_4q": null,
            "common_shares": 889119,
            "book_valuer_per_share": 14.39,
            "book_valuer_per_share_4q_avg": 16.19,
            "equity": 1279655,
            "current_ratio": 404.7,
            "debt_ratio": 8.84,
            "inventory_turnover_ratio": 0.86,
            "account_receivable_turnover_ratio": 1.56,
            "reinvestment_rate": null,
            "research_to_sale_ratio": 7.7,
            "price_fair": 3.72,
            "eps_avg_yearly": 1.24,
            "eps_latest_yearly": 0.96,
            "eps_growth_yearly": -56.54
        },
        "20171": {
            "year_quarter": 20171,
            "year": 2017,
            "quarter": 1,
            "eps": -0.03,
            "eps_growth_year": null,
            "eps_4q": -2.59,
            "eps_4q_growth_year": null,
            "roe": -0.19,
            "roe_4q": -16.6,
            "gross_profit": 76993,
            "gross_margin": 58.34,
            "gross_margin_4q_avg": 57.31,
            "net_income": -2454,
            "net_income_4q": null,
            "revenue": 131981,
            "revenue_4q": null,
            "common_shares": 889119,
            "book_valuer_per_share": 14.36,
            "book_valuer_per_share_4q_avg": 15.58,
            "equity": 1276827,
            "current_ratio": 435.78,
            "debt_ratio": 8.25,
            "inventory_turnover_ratio": 0.92,
            "account_receivable_turnover_ratio": 1.85,
            "reinvestment_rate": null,
            "research_to_sale_ratio": 4.77,
            "price_fair": 3.72,
            "eps_avg_yearly": 1.24,
            "eps_latest_yearly": 0.96,
            "eps_growth_yearly": -56.54
        },
        "20172": {
            "year_quarter": 20172,
            "year": 2017,
            "quarter": 2,
            "eps": 0.46,
            "eps_growth_year": null,
            "eps_4q": -2.12,
            "eps_4q_growth_year": null,
            "roe": 3.11,
            "roe_4q": -13.459999999999999,
            "gross_profit": 83938,
            "gross_margin": 58.53,
            "gross_margin_4q_avg": 56.42,
            "net_income": 40933,
            "net_income_4q": null,
            "revenue": 143418,
            "revenue_4q": null,
            "common_shares": 889119,
            "book_valuer_per_share": 14.89,
            "book_valuer_per_share_4q_avg": 15.1,
            "equity": 1357300,
            "current_ratio": 485.54,
            "debt_ratio": 7.58,
            "inventory_turnover_ratio": 1.02,
            "account_receivable_turnover_ratio": 1.73,
            "reinvestment_rate": null,
            "research_to_sale_ratio": 5.97,
            "price_fair": 2.88,
            "eps_avg_yearly": 0.96,
            "eps_latest_yearly": 0.96,
            "eps_growth_yearly": -147.37
        },
        "20173": {
            "year_quarter": 20173,
            "year": 2017,
            "quarter": 3,
            "eps": 0.26,
            "eps_growth_year": null,
            "eps_4q": -1.75,
            "eps_4q_growth_year": null,
            "roe": 1.68,
            "roe_4q": -11.1,
            "gross_profit": 101016,
            "gross_margin": 62.72,
            "gross_margin_4q_avg": 59.27,
            "net_income": 22922,
            "net_income_4q": null,
            "revenue": 161048,
            "revenue_4q": null,
            "common_shares": 889119,
            "book_valuer_per_share": 15.07,
            "book_valuer_per_share_4q_avg": 14.68,
            "equity": 1373741,
            "current_ratio": 453.73,
            "debt_ratio": 8.61,
            "inventory_turnover_ratio": 0.95,
            "account_receivable_turnover_ratio": 1.72,
            "reinvestment_rate": null,
            "research_to_sale_ratio": 5.57,
            "price_fair": 3.12,
            "eps_avg_yearly": 1.04,
            "eps_latest_yearly": 1.04,
            "eps_growth_yearly": -173.91
        },
        "20174": {
            "year_quarter": 20174,
            "year": 2017,
            "quarter": 4,
            "eps": -0.18,
            "eps_growth_year": null,
            "eps_4q": 0.51,
            "eps_4q_growth_year": null,
            "roe": -1.2,
            "roe_4q": 3.4,
            "gross_profit": 59724,
            "gross_margin": 51.27,
            "gross_margin_4q_avg": 57.72,
            "net_income": -16418,
            "net_income_4q": null,
            "revenue": 116494,
            "revenue_4q": null,
            "common_shares": 889119,
            "book_valuer_per_share": 15.04,
            "book_valuer_per_share_4q_avg": 14.84,
            "equity": 1370783,
            "current_ratio": 437.01,
            "debt_ratio": 8.63,
            "inventory_turnover_ratio": 0.84,
            "account_receivable_turnover_ratio": 1.59,
            "reinvestment_rate": null,
            "research_to_sale_ratio": 7.68,
            "price_fair": 3.12,
            "eps_avg_yearly": 1.04,
            "eps_latest_yearly": 1.04,
            "eps_growth_yearly": -173.91
        },
        "20181": {
            "year_quarter": 20181,
            "year": 2018,
            "quarter": 1,
            "eps": 0.05,
            "eps_growth_year": null,
            "eps_4q": 0.59,
            "eps_4q_growth_year": null,
            "roe": 0.25,
            "roe_4q": 3.84,
            "gross_profit": 76723,
            "gross_margin": 57.65,
            "gross_margin_4q_avg": 57.54,
            "net_income": 3376,
            "net_income_4q": null,
            "revenue": 133084,
            "revenue_4q": null,
            "common_shares": 889119,
            "book_valuer_per_share": 15.13,
            "book_valuer_per_share_4q_avg": 15.03,
            "equity": 1378572,
            "current_ratio": 409.43,
            "debt_ratio": 9.42,
            "inventory_turnover_ratio": 0.82,
            "account_receivable_turnover_ratio": 1.9,
            "reinvestment_rate": null,
            "research_to_sale_ratio": 5.09,
            "price_fair": 3.12,
            "eps_avg_yearly": 1.04,
            "eps_latest_yearly": 1.04,
            "eps_growth_yearly": -173.91
        },
        "20182": {
            "year_quarter": 20182,
            "year": 2018,
            "quarter": 2,
            "eps": 1.05,
            "eps_growth_year": 128.26,
            "eps_4q": 1.17,
            "eps_4q_growth_year": null,
            "roe": 6.54,
            "roe_4q": 7.27,
            "gross_profit": 68018,
            "gross_margin": 69.82,
            "gross_margin_4q_avg": 60.37,
            "net_income": 93072,
            "net_income_4q": null,
            "revenue": 97413,
            "revenue_4q": null,
            "common_shares": 889119,
            "book_valuer_per_share": 16.15,
            "book_valuer_per_share_4q_avg": 15.35,
            "equity": 1469512,
            "current_ratio": 1041.41,
            "debt_ratio": 7.86,
            "inventory_turnover_ratio": 0.51,
            "account_receivable_turnover_ratio": 1.26,
            "reinvestment_rate": null,
            "research_to_sale_ratio": 7.08,
            "price_fair": 91.7,
            "eps_avg_yearly": 2.62,
            "eps_latest_yearly": 4.2,
            "eps_growth_yearly": 3913.04
        },
        "20183": {
            "year_quarter": 20183,
            "year": 2018,
            "quarter": 3,
            "eps": 0.41,
            "eps_growth_year": 57.69,
            "eps_4q": 1.32,
            "eps_4q_growth_year": null,
            "roe": 2.43,
            "roe_4q": 8.020000000000001,
            "gross_profit": 79730,
            "gross_margin": 67.34,
            "gross_margin_4q_avg": 61.52,
            "net_income": 36539,
            "net_income_4q": null,
            "revenue": 118393,
            "revenue_4q": null,
            "common_shares": 889119,
            "book_valuer_per_share": 16.45,
            "book_valuer_per_share_4q_avg": 15.69,
            "equity": 1534255,
            "current_ratio": 1283.77,
            "debt_ratio": 5.85,
            "inventory_turnover_ratio": 0.91,
            "account_receivable_turnover_ratio": 1.43,
            "reinvestment_rate": null,
            "research_to_sale_ratio": 5.76,
            "price_fair": 80.27,
            "eps_avg_yearly": 2.29,
            "eps_latest_yearly": 1.64,
            "eps_growth_yearly": 2527.43
        },
        "20184": {
            "year_quarter": 20184,
            "year": 2018,
            "quarter": 4,
            "eps": 0.28,
            "eps_growth_year": null,
            "eps_4q": 1.78,
            "eps_4q_growth_year": 246.53,
            "roe": 1.59,
            "roe_4q": 10.81,
            "gross_profit": 65226,
            "gross_margin": 68.94,
            "gross_margin_4q_avg": 65.94,
            "net_income": 24639,
            "net_income_4q": null,
            "revenue": 94611,
            "revenue_4q": null,
            "common_shares": 889119,
            "book_valuer_per_share": 16.77,
            "book_valuer_per_share_4q_avg": 16.13,
            "equity": 1562710,
            "current_ratio": 1213.74,
            "debt_ratio": 5.77,
            "inventory_turnover_ratio": 0.74,
            "account_receivable_turnover_ratio": 1.09,
            "reinvestment_rate": null,
            "research_to_sale_ratio": 8.56,
            "price_fair": 70,
            "eps_avg_yearly": 2,
            "eps_latest_yearly": 1.12,
            "eps_growth_yearly": 1863.86
        },
        "20191": {
            "year_quarter": 20191,
            "year": 2019,
            "quarter": 1,
            "eps": 0.46,
            "eps_growth_year": 820,
            "eps_4q": 2.19,
            "eps_4q_growth_year": 274.46,
            "roe": 2.59,
            "roe_4q": 13.149999999999999,
            "gross_profit": 60911,
            "gross_margin": 66.87,
            "gross_margin_4q_avg": 68.24,
            "net_income": 41101,
            "net_income_4q": null,
            "revenue": 91088,
            "revenue_4q": null,
            "common_shares": 889119,
            "book_valuer_per_share": 17.34,
            "book_valuer_per_share_4q_avg": 16.68,
            "equity": 1615744,
            "current_ratio": 1273.39,
            "debt_ratio": 7.42,
            "inventory_turnover_ratio": 0.83,
            "account_receivable_turnover_ratio": 1.18,
            "reinvestment_rate": null,
            "research_to_sale_ratio": 6.64,
            "price_fair": 68.88,
            "eps_avg_yearly": 1.97,
            "eps_latest_yearly": 1.84,
            "eps_growth_yearly": 1542.52
        },
        "20192": {
            "year_quarter": 20192,
            "year": 2019,
            "quarter": 2,
            "eps": 0.05,
            "eps_growth_year": -95.24,
            "eps_4q": 1.19,
            "eps_4q_growth_year": 2.03,
            "roe": 0.26,
            "roe_4q": 6.869999999999999,
            "gross_profit": 58158,
            "gross_margin": 67.44,
            "gross_margin_4q_avg": 67.65,
            "net_income": 4044,
            "net_income_4q": null,
            "revenue": 86240,
            "revenue_4q": null,
            "common_shares": 889119,
            "book_valuer_per_share": 15.8,
            "book_valuer_per_share_4q_avg": 16.59,
            "equity": 1509510,
            "current_ratio": 493.18,
            "debt_ratio": 14.08,
            "inventory_turnover_ratio": 0.84,
            "account_receivable_turnover_ratio": 1.13,
            "reinvestment_rate": null,
            "research_to_sale_ratio": 7.25,
            "price_fair": 58.57,
            "eps_avg_yearly": 1.67,
            "eps_latest_yearly": 0.2,
            "eps_growth_yearly": 1226.01
        },
        "20193": {
            "year_quarter": 20193,
            "year": 2019,
            "quarter": 3,
            "eps": 0.18,
            "eps_growth_year": -56.1,
            "eps_4q": 0.97,
            "eps_4q_growth_year": -26.72,
            "roe": 1.05,
            "roe_4q": 5.49,
            "gross_profit": 63054,
            "gross_margin": 70.48,
            "gross_margin_4q_avg": 68.43,
            "net_income": 15872,
            "net_income_4q": null,
            "revenue": 89460,
            "revenue_4q": null,
            "common_shares": 889344,
            "book_valuer_per_share": 15.7,
            "book_valuer_per_share_4q_avg": 16.4,
            "equity": 1525628,
            "current_ratio": 942.26,
            "debt_ratio": 7.24,
            "inventory_turnover_ratio": 0.75,
            "account_receivable_turnover_ratio": 1.2,
            "reinvestment_rate": null,
            "research_to_sale_ratio": 7.23,
            "price_fair": 53.8,
            "eps_avg_yearly": 1.54,
            "eps_latest_yearly": 0.72,
            "eps_growth_yearly": 1199.44
        },
        "20194": {
            "year_quarter": 20194,
            "year": 2019,
            "quarter": 4,
            "eps": -0.04,
            "eps_growth_year": -115.55,
            "eps_4q": 0.65,
            "eps_4q_growth_year": -63.65,
            "roe": -0.25,
            "roe_4q": 3.65,
            "gross_profit": 47578,
            "gross_margin": 59.88,
            "gross_margin_4q_avg": 66.17,
            "net_income": -3781,
            "net_income_4q": null,
            "revenue": 79456,
            "revenue_4q": null,
            "common_shares": 889344,
            "book_valuer_per_share": 15.57,
            "book_valuer_per_share_4q_avg": 16.1,
            "equity": 1448113,
            "current_ratio": 774.3,
            "debt_ratio": 7.83,
            "inventory_turnover_ratio": 0.95,
            "account_receivable_turnover_ratio": 1.07,
            "reinvestment_rate": -757.45,
            "research_to_sale_ratio": 10.49,
            "price_fair": 53.8,
            "eps_avg_yearly": 1.54,
            "eps_latest_yearly": 0.72,
            "eps_growth_yearly": 1199.44
        },
        "20201": {
            "year_quarter": 20201,
            "year": 2020,
            "quarter": 1,
            "eps": 0.1,
            "eps_growth_year": -78.26,
            "eps_4q": 0.28,
            "eps_4q_growth_year": -87.08,
            "roe": 0.61,
            "roe_4q": 1.6700000000000002,
            "gross_profit": 53784,
            "gross_margin": 66.8,
            "gross_margin_4q_avg": 66.15,
            "net_income": 8856,
            "net_income_4q": null,
            "revenue": 80520,
            "revenue_4q": null,
            "common_shares": 889344,
            "book_valuer_per_share": 15.58,
            "book_valuer_per_share_4q_avg": 15.66,
            "equity": 1447919,
            "current_ratio": 754.84,
            "debt_ratio": 8.16,
            "inventory_turnover_ratio": 0.79,
            "account_receivable_turnover_ratio": 1.25,
            "reinvestment_rate": -468.2,
            "research_to_sale_ratio": 8.2,
            "price_fair": 53.8,
            "eps_avg_yearly": 1.54,
            "eps_latest_yearly": 0.72,
            "eps_growth_yearly": 1199.44
        },
        "20202": {
            "year_quarter": 20202,
            "year": 2020,
            "quarter": 2,
            "eps": 0.17,
            "eps_growth_year": 240,
            "eps_4q": 0.41,
            "eps_4q_growth_year": -65.53,
            "roe": 1.08,
            "roe_4q": 2.49,
            "gross_profit": 49479,
            "gross_margin": 63.07,
            "gross_margin_4q_avg": 65.06,
            "net_income": 15068,
            "net_income_4q": null,
            "revenue": 78454,
            "revenue_4q": null,
            "common_shares": 889344,
            "book_valuer_per_share": 14.71,
            "book_valuer_per_share_4q_avg": 15.39,
            "equity": 1353925,
            "current_ratio": 447.2,
            "debt_ratio": 11.53,
            "inventory_turnover_ratio": 0.83,
            "account_receivable_turnover_ratio": 1.34,
            "reinvestment_rate": -301.65,
            "research_to_sale_ratio": 8.1,
            "price_fair": 50.05,
            "eps_avg_yearly": 1.43,
            "eps_latest_yearly": 0.68,
            "eps_growth_yearly": 1084.51
        },
        "20203": {
            "year_quarter": 20203,
            "year": 2020,
            "quarter": 3,
            "eps": 0.33,
            "eps_growth_year": 83.33,
            "eps_4q": 0.57,
            "eps_4q_growth_year": -40.87,
            "roe": 2.06,
            "roe_4q": 3.5,
            "gross_profit": 57048,
            "gross_margin": 71.87,
            "gross_margin_4q_avg": 65.41,
            "net_income": 28985,
            "net_income_4q": null,
            "revenue": 79375,
            "revenue_4q": null,
            "common_shares": 878484,
            "book_valuer_per_share": 15.15,
            "book_valuer_per_share_4q_avg": 15.25,
            "equity": 1457201,
            "current_ratio": 715.73,
            "debt_ratio": 7.71,
            "inventory_turnover_ratio": 0.61,
            "account_receivable_turnover_ratio": 1.47,
            "reinvestment_rate": -120.89,
            "research_to_sale_ratio": 8.66,
            "price_fair": 49.62,
            "eps_avg_yearly": 1.42,
            "eps_latest_yearly": 1.32,
            "eps_growth_yearly": 1005.84
        },
        "20204": {
            "year_quarter": 20204,
            "year": 2020,
            "quarter": 4,
            "eps": 0.09,
            "eps_growth_year": null,
            "eps_4q": 0.71,
            "eps_4q_growth_year": 9.16,
            "roe": 0.5,
            "roe_4q": 4.25,
            "gross_profit": 55079,
            "gross_margin": 63.42,
            "gross_margin_4q_avg": 66.29,
            "net_income": 7306,
            "net_income_4q": null,
            "revenue": 86842,
            "revenue_4q": null,
            "common_shares": 863414,
            "book_valuer_per_share": 15.4,
            "book_valuer_per_share_4q_avg": 15.21,
            "equity": 1481872,
            "current_ratio": 627.59,
            "debt_ratio": 8.12,
            "inventory_turnover_ratio": 0.86,
            "account_receivable_turnover_ratio": 1.93,
            "reinvestment_rate": -7,
            "research_to_sale_ratio": 7.45,
            "price_fair": 45.92,
            "eps_avg_yearly": 1.31,
            "eps_latest_yearly": 0.36,
            "eps_growth_yearly": 876.16
        },
        "20211": {
            "year_quarter": 20211,
            "year": 2021,
            "quarter": 1,
            "eps": 0.35,
            "eps_growth_year": 250,
            "eps_4q": 0.96,
            "eps_4q_growth_year": 237.4,
            "roe": 2.01,
            "roe_4q": 5.65,
            "gross_profit": 73572,
            "gross_margin": 70.9,
            "gross_margin_4q_avg": 67.32,
            "net_income": 29958,
            "net_income_4q": null,
            "revenue": 103766,
            "revenue_4q": null,
            "common_shares": 863414,
            "book_valuer_per_share": 15.67,
            "book_valuer_per_share_4q_avg": 15.23,
            "equity": 1504191,
            "current_ratio": 574.06,
            "debt_ratio": 8.59,
            "inventory_turnover_ratio": 0.87,
            "account_receivable_turnover_ratio": 1.82,
            "reinvestment_rate": 6.44,
            "research_to_sale_ratio": 5.71,
            "price_fair": 46.2,
            "eps_avg_yearly": 1.32,
            "eps_latest_yearly": 1.4,
            "eps_growth_yearly": 901.56
        },
        "20212": {
            "year_quarter": 20212,
            "year": 2021,
            "quarter": 2,
            "eps": 0.17,
            "eps_growth_year": 0,
            "eps_4q": 0.95,
            "eps_4q_growth_year": 131.03,
            "roe": 0.92,
            "roe_4q": 5.49,
            "gross_profit": 65855,
            "gross_margin": 66.2,
            "gross_margin_4q_avg": 68.1,
            "net_income": 13861,
            "net_income_4q": null,
            "revenue": 99476,
            "revenue_4q": null,
            "common_shares": 863714,
            "book_valuer_per_share": 15.77,
            "book_valuer_per_share_4q_avg": 15.5,
            "equity": 1510959,
            "current_ratio": 526.56,
            "debt_ratio": 8.77,
            "inventory_turnover_ratio": 1.01,
            "account_receivable_turnover_ratio": 1.51,
            "reinvestment_rate": 16.4,
            "research_to_sale_ratio": 6.68,
            "price_fair": 44.33,
            "eps_avg_yearly": 1.27,
            "eps_latest_yearly": 0.68,
            "eps_growth_yearly": 809.29
        },
        "20213": {
            "year_quarter": 20213,
            "year": 2021,
            "quarter": 3,
            "eps": 0.27,
            "eps_growth_year": -18.18,
            "eps_4q": 0.89,
            "eps_4q_growth_year": 55.1,
            "roe": 1.52,
            "roe_4q": 4.949999999999999,
            "gross_profit": 75625,
            "gross_margin": 71.77,
            "gross_margin_4q_avg": 68.07,
            "net_income": 22664,
            "net_income_4q": null,
            "revenue": 105366,
            "revenue_4q": null,
            "common_shares": 863714,
            "book_valuer_per_share": 15.33,
            "book_valuer_per_share_4q_avg": 15.54,
            "equity": 1471965,
            "current_ratio": 540.73,
            "debt_ratio": 8.19,
            "inventory_turnover_ratio": 0.92,
            "account_receivable_turnover_ratio": 1.75,
            "reinvestment_rate": 26.09,
            "research_to_sale_ratio": 5.9,
            "price_fair": 44.45,
            "eps_avg_yearly": 1.27,
            "eps_latest_yearly": 1.08,
            "eps_growth_yearly": 843.39
        },
        "20214": {
            "year_quarter": 20214,
            "year": 2021,
            "quarter": 4,
            "eps": 0.51,
            "eps_growth_year": 475.68,
            "eps_4q": 1.31,
            "eps_4q_growth_year": 85.75,
            "roe": 2.88,
            "roe_4q": 7.33,
            "gross_profit": 84274,
            "gross_margin": 70.63,
            "gross_margin_4q_avg": 69.88,
            "net_income": 43118,
            "net_income_4q": null,
            "revenue": 119321,
            "revenue_4q": null,
            "common_shares": 863714,
            "book_valuer_per_share": 15.94,
            "book_valuer_per_share_4q_avg": 15.68,
            "equity": 1524385,
            "current_ratio": 417.33,
            "debt_ratio": 10.23,
            "inventory_turnover_ratio": 1.01,
            "account_receivable_turnover_ratio": 2.09,
            "reinvestment_rate": 28.64,
            "research_to_sale_ratio": 5.64,
            "price_fair": 46.52,
            "eps_avg_yearly": 1.33,
            "eps_latest_yearly": 2.04,
            "eps_growth_yearly": 805.86
        },
        "20221": {
            "year_quarter": 20221,
            "year": 2022,
            "quarter": 1,
            "eps": 0.27,
            "eps_growth_year": -22.86,
            "eps_4q": 1.23,
            "eps_4q_growth_year": 28.12,
            "roe": 1.38,
            "roe_4q": 6.699999999999999,
            "gross_profit": 61966,
            "gross_margin": 68.13,
            "gross_margin_4q_avg": 69.18,
            "net_income": 21503,
            "net_income_4q": null,
            "revenue": 90954,
            "revenue_4q": null,
            "common_shares": 863714,
            "book_valuer_per_share": 16.56,
            "book_valuer_per_share_4q_avg": 15.9,
            "equity": 1582174,
            "current_ratio": 455.23,
            "debt_ratio": 9.07,
            "inventory_turnover_ratio": 0.72,
            "account_receivable_turnover_ratio": 1.91,
            "reinvestment_rate": 36.01,
            "research_to_sale_ratio": 5.73,
            "price_fair": 45.9,
            "eps_avg_yearly": 1.31,
            "eps_latest_yearly": 1.08,
            "eps_growth_yearly": 734.86
        },
        "20222": {
            "year_quarter": 20222,
            "year": 2022,
            "quarter": 2,
            "eps": 0.14,
            "eps_growth_year": -17.65,
            "eps_4q": 1.19,
            "eps_4q_growth_year": 25.09,
            "roe": 0.62,
            "roe_4q": 6.4,
            "gross_profit": 68673,
            "gross_margin": 71.92,
            "gross_margin_4q_avg": 70.61,
            "net_income": 9536,
            "net_income_4q": null,
            "revenue": 95491,
            "revenue_4q": null,
            "common_shares": 863714,
            "book_valuer_per_share": 15.45,
            "book_valuer_per_share_4q_avg": 15.82,
            "equity": 1481676,
            "current_ratio": 313.13,
            "debt_ratio": 12.46,
            "inventory_turnover_ratio": 0.62,
            "account_receivable_turnover_ratio": 1.81,
            "reinvestment_rate": 253.35,
            "research_to_sale_ratio": 24.07,
            "price_fair": 36.8,
            "eps_avg_yearly": 1.05,
            "eps_latest_yearly": 0.56,
            "eps_growth_yearly": 149.67
        },
        "20223": {
            "year_quarter": 20223,
            "year": 2022,
            "quarter": 3,
            "eps": 0.09,
            "eps_growth_year": -66.67,
            "eps_4q": 1.01,
            "eps_4q_growth_year": 14.06,
            "roe": 0.35,
            "roe_4q": 5.2299999999999995,
            "gross_profit": 49767,
            "gross_margin": 65.41,
            "gross_margin_4q_avg": 69.02,
            "net_income": 5251,
            "net_income_4q": null,
            "revenue": 76084,
            "revenue_4q": null,
            "common_shares": 863714,
            "book_valuer_per_share": 15.62,
            "book_valuer_per_share_4q_avg": 15.89,
            "equity": 1494628,
            "current_ratio": 351.84,
            "debt_ratio": 10,
            "inventory_turnover_ratio": 0.61,
            "account_receivable_turnover_ratio": 1.37,
            "reinvestment_rate": 263.52,
            "research_to_sale_ratio": 26.09,
            "price_fair": 33.6,
            "eps_avg_yearly": 0.96,
            "eps_latest_yearly": 0.36,
            "eps_growth_yearly": 156.88
        },
        "20224": {
            "year_quarter": 20224,
            "year": 2022,
            "quarter": 4,
            "eps": 0.16,
            "eps_growth_year": -68.69,
            "eps_4q": 0.66,
            "eps_4q_growth_year": -49.64,
            "roe": 0.75,
            "roe_4q": 3.1,
            "gross_profit": 76311,
            "gross_margin": 71.98,
            "gross_margin_4q_avg": 69.36,
            "net_income": 11171,
            "net_income_4q": null,
            "revenue": 106017,
            "revenue_4q": null,
            "common_shares": 863714,
            "book_valuer_per_share": 15.65,
            "book_valuer_per_share_4q_avg": 15.82,
            "equity": 1497218,
            "current_ratio": 324.36,
            "debt_ratio": 11.71,
            "inventory_turnover_ratio": 0.6,
            "account_receivable_turnover_ratio": 2.18,
            "reinvestment_rate": 236.18,
            "research_to_sale_ratio": 10.72,
            "price_fair": 32.4,
            "eps_avg_yearly": 0.93,
            "eps_latest_yearly": 0.64,
            "eps_growth_yearly": 188.16
        },
        "20231": {
            "year_quarter": 20231,
            "year": 2023,
            "quarter": 1,
            "eps": 0.1,
            "eps_growth_year": -62.96,
            "eps_4q": 0.49,
            "eps_4q_growth_year": -60.39,
            "roe": 0.39,
            "roe_4q": 2.1100000000000003,
            "gross_profit": 53377,
            "gross_margin": 67.04,
            "gross_margin_4q_avg": 69.09,
            "net_income": 5765,
            "net_income_4q": null,
            "revenue": 79623,
            "revenue_4q": null,
            "common_shares": 863714,
            "book_valuer_per_share": 15.09,
            "book_valuer_per_share_4q_avg": 15.45,
            "equity": 1447882,
            "current_ratio": 249.71,
            "debt_ratio": 14.62,
            "inventory_turnover_ratio": 0.44,
            "account_receivable_turnover_ratio": 1.69,
            "reinvestment_rate": 258.51,
            "research_to_sale_ratio": 13.11,
            "price_fair": 28.8,
            "eps_avg_yearly": 0.82,
            "eps_latest_yearly": 0.4,
            "eps_growth_yearly": 159.08
        },
        "20232": {
            "year_quarter": 20232,
            "year": 2023,
            "quarter": 2,
            "eps": 0.03,
            "eps_growth_year": -78.57,
            "eps_4q": 0.38,
            "eps_4q_growth_year": -67.81,
            "roe": 0.01,
            "roe_4q": 1.5,
            "gross_profit": 55464,
            "gross_margin": 63.08,
            "gross_margin_4q_avg": 66.88,
            "net_income": 140,
            "net_income_4q": null,
            "revenue": 87931,
            "revenue_4q": null,
            "common_shares": 863714,
            "book_valuer_per_share": 14.88,
            "book_valuer_per_share_4q_avg": 15.31,
            "equity": 1421523,
            "current_ratio": 284.37,
            "debt_ratio": 13.14,
            "inventory_turnover_ratio": 0.5,
            "account_receivable_turnover_ratio": 1.89,
            "reinvestment_rate": 218.36,
            "research_to_sale_ratio": 14.44,
            "price_fair": 28.6,
            "eps_avg_yearly": 0.82,
            "eps_latest_yearly": 0.12,
            "eps_growth_yearly": 164.55
        },
        "20233": {
            "year_quarter": 20233,
            "year": 2023,
            "quarter": 3,
            "eps": 0.28,
            "eps_growth_year": 211.11,
            "eps_4q": 0.56,
            "eps_4q_growth_year": -44.17,
            "roe": 1.47,
            "roe_4q": 2.62,
            "gross_profit": 49823,
            "gross_margin": 65.25,
            "gross_margin_4q_avg": 66.84,
            "net_income": 21229,
            "net_income_4q": null,
            "revenue": 76359,
            "revenue_4q": null,
            "common_shares": 863714,
            "book_valuer_per_share": 15.41,
            "book_valuer_per_share_4q_avg": 15.26,
            "equity": 1468895,
            "current_ratio": 396.72,
            "debt_ratio": 10.5,
            "inventory_turnover_ratio": 0.37,
            "account_receivable_turnover_ratio": 1.64,
            "reinvestment_rate": 162.27,
            "research_to_sale_ratio": 14.82,
            "price_fair": 29.6,
            "eps_avg_yearly": 0.85,
            "eps_latest_yearly": 1.12,
            "eps_growth_yearly": 328.36
        }
    },
    "months": {
        "2003-09": {
            "month": "2003-09",
            "price": "21.03",
            "revenue": 1796
        },
        "2003-10": {
            "month": "2003-10",
            "price": "19.74",
            "revenue": 1690
        },
        "2003-11": {
            "month": "2003-11",
            "price": "17.26",
            "revenue": 3187
        },
        "2003-12": {
            "month": "2003-12",
            "price": "18.50",
            "revenue": 2420
        },
        "2004-01": {
            "month": "2004-01",
            "price": "17.78",
            "revenue": 2203
        },
        "2004-02": {
            "month": "2004-02",
            "price": "21.09",
            "revenue": 3447
        },
        "2004-03": {
            "month": "2004-03",
            "price": "18.20",
            "revenue": 4220
        },
        "2004-04": {
            "month": "2004-04",
            "price": "16.76",
            "revenue": 3845
        },
        "2004-05": {
            "month": "2004-05",
            "price": "15.57",
            "revenue": 4005
        },
        "2004-06": {
            "month": "2004-06",
            "price": "15.04",
            "revenue": 2217
        },
        "2004-07": {
            "month": "2004-07",
            "price": "15.00",
            "revenue": 4135
        },
        "2004-10": {
            "month": "2004-10",
            "price": "12.07",
            "revenue": 3086
        },
        "2004-11": {
            "month": "2004-11",
            "price": "12.11",
            "revenue": 2650
        },
        "2004-12": {
            "month": "2004-12",
            "price": "10.66",
            "revenue": 1871
        },
        "2005-01": {
            "month": "2005-01",
            "price": "11.09",
            "revenue": 6301
        },
        "2005-02": {
            "month": "2005-02",
            "price": "10.34",
            "revenue": 4084
        },
        "2005-03": {
            "month": "2005-03",
            "price": "10.45",
            "revenue": 6341
        },
        "2005-04": {
            "month": "2005-04",
            "price": "11.78",
            "revenue": 5239
        },
        "2005-05": {
            "month": "2005-05",
            "price": "11.18",
            "revenue": 9048
        },
        "2005-06": {
            "month": "2005-06",
            "price": "12.01",
            "revenue": 3244
        },
        "2005-07": {
            "month": "2005-07",
            "price": "11.53",
            "revenue": 3881
        },
        "2005-08": {
            "month": "2005-08",
            "price": "9.76",
            "revenue": 5282
        },
        "2005-09": {
            "month": "2005-09",
            "price": "9.72",
            "revenue": 5911
        },
        "2005-10": {
            "month": "2005-10",
            "price": "9.97",
            "revenue": 6908
        },
        "2005-11": {
            "month": "2005-11",
            "price": "9.65",
            "revenue": 10612
        },
        "2005-12": {
            "month": "2005-12",
            "price": "10.07",
            "revenue": 9324
        },
        "2006-01": {
            "month": "2006-01",
            "price": "13.76",
            "revenue": 7194
        },
        "2006-02": {
            "month": "2006-02",
            "price": "17.52",
            "revenue": 7994
        },
        "2006-03": {
            "month": "2006-03",
            "price": "17.42",
            "revenue": 10938
        },
        "2006-04": {
            "month": "2006-04",
            "price": "21.82",
            "revenue": 5364
        },
        "2006-05": {
            "month": "2006-05",
            "price": "21.08",
            "revenue": 11983
        },
        "2006-06": {
            "month": "2006-06",
            "price": "19.55",
            "revenue": 13573
        },
        "2006-07": {
            "month": "2006-07",
            "price": "15.79",
            "revenue": 9841
        },
        "2006-08": {
            "month": "2006-08",
            "price": "14.17",
            "revenue": 10019
        },
        "2006-09": {
            "month": "2006-09",
            "price": "11.63",
            "revenue": 12132
        },
        "2006-10": {
            "month": "2006-10",
            "price": "12.02",
            "revenue": 10456
        },
        "2006-11": {
            "month": "2006-11",
            "price": "12.54",
            "revenue": 11737
        },
        "2006-12": {
            "month": "2006-12",
            "price": "12.83",
            "revenue": 9487
        },
        "2007-01": {
            "month": "2007-01",
            "price": "22.08",
            "revenue": 12126
        },
        "2007-02": {
            "month": "2007-02",
            "price": "28.08",
            "revenue": 9555
        },
        "2007-03": {
            "month": "2007-03",
            "price": "22.64",
            "revenue": 15301
        },
        "2007-04": {
            "month": "2007-04",
            "price": "20.15",
            "revenue": 15200
        },
        "2007-05": {
            "month": "2007-05",
            "price": "19.41",
            "revenue": 14033
        },
        "2007-06": {
            "month": "2007-06",
            "price": "21.79",
            "revenue": 15691
        },
        "2007-07": {
            "month": "2007-07",
            "price": "23.43",
            "revenue": 11055
        },
        "2007-08": {
            "month": "2007-08",
            "price": "24.76",
            "revenue": 10940
        },
        "2007-09": {
            "month": "2007-09",
            "price": "24.44",
            "revenue": 11958
        },
        "2007-10": {
            "month": "2007-10",
            "price": "24.26",
            "revenue": 13212
        },
        "2007-11": {
            "month": "2007-11",
            "price": "23.06",
            "revenue": 13388
        },
        "2007-12": {
            "month": "2007-12",
            "price": "23.16",
            "revenue": 16149
        },
        "2008-01": {
            "month": "2008-01",
            "price": "22.13",
            "revenue": 18239
        },
        "2008-02": {
            "month": "2008-02",
            "price": "23.83",
            "revenue": 10168
        },
        "2008-03": {
            "month": "2008-03",
            "price": "28.31",
            "revenue": 12089
        },
        "2008-04": {
            "month": "2008-04",
            "price": "35.19",
            "revenue": 11977
        },
        "2008-05": {
            "month": "2008-05",
            "price": "33.90",
            "revenue": 15064
        },
        "2008-06": {
            "month": "2008-06",
            "price": "30.60",
            "revenue": 16528
        },
        "2008-07": {
            "month": "2008-07",
            "price": "27.80",
            "revenue": 14754
        },
        "2008-08": {
            "month": "2008-08",
            "price": "27.25",
            "revenue": 9288
        },
        "2008-09": {
            "month": "2008-09",
            "price": "18.68",
            "revenue": 5757
        },
        "2008-10": {
            "month": "2008-10",
            "price": "15.54",
            "revenue": 8169
        },
        "2008-11": {
            "month": "2008-11",
            "price": "15.40",
            "revenue": 10781
        },
        "2008-12": {
            "month": "2008-12",
            "price": "13.03",
            "revenue": 20210
        },
        "2009-01": {
            "month": "2009-01",
            "price": "13.18",
            "revenue": 14344
        },
        "2009-02": {
            "month": "2009-02",
            "price": "13.93",
            "revenue": 11822
        },
        "2009-03": {
            "month": "2009-03",
            "price": "15.76",
            "revenue": 15224
        },
        "2009-04": {
            "month": "2009-04",
            "price": "25.15",
            "revenue": 14888
        },
        "2009-05": {
            "month": "2009-05",
            "price": "25.61",
            "revenue": 18048
        },
        "2009-06": {
            "month": "2009-06",
            "price": "23.16",
            "revenue": 17896
        },
        "2009-07": {
            "month": "2009-07",
            "price": "28.07",
            "revenue": 16020
        },
        "2009-08": {
            "month": "2009-08",
            "price": "30.35",
            "revenue": 17534
        },
        "2009-09": {
            "month": "2009-09",
            "price": "36.82",
            "revenue": 16383
        },
        "2009-10": {
            "month": "2009-10",
            "price": "42.47",
            "revenue": 16146
        },
        "2009-11": {
            "month": "2009-11",
            "price": "45.48",
            "revenue": 24693
        },
        "2009-12": {
            "month": "2009-12",
            "price": "76.15",
            "revenue": 30017
        },
        "2010-01": {
            "month": "2010-01",
            "price": "67.43",
            "revenue": 27605
        },
        "2010-02": {
            "month": "2010-02",
            "price": "69.44",
            "revenue": 35890
        },
        "2010-03": {
            "month": "2010-03",
            "price": "98.85",
            "revenue": 27245
        },
        "2010-04": {
            "month": "2010-04",
            "price": "94.08",
            "revenue": 27736
        },
        "2010-05": {
            "month": "2010-05",
            "price": "85.70",
            "revenue": 29480
        },
        "2010-06": {
            "month": "2010-06",
            "price": "86.82",
            "revenue": 19801
        },
        "2010-07": {
            "month": "2010-07",
            "price": "87.44",
            "revenue": 22177
        },
        "2010-08": {
            "month": "2010-08",
            "price": "81.68",
            "revenue": 24103
        },
        "2010-09": {
            "month": "2010-09",
            "price": "81.35",
            "revenue": 23522
        },
        "2010-10": {
            "month": "2010-10",
            "price": "87.42",
            "revenue": 27596
        },
        "2010-11": {
            "month": "2010-11",
            "price": "84.23",
            "revenue": 25843
        },
        "2010-12": {
            "month": "2010-12",
            "price": "86.96",
            "revenue": 34044
        },
        "2011-01": {
            "month": "2011-01",
            "price": "98.90",
            "revenue": 21508
        },
        "2011-02": {
            "month": "2011-02",
            "price": "86.04",
            "revenue": 14523
        },
        "2011-03": {
            "month": "2011-03",
            "price": "78.50",
            "revenue": 14972
        },
        "2011-04": {
            "month": "2011-04",
            "price": "79.93",
            "revenue": 18403
        },
        "2011-05": {
            "month": "2011-05",
            "price": "82.21",
            "revenue": 16310
        },
        "2011-06": {
            "month": "2011-06",
            "price": "59.90",
            "revenue": 14744
        },
        "2011-07": {
            "month": "2011-07",
            "price": "63.58",
            "revenue": 9962
        },
        "2011-08": {
            "month": "2011-08",
            "price": "55.30",
            "revenue": 12960
        },
        "2011-09": {
            "month": "2011-09",
            "price": "44.93",
            "revenue": 15348
        },
        "2011-10": {
            "month": "2011-10",
            "price": "41.42",
            "revenue": 20102
        },
        "2011-11": {
            "month": "2011-11",
            "price": "38.18",
            "revenue": 10652
        },
        "2011-12": {
            "month": "2011-12",
            "price": "33.94",
            "revenue": 17521
        },
        "2012-01": {
            "month": "2012-01",
            "price": "34.61",
            "revenue": 13502
        },
        "2012-02": {
            "month": "2012-02",
            "price": "46.93",
            "revenue": 7997
        },
        "2012-03": {
            "month": "2012-03",
            "price": "47.36",
            "revenue": 10113
        },
        "2012-04": {
            "month": "2012-04",
            "price": "41.38",
            "revenue": 12681
        },
        "2012-05": {
            "month": "2012-05",
            "price": "38.11",
            "revenue": 12417
        },
        "2012-06": {
            "month": "2012-06",
            "price": "38.00",
            "revenue": 23568
        },
        "2012-07": {
            "month": "2012-07",
            "price": "38.50",
            "revenue": 10218
        },
        "2012-08": {
            "month": "2012-08",
            "price": "37.56",
            "revenue": 12491
        },
        "2012-09": {
            "month": "2012-09",
            "price": "39.42",
            "revenue": 15840
        },
        "2012-10": {
            "month": "2012-10",
            "price": "46.35",
            "revenue": 22136
        },
        "2012-11": {
            "month": "2012-11",
            "price": "41.70",
            "revenue": 19372
        },
        "2012-12": {
            "month": "2012-12",
            "price": "46.61",
            "revenue": 18751
        },
        "2013-01": {
            "month": "2013-01",
            "price": "45.45",
            "revenue": 27590
        },
        "2013-02": {
            "month": "2013-02",
            "price": "45.12",
            "revenue": 23393
        },
        "2013-03": {
            "month": "2013-03",
            "price": "48.10",
            "revenue": 24825
        },
        "2013-04": {
            "month": "2013-04",
            "price": "43.77",
            "revenue": 28095
        },
        "2013-05": {
            "month": "2013-05",
            "price": "43.24",
            "revenue": 32615
        },
        "2013-06": {
            "month": "2013-06",
            "price": "46.02",
            "revenue": 30747
        },
        "2013-07": {
            "month": "2013-07",
            "price": "47.25",
            "revenue": 31865
        },
        "2013-08": {
            "month": "2013-08",
            "price": "45.99",
            "revenue": 23786
        },
        "2013-09": {
            "month": "2013-09",
            "price": "45.97",
            "revenue": 28772
        },
        "2013-10": {
            "month": "2013-10",
            "price": "46.12",
            "revenue": 25130
        },
        "2013-11": {
            "month": "2013-11",
            "price": "43.74",
            "revenue": 22940
        },
        "2013-12": {
            "month": "2013-12",
            "price": "42.38",
            "revenue": 21150
        },
        "2014-01": {
            "month": "2014-01",
            "price": "40.94",
            "revenue": 30088
        },
        "2014-02": {
            "month": "2014-02",
            "price": "48.18",
            "revenue": 41911
        },
        "2014-03": {
            "month": "2014-03",
            "price": "48.50",
            "revenue": 49962
        },
        "2014-04": {
            "month": "2014-04",
            "price": "48.01",
            "revenue": 50489
        },
        "2014-05": {
            "month": "2014-05",
            "price": "46.80",
            "revenue": 67595
        },
        "2014-06": {
            "month": "2014-06",
            "price": "48.20",
            "revenue": 46918
        },
        "2014-07": {
            "month": "2014-07",
            "price": "45.52",
            "revenue": 40607
        },
        "2014-08": {
            "month": "2014-08",
            "price": "41.46",
            "revenue": 61244
        },
        "2014-09": {
            "month": "2014-09",
            "price": "40.97",
            "revenue": 75162
        },
        "2014-10": {
            "month": "2014-10",
            "price": "40.06",
            "revenue": 35646
        },
        "2014-11": {
            "month": "2014-11",
            "price": "38.18",
            "revenue": 31833
        },
        "2014-12": {
            "month": "2014-12",
            "price": "35.85",
            "revenue": 39817
        },
        "2015-01": {
            "month": "2015-01",
            "price": "34.48",
            "revenue": 38384
        },
        "2015-02": {
            "month": "2015-02",
            "price": "32.60",
            "revenue": 40191
        },
        "2015-03": {
            "month": "2015-03",
            "price": "33.17",
            "revenue": 42582
        },
        "2015-04": {
            "month": "2015-04",
            "price": "30.16",
            "revenue": 33623
        },
        "2015-05": {
            "month": "2015-05",
            "price": "25.32",
            "revenue": 53383
        },
        "2015-06": {
            "month": "2015-06",
            "price": "21.85",
            "revenue": 39022
        },
        "2015-07": {
            "month": "2015-07",
            "price": "25.84",
            "revenue": 45060
        },
        "2015-08": {
            "month": "2015-08",
            "price": "21.11",
            "revenue": 43633
        },
        "2015-09": {
            "month": "2015-09",
            "price": "22.93",
            "revenue": 75293
        },
        "2015-10": {
            "month": "2015-10",
            "price": "26.61",
            "revenue": 45329
        },
        "2015-11": {
            "month": "2015-11",
            "price": "30.86",
            "revenue": 39398
        },
        "2015-12": {
            "month": "2015-12",
            "price": "26.25",
            "revenue": 39582
        },
        "2016-01": {
            "month": "2016-01",
            "price": "22.72",
            "revenue": 49599
        },
        "2016-02": {
            "month": "2016-02",
            "price": "25.41",
            "revenue": 39909
        },
        "2016-03": {
            "month": "2016-03",
            "price": "26.23",
            "revenue": 39566
        },
        "2016-04": {
            "month": "2016-04",
            "price": "23.55",
            "revenue": 42998
        },
        "2016-05": {
            "month": "2016-05",
            "price": "21.91",
            "revenue": 54864
        },
        "2016-06": {
            "month": "2016-06",
            "price": "22.30",
            "revenue": 47822
        },
        "2016-07": {
            "month": "2016-07",
            "price": "22.88",
            "revenue": 40482
        },
        "2016-08": {
            "month": "2016-08",
            "price": "22.23",
            "revenue": 44250
        },
        "2016-09": {
            "month": "2016-09",
            "price": "21.97",
            "revenue": 63928
        },
        "2016-10": {
            "month": "2016-10",
            "price": "20.91",
            "revenue": 49479
        },
        "2016-11": {
            "month": "2016-11",
            "price": "19.59",
            "revenue": 37067
        },
        "2016-12": {
            "month": "2016-12",
            "price": "20.74",
            "revenue": 33953
        },
        "2017-01": {
            "month": "2017-01",
            "price": "22.18",
            "revenue": 56228
        },
        "2017-02": {
            "month": "2017-02",
            "price": "23.53",
            "revenue": 34141
        },
        "2017-03": {
            "month": "2017-03",
            "price": "23.24",
            "revenue": 41988
        },
        "2017-04": {
            "month": "2017-04",
            "price": "21.55",
            "revenue": 41082
        },
        "2017-05": {
            "month": "2017-05",
            "price": "21.63",
            "revenue": 52707
        },
        "2017-06": {
            "month": "2017-06",
            "price": "21.83",
            "revenue": 49854
        },
        "2017-07": {
            "month": "2017-07",
            "price": "21.23",
            "revenue": 46814
        },
        "2017-08": {
            "month": "2017-08",
            "price": "20.40",
            "revenue": 47479
        },
        "2017-09": {
            "month": "2017-09",
            "price": "23.72",
            "revenue": 67014
        },
        "2017-10": {
            "month": "2017-10",
            "price": "24.44",
            "revenue": 53021
        },
        "2017-11": {
            "month": "2017-11",
            "price": "24.23",
            "revenue": 25283
        },
        "2017-12": {
            "month": "2017-12",
            "price": "22.97",
            "revenue": 38197
        },
        "2018-01": {
            "month": "2018-01",
            "price": "24.99",
            "revenue": 45208
        },
        "2018-02": {
            "month": "2018-02",
            "price": "24.23",
            "revenue": 41079
        },
        "2018-03": {
            "month": "2018-03",
            "price": "25.22",
            "revenue": 46801
        },
        "2018-04": {
            "month": "2018-04",
            "price": "26.98",
            "revenue": 42118
        },
        "2018-05": {
            "month": "2018-05",
            "price": "29.88",
            "revenue": 49596
        },
        "2018-06": {
            "month": "2018-06",
            "price": "32.68",
            "revenue": 35111
        },
        "2018-07": {
            "month": "2018-07",
            "price": "29.82",
            "revenue": 42104
        },
        "2018-08": {
            "month": "2018-08",
            "price": "27.80",
            "revenue": 39210
        },
        "2018-09": {
            "month": "2018-09",
            "price": "27.06",
            "revenue": 37079
        },
        "2018-10": {
            "month": "2018-10",
            "price": "27.43",
            "revenue": 31559
        },
        "2018-11": {
            "month": "2018-11",
            "price": "25.61",
            "revenue": 35192
        },
        "2018-12": {
            "month": "2018-12",
            "price": "27.05",
            "revenue": 27860
        },
        "2019-01": {
            "month": "2019-01",
            "price": "26.51",
            "revenue": 25521
        },
        "2019-02": {
            "month": "2019-02",
            "price": "26.24",
            "revenue": 18355
        },
        "2019-03": {
            "month": "2019-03",
            "price": "25.62",
            "revenue": 47212
        },
        "2019-04": {
            "month": "2019-04",
            "price": "27.34",
            "revenue": 20427
        },
        "2019-05": {
            "month": "2019-05",
            "price": "26.41",
            "revenue": 31884
        },
        "2019-06": {
            "month": "2019-06",
            "price": "26.36",
            "revenue": 33926
        },
        "2019-07": {
            "month": "2019-07",
            "price": "28.20",
            "revenue": 26299
        },
        "2019-08": {
            "month": "2019-08",
            "price": "26.19",
            "revenue": 20973
        },
        "2019-09": {
            "month": "2019-09",
            "price": "25.75",
            "revenue": 42188
        },
        "2019-10": {
            "month": "2019-10",
            "price": "25.25",
            "revenue": 22364
        },
        "2019-11": {
            "month": "2019-11",
            "price": "24.66",
            "revenue": 25967
        },
        "2019-12": {
            "month": "2019-12",
            "price": "24.94",
            "revenue": 31124
        },
        "2020-01": {
            "month": "2020-01",
            "price": "24.54",
            "revenue": 21655
        },
        "2020-02": {
            "month": "2020-02",
            "price": "24.05",
            "revenue": 17227
        },
        "2020-03": {
            "month": "2020-03",
            "price": "21.23",
            "revenue": 42390
        },
        "2020-04": {
            "month": "2020-04",
            "price": "22.14",
            "revenue": 26031
        },
        "2020-05": {
            "month": "2020-05",
            "price": "24.16",
            "revenue": 27084
        },
        "2020-06": {
            "month": "2020-06",
            "price": "24.50",
            "revenue": 25339
        },
        "2020-07": {
            "month": "2020-07",
            "price": "24.14",
            "revenue": 25401
        },
        "2020-08": {
            "month": "2020-08",
            "price": "23.01",
            "revenue": 21028
        },
        "2020-09": {
            "month": "2020-09",
            "price": "23.79",
            "revenue": 32946
        },
        "2020-10": {
            "month": "2020-10",
            "price": "23.39",
            "revenue": 35899
        },
        "2020-11": {
            "month": "2020-11",
            "price": "22.68",
            "revenue": 24498
        },
        "2020-12": {
            "month": "2020-12",
            "price": "22.43",
            "revenue": 26445
        },
        "2021-01": {
            "month": "2021-01",
            "price": "21.38",
            "revenue": 36597
        },
        "2021-02": {
            "month": "2021-02",
            "price": "21.97",
            "revenue": 26344
        },
        "2021-03": {
            "month": "2021-03",
            "price": "23.30",
            "revenue": 40825
        },
        "2021-04": {
            "month": "2021-04",
            "price": "24.05",
            "revenue": 28873
        },
        "2021-05": {
            "month": "2021-05",
            "price": "24.92",
            "revenue": 38054
        },
        "2021-06": {
            "month": "2021-06",
            "price": "25.44",
            "revenue": 32549
        },
        "2021-07": {
            "month": "2021-07",
            "price": "24.17",
            "revenue": 38624
        },
        "2021-08": {
            "month": "2021-08",
            "price": "23.83",
            "revenue": 29139
        },
        "2021-09": {
            "month": "2021-09",
            "price": "23.95",
            "revenue": 37603
        },
        "2021-10": {
            "month": "2021-10",
            "price": "23.67",
            "revenue": 37726
        },
        "2021-11": {
            "month": "2021-11",
            "price": "23.73",
            "revenue": 45036
        },
        "2021-12": {
            "month": "2021-12",
            "price": "23.83",
            "revenue": 36559
        },
        "2022-01": {
            "month": "2022-01",
            "price": "24.42",
            "revenue": 40185
        },
        "2022-02": {
            "month": "2022-02",
            "price": "25.05",
            "revenue": 17231
        },
        "2022-03": {
            "month": "2022-03",
            "price": "24.61",
            "revenue": 33538
        },
        "2022-04": {
            "month": "2022-04",
            "price": "25.80",
            "revenue": 22677
        },
        "2022-05": {
            "month": "2022-05",
            "price": "25.28",
            "revenue": 42272
        },
        "2022-06": {
            "month": "2022-06",
            "price": "25.26",
            "revenue": 30542
        },
        "2022-07": {
            "month": "2022-07",
            "price": "25.30",
            "revenue": 18103
        },
        "2022-08": {
            "month": "2022-08",
            "price": "25.15",
            "revenue": 32210
        },
        "2022-09": {
            "month": "2022-09",
            "price": "26.81",
            "revenue": 25771
        },
        "2022-10": {
            "month": "2022-10",
            "price": "22.78",
            "revenue": 33456
        },
        "2022-11": {
            "month": "2022-11",
            "price": "22.13",
            "revenue": 38841
        },
        "2022-12": {
            "month": "2022-12",
            "price": "24.24",
            "revenue": 35457
        },
        "2023-01": {
            "month": "2023-01",
            "price": "23.34",
            "revenue": 24272
        },
        "2023-02": {
            "month": "2023-02",
            "price": "23.92",
            "revenue": 18163
        },
        "2023-03": {
            "month": "2023-03",
            "price": "24.18",
            "revenue": 35442
        },
        "2023-04": {
            "month": "2023-04",
            "price": "24.70",
            "revenue": 33553
        },
        "2023-05": {
            "month": "2023-05",
            "price": "25.45",
            "revenue": 21131
        },
        "2023-06": {
            "month": "2023-06",
            "price": "25.64",
            "revenue": 33262
        },
        "2023-07": {
            "month": "2023-07",
            "price": "24.74",
            "revenue": 22104
        },
        "2023-08": {
            "month": "2023-08",
            "price": "23.82",
            "revenue": 32306
        },
        "2023-09": {
            "month": "2023-09",
            "price": "23.30",
            "revenue": 21954
        },
        "2023-10": {
            "month": "2023-10",
            "price": "22.93",
            "revenue": 28389
        },
        "2023-11": {
            "month": "2023-11",
            "price": "23.57",
            "revenue": 23317
        },
        "2023-12": {
            "month": "2023-12",
            "price": "24.38",
            "revenue": 22396
        }
    }
}
