{
    "summary": {
        "stock_name": "大量",
        "stock_id": "3167",
        "category": "電機機械",
        "main_business": "各種機器之設計製造加工及買賣<br>各種模具之設計製造加工及買賣<br>上項有關業務之進出口貿易業務",
        "website_url": "http://www.taliang.com",
        "ceo": "陳尚書",
        "pe_ratio": 17,
        "report_year_from": 2002,
        "report_year_to": 2023,
        "age": 21,
        "eps_negative_percentage": 8,
        "eps_growth_avg": {
            "last_all": 11.02,
            "last_2y": 25.38,
            "last_4y": 8.43,
            "last_8y": 14.33,
            "last_12y": null,
            "last_16y": null,
            "last_20y": null,
            "at_2006_last_3y": null,
            "at_2007_last_3y": null,
            "at_2008_last_3y": null,
            "at_2009_last_3y": null,
            "at_2010_last_3y": null,
            "at_2011_last_3y": null,
            "at_2012_last_3y": null,
            "at_2013_last_3y": null,
            "at_2014_last_3y": null,
            "at_2015_last_3y": null,
            "at_2016_last_3y": null,
            "at_2017_last_3y": 21.7,
            "at_2018_last_3y": 21.37,
            "at_2019_last_3y": 12.35,
            "at_2020_last_3y": 40.59,
            "at_2021_last_3y": 17.84,
            "at_2022_last_3y": 4.25,
            "at_2023_last_3y": 4.25,
            "at_2006_last_all": null,
            "at_2007_last_all": null,
            "at_2008_last_all": null,
            "at_2009_last_all": null,
            "at_2010_last_all": null,
            "at_2011_last_all": null,
            "at_2012_last_all": null,
            "at_2013_last_all": -3.84,
            "at_2014_last_all": 6.25,
            "at_2015_last_all": -1.07,
            "at_2016_last_all": -3.45,
            "at_2017_last_all": 13.19,
            "at_2018_last_all": 14.89,
            "at_2019_last_all": 5.64,
            "at_2020_last_all": 16.12,
            "at_2021_last_all": 15.05,
            "at_2022_last_all": 11.02,
            "at_2023_last_all": 11.02
        },
        "latest_eps": 2.5,
        "latest_price": 42.7,
        "latest_roe": 9.01,
        "latest_gross_margin": 12.63,
        "latest_equity": 2279933,
        "latest_revenue": 256576,
        "latest_gross_profit": 32401,
        "latest_net_income": -23402,
        "latest_debt_ratio": 48.29,
        "latest_current_ratio": 313.1,
        "latest_account_receivable_turnover_ratio": 0.19,
        "latest_inventory_turnover_ratio": 0.23,
        "latest_reinvestment_rate": 80.29,
        "latest_research_to_sale_ratio": 12.92
    },
    "eps_dividends": {
        "2001": {
            "cash": 0,
            "stock": 0,
            "eps": 0
        },
        "2002": {
            "cash": 0,
            "stock": 0,
            "eps": 0
        },
        "2003": {
            "cash": 0,
            "stock": 1.14,
            "eps": 0
        },
        "2004": {
            "cash": 0,
            "stock": 0.5,
            "eps": 0
        },
        "2005": {
            "cash": 0.2,
            "stock": 0.6,
            "eps": 0
        },
        "2006": {
            "cash": 1,
            "stock": 1,
            "eps": 4.52
        },
        "2007": {
            "cash": 4,
            "stock": 0.5,
            "eps": 7.01
        },
        "2008": {
            "cash": 2.5,
            "stock": 1.5,
            "eps": 0
        },
        "2009": {
            "cash": 0.5,
            "stock": 3,
            "eps": 0
        },
        "2010": {
            "cash": 1,
            "stock": 0,
            "eps": 0
        },
        "2011": {
            "cash": 7,
            "stock": 0,
            "eps": 0
        },
        "2012": {
            "cash": 0,
            "stock": 0,
            "eps": 0
        },
        "2013": {
            "cash": 2.5,
            "stock": 0,
            "eps": 2.61
        },
        "2014": {
            "cash": 2,
            "stock": 0.5,
            "eps": 3.3
        },
        "2015": {
            "cash": 1.5,
            "stock": 1,
            "eps": 2.54
        },
        "2016": {
            "cash": 1.5,
            "stock": 0,
            "eps": 2.21
        },
        "2017": {
            "cash": 1.5,
            "stock": 0,
            "eps": 4.34
        },
        "2018": {
            "cash": 2.5,
            "stock": 0,
            "eps": 5.43
        },
        "2019": {
            "cash": 3.5,
            "stock": 0,
            "eps": 2.22
        },
        "2020": {
            "cash": 2,
            "stock": 0,
            "eps": 5.23
        },
        "2021": {
            "cash": 3,
            "stock": 0,
            "eps": 5.51
        },
        "2022": {
            "cash": 4,
            "stock": 0,
            "eps": 3.9
        },
        "2023": {
            "cash": 2,
            "stock": 0.3,
            "eps": -0.29
        }
    },
    "dividends": {
        "2003-04-22": {
            "cash": 0,
            "stock": 1.14
        },
        "2004-03-12": {
            "cash": 0,
            "stock": 0.5
        },
        "2005-04-06": {
            "cash": 0.2,
            "stock": 0.6
        },
        "2006-02-24": {
            "cash": 1,
            "stock": 1
        },
        "2007-03-19": {
            "cash": 4,
            "stock": 0.5
        },
        "2008-03-10": {
            "cash": 2.5,
            "stock": 1.5
        },
        "2009-04-27": {
            "cash": 0.5,
            "stock": 3
        },
        "2010-03-29": {
            "cash": 1,
            "stock": 0
        },
        "2011-01-01": {
            "cash": 3,
            "stock": 0
        },
        "2011-03-14": {
            "cash": 4,
            "stock": 0
        },
        "2013-04-19": {
            "cash": 2.5,
            "stock": 0
        },
        "2014-08-05": {
            "cash": 2,
            "stock": 0.5
        },
        "2015-08-26": {
            "cash": 1.5,
            "stock": 1
        },
        "2016-09-12": {
            "cash": 1.5,
            "stock": 0
        },
        "2017-09-29": {
            "cash": 1.5,
            "stock": 0
        },
        "2018-09-21": {
            "cash": 2.5,
            "stock": 0
        },
        "2019-07-05": {
            "cash": 3.5,
            "stock": 0
        },
        "2020-07-03": {
            "cash": 2,
            "stock": 0
        },
        "2021-06-30": {
            "cash": 3,
            "stock": 0
        },
        "2022-08-19": {
            "cash": 4,
            "stock": 0
        },
        "2023-04-18": {
            "cash": 2,
            "stock": 0.3
        }
    },
    "prices": {
        "200101": "無",
        "200102": "無",
        "200103": "無",
        "200104": "無",
        "200105": "無",
        "200106": "無",
        "200107": "無",
        "200108": "無",
        "200109": "無",
        "200110": "無",
        "200111": "無",
        "200112": "無",
        "200201": "無",
        "200202": "無",
        "200203": "無",
        "200204": "無",
        "200205": "無",
        "200206": "無",
        "200207": "無",
        "200208": "無",
        "200209": "無",
        "200210": "無",
        "200211": "無",
        "200212": "無",
        "200301": "無",
        "200302": "無",
        "200303": "無",
        "200304": "無",
        "200305": "無",
        "200306": "無",
        "200307": "無",
        "200308": "無",
        "200309": "無",
        "200310": "無",
        "200311": "無",
        "200312": "無",
        "200401": "無",
        "200402": "無",
        "200403": "無",
        "200404": "21.00",
        "200405": "21.28",
        "200406": "20.65",
        "200407": "18.64",
        "200408": "17.80",
        "200409": "16.50",
        "200410": "16.62",
        "200411": "17.30",
        "200412": "16.41",
        "200501": "16.15",
        "200502": "無",
        "200503": "無",
        "200504": "14.49",
        "200505": "無",
        "200506": "14.86",
        "200507": "16.04",
        "200508": "16.64",
        "200509": "23.01",
        "200510": "21.84",
        "200511": "24.12",
        "200512": "24.58",
        "200601": "36.96",
        "200602": "46.53",
        "200603": "45.73",
        "200604": "43.16",
        "200605": "42.86",
        "200606": "41.84",
        "200607": "41.35",
        "200608": "41.63",
        "200609": "42.85",
        "200610": "40.71",
        "200611": "43.53",
        "200612": "48.82",
        "200701": "48.76",
        "200702": "49.62",
        "200703": "54.18",
        "200704": "62.09",
        "200705": "64.48",
        "200706": "81.63",
        "200707": "99.42",
        "200708": "98.52",
        "200709": "82.53",
        "200710": "76.21",
        "200711": "60.13",
        "200712": "45.07",
        "200801": "52.63",
        "200802": "52.74",
        "200803": "55.10",
        "200804": "56.26",
        "200805": "58.77",
        "200806": "53.73",
        "200807": "43.67",
        "200808": "42.05",
        "200809": "24.48",
        "200810": "14.81",
        "200811": "11.55",
        "200812": "9.96",
        "200901": "9.56",
        "200902": "11.23",
        "200903": "12.87",
        "200904": "16.98",
        "200905": "18.34",
        "200906": "18.99",
        "200907": "22.63",
        "200908": "22.11",
        "200909": "24.17",
        "200910": "30.61",
        "200911": "24.98",
        "200912": "21.18",
        "201001": "20.98",
        "201002": "20.54",
        "201003": "21.47",
        "201004": "24.96",
        "201005": "25.66",
        "201006": "25.13",
        "201007": "25.17",
        "201008": "25.42",
        "201009": "25.47",
        "201010": "24.39",
        "201011": "23.26",
        "201012": "25.01",
        "201101": "26.96",
        "201102": "30.32",
        "201103": "32.33",
        "201104": "42.10",
        "201105": "48.57",
        "201106": "57.31",
        "201107": "48.83",
        "201108": "40.17",
        "201109": "36.20",
        "201110": "33.74",
        "201111": "32.35",
        "201112": "29.50",
        "201201": "33.13",
        "201202": "39.75",
        "201203": "46.04",
        "201204": "47.33",
        "201205": "42.77",
        "201206": "41.51",
        "201207": "44.19",
        "201208": "44.66",
        "201209": "43.42",
        "201210": "36.67",
        "201211": "28.98",
        "201212": "28.37",
        "201301": "28.36",
        "201302": "32.70",
        "201303": "32.98",
        "201304": "32.20",
        "201305": "33.92",
        "201306": "33.04",
        "201307": "34.29",
        "201308": "37.78",
        "201309": "38.33",
        "201310": "36.62",
        "201311": "32.94",
        "201312": "38.36",
        "201401": "39.22",
        "201402": "38.86",
        "201403": "46.06",
        "201404": "43.07",
        "201405": "41.82",
        "201406": "44.52",
        "201407": "41.96",
        "201408": "39.57",
        "201409": "38.21",
        "201410": "35.82",
        "201411": "34.74",
        "201412": "36.33",
        "201501": "37.12",
        "201502": "37.69",
        "201503": "38.25",
        "201504": "39.00",
        "201505": "37.34",
        "201506": "35.70",
        "201507": "32.98",
        "201508": "27.76",
        "201509": "27.72",
        "201510": "27.09",
        "201511": "27.94",
        "201512": "26.89",
        "201601": "25.64",
        "201602": "27.05",
        "201603": "29.82",
        "201604": "25.73",
        "201605": "23.90",
        "201606": "23.58",
        "201607": "28.18",
        "201608": "28.50",
        "201609": "26.20",
        "201610": "24.47",
        "201611": "24.58",
        "201612": "25.79",
        "201701": "27.78",
        "201702": "31.46",
        "201703": "33.32",
        "201704": "33.28",
        "201705": "31.40",
        "201706": "32.40",
        "201707": "40.41",
        "201708": "44.15",
        "201709": "44.44",
        "201710": "44.99",
        "201711": "48.06",
        "201712": "50.71",
        "201801": "54.98",
        "201802": "49.92",
        "201803": "52.57",
        "201804": "49.31",
        "201805": "48.31",
        "201806": "49.32",
        "201807": "47.64",
        "201808": "52.26",
        "201809": "46.55",
        "201810": "40.74",
        "201811": "42.05",
        "201812": "41.62",
        "201901": "40.16",
        "201902": "40.86",
        "201903": "40.88",
        "201904": "42.30",
        "201905": "40.27",
        "201906": "38.11",
        "201907": "35.71",
        "201908": "32.63",
        "201909": "32.51",
        "201910": "33.00",
        "201911": "37.45",
        "201912": "40.87",
        "202001": "41.18",
        "202002": "39.10",
        "202003": "35.68",
        "202004": "37.66",
        "202005": "40.78",
        "202006": "40.93",
        "202007": "43.27",
        "202008": "43.93",
        "202009": "43.82",
        "202010": "43.66",
        "202011": "43.23",
        "202012": "45.88",
        "202101": "44.69",
        "202102": "47.34",
        "202103": "57.21",
        "202104": "73.19",
        "202105": "63.80",
        "202106": "64.25",
        "202107": "67.95",
        "202108": "69.64",
        "202109": "69.04",
        "202110": "73.06",
        "202111": "92.29",
        "202112": "97.59",
        "202201": "85.99",
        "202202": "74.55",
        "202203": "68.93",
        "202204": "62.19",
        "202205": "59.16",
        "202206": "61.21",
        "202207": "52.17",
        "202208": "51.96",
        "202209": "47.01",
        "202210": "42.12",
        "202211": "42.39",
        "202212": "41.95",
        "202301": "41.50",
        "202302": "44.39",
        "202303": "44.39",
        "202304": "43.12",
        "202305": "41.85",
        "202306": "42.50"
    },
    "quarters": {
        "20011": {
            "year_quarter": 20011,
            "year": 2001,
            "quarter": 1,
            "eps": null,
            "eps_growth_year": null,
            "eps_4q": null,
            "eps_4q_growth_year": null,
            "roe": null,
            "roe_4q": 0,
            "gross_profit": null,
            "gross_margin": null,
            "gross_margin_4q_avg": 0,
            "net_income": null,
            "revenue": null,
            "common_shares": null,
            "book_valuer_per_share": null,
            "book_valuer_per_share_4q_avg": 0,
            "equity": null,
            "current_ratio": null,
            "debt_ratio": null,
            "inventory_turnover_ratio": null,
            "account_receivable_turnover_ratio": null,
            "reinvestment_rate": null,
            "research_to_sale_ratio": null,
            "price_fair": 0,
            "eps_avg_yearly": 0,
            "eps_latest_yearly": 0,
            "eps_growth_yearly": 0
        },
        "20012": {
            "year_quarter": 20012,
            "year": 2001,
            "quarter": 2,
            "eps": null,
            "eps_growth_year": null,
            "eps_4q": null,
            "eps_4q_growth_year": null,
            "roe": null,
            "roe_4q": 0,
            "gross_profit": null,
            "gross_margin": null,
            "gross_margin_4q_avg": 0,
            "net_income": null,
            "revenue": null,
            "common_shares": null,
            "book_valuer_per_share": null,
            "book_valuer_per_share_4q_avg": 0,
            "equity": null,
            "current_ratio": null,
            "debt_ratio": null,
            "inventory_turnover_ratio": null,
            "account_receivable_turnover_ratio": null,
            "reinvestment_rate": null,
            "research_to_sale_ratio": null,
            "price_fair": 0,
            "eps_avg_yearly": 0,
            "eps_latest_yearly": 0,
            "eps_growth_yearly": 0
        },
        "20013": {
            "year_quarter": 20013,
            "year": 2001,
            "quarter": 3,
            "eps": null,
            "eps_growth_year": null,
            "eps_4q": null,
            "eps_4q_growth_year": null,
            "roe": null,
            "roe_4q": 0,
            "gross_profit": null,
            "gross_margin": null,
            "gross_margin_4q_avg": 0,
            "net_income": null,
            "revenue": null,
            "common_shares": null,
            "book_valuer_per_share": null,
            "book_valuer_per_share_4q_avg": 0,
            "equity": null,
            "current_ratio": null,
            "debt_ratio": null,
            "inventory_turnover_ratio": null,
            "account_receivable_turnover_ratio": null,
            "reinvestment_rate": null,
            "research_to_sale_ratio": null,
            "price_fair": 0,
            "eps_avg_yearly": 0,
            "eps_latest_yearly": 0,
            "eps_growth_yearly": 0
        },
        "20014": {
            "year_quarter": 20014,
            "year": 2001,
            "quarter": 4,
            "eps": null,
            "eps_growth_year": null,
            "eps_4q": null,
            "eps_4q_growth_year": null,
            "roe": null,
            "roe_4q": 0,
            "gross_profit": null,
            "gross_margin": null,
            "gross_margin_4q_avg": 0,
            "net_income": null,
            "revenue": null,
            "common_shares": 170000,
            "book_valuer_per_share": 12.76,
            "book_valuer_per_share_4q_avg": 3.19,
            "equity": 216897,
            "current_ratio": 214.16,
            "debt_ratio": 46.24,
            "inventory_turnover_ratio": null,
            "account_receivable_turnover_ratio": null,
            "reinvestment_rate": null,
            "research_to_sale_ratio": null,
            "price_fair": 0,
            "eps_avg_yearly": 0,
            "eps_latest_yearly": 0,
            "eps_growth_yearly": 0
        },
        "20021": {
            "year_quarter": 20021,
            "year": 2002,
            "quarter": 1,
            "eps": null,
            "eps_growth_year": null,
            "eps_4q": null,
            "eps_4q_growth_year": null,
            "roe": null,
            "roe_4q": 0,
            "gross_profit": null,
            "gross_margin": null,
            "gross_margin_4q_avg": 0,
            "net_income": null,
            "revenue": null,
            "common_shares": null,
            "book_valuer_per_share": null,
            "book_valuer_per_share_4q_avg": 3.19,
            "equity": null,
            "current_ratio": null,
            "debt_ratio": null,
            "inventory_turnover_ratio": null,
            "account_receivable_turnover_ratio": null,
            "reinvestment_rate": null,
            "research_to_sale_ratio": null,
            "price_fair": 0,
            "eps_avg_yearly": 0,
            "eps_latest_yearly": 0,
            "eps_growth_yearly": 0
        },
        "20022": {
            "year_quarter": 20022,
            "year": 2002,
            "quarter": 2,
            "eps": null,
            "eps_growth_year": null,
            "eps_4q": null,
            "eps_4q_growth_year": null,
            "roe": null,
            "roe_4q": 0,
            "gross_profit": null,
            "gross_margin": null,
            "gross_margin_4q_avg": 0,
            "net_income": null,
            "revenue": null,
            "common_shares": null,
            "book_valuer_per_share": null,
            "book_valuer_per_share_4q_avg": 3.19,
            "equity": null,
            "current_ratio": null,
            "debt_ratio": null,
            "inventory_turnover_ratio": null,
            "account_receivable_turnover_ratio": null,
            "reinvestment_rate": null,
            "research_to_sale_ratio": null,
            "price_fair": 0,
            "eps_avg_yearly": 0,
            "eps_latest_yearly": 0,
            "eps_growth_yearly": 0
        },
        "20023": {
            "year_quarter": 20023,
            "year": 2002,
            "quarter": 3,
            "eps": null,
            "eps_growth_year": null,
            "eps_4q": null,
            "eps_4q_growth_year": null,
            "roe": null,
            "roe_4q": 0,
            "gross_profit": null,
            "gross_margin": null,
            "gross_margin_4q_avg": 0,
            "net_income": null,
            "revenue": null,
            "common_shares": null,
            "book_valuer_per_share": null,
            "book_valuer_per_share_4q_avg": 3.19,
            "equity": null,
            "current_ratio": null,
            "debt_ratio": null,
            "inventory_turnover_ratio": null,
            "account_receivable_turnover_ratio": null,
            "reinvestment_rate": null,
            "research_to_sale_ratio": null,
            "price_fair": 0,
            "eps_avg_yearly": 0,
            "eps_latest_yearly": 0,
            "eps_growth_yearly": 0
        },
        "20024": {
            "year_quarter": 20024,
            "year": 2002,
            "quarter": 4,
            "eps": null,
            "eps_growth_year": null,
            "eps_4q": null,
            "eps_4q_growth_year": null,
            "roe": null,
            "roe_4q": 0,
            "gross_profit": null,
            "gross_margin": null,
            "gross_margin_4q_avg": 0,
            "net_income": null,
            "revenue": null,
            "common_shares": 230000,
            "book_valuer_per_share": 11.78,
            "book_valuer_per_share_4q_avg": 2.95,
            "equity": 270952,
            "current_ratio": 165.24,
            "debt_ratio": 57.52,
            "inventory_turnover_ratio": null,
            "account_receivable_turnover_ratio": null,
            "reinvestment_rate": null,
            "research_to_sale_ratio": null,
            "price_fair": 0,
            "eps_avg_yearly": 0,
            "eps_latest_yearly": 0,
            "eps_growth_yearly": 0
        },
        "20031": {
            "year_quarter": 20031,
            "year": 2003,
            "quarter": 1,
            "eps": null,
            "eps_growth_year": null,
            "eps_4q": null,
            "eps_4q_growth_year": null,
            "roe": null,
            "roe_4q": 0,
            "gross_profit": null,
            "gross_margin": null,
            "gross_margin_4q_avg": 0,
            "net_income": null,
            "revenue": null,
            "common_shares": null,
            "book_valuer_per_share": null,
            "book_valuer_per_share_4q_avg": 2.95,
            "equity": null,
            "current_ratio": null,
            "debt_ratio": null,
            "inventory_turnover_ratio": null,
            "account_receivable_turnover_ratio": null,
            "reinvestment_rate": null,
            "research_to_sale_ratio": null,
            "price_fair": 0,
            "eps_avg_yearly": 0,
            "eps_latest_yearly": 0,
            "eps_growth_yearly": 0
        },
        "20032": {
            "year_quarter": 20032,
            "year": 2003,
            "quarter": 2,
            "eps": null,
            "eps_growth_year": null,
            "eps_4q": null,
            "eps_4q_growth_year": null,
            "roe": null,
            "roe_4q": 0,
            "gross_profit": null,
            "gross_margin": null,
            "gross_margin_4q_avg": 0,
            "net_income": null,
            "revenue": null,
            "common_shares": null,
            "book_valuer_per_share": null,
            "book_valuer_per_share_4q_avg": 2.95,
            "equity": null,
            "current_ratio": null,
            "debt_ratio": null,
            "inventory_turnover_ratio": null,
            "account_receivable_turnover_ratio": null,
            "reinvestment_rate": null,
            "research_to_sale_ratio": null,
            "price_fair": 0,
            "eps_avg_yearly": 0,
            "eps_latest_yearly": 0,
            "eps_growth_yearly": 0
        },
        "20033": {
            "year_quarter": 20033,
            "year": 2003,
            "quarter": 3,
            "eps": null,
            "eps_growth_year": null,
            "eps_4q": null,
            "eps_4q_growth_year": null,
            "roe": null,
            "roe_4q": 0,
            "gross_profit": null,
            "gross_margin": null,
            "gross_margin_4q_avg": 0,
            "net_income": null,
            "revenue": null,
            "common_shares": null,
            "book_valuer_per_share": null,
            "book_valuer_per_share_4q_avg": 2.95,
            "equity": null,
            "current_ratio": null,
            "debt_ratio": null,
            "inventory_turnover_ratio": null,
            "account_receivable_turnover_ratio": null,
            "reinvestment_rate": null,
            "research_to_sale_ratio": null,
            "price_fair": 0,
            "eps_avg_yearly": 0,
            "eps_latest_yearly": 0,
            "eps_growth_yearly": 0
        },
        "20034": {
            "year_quarter": 20034,
            "year": 2003,
            "quarter": 4,
            "eps": null,
            "eps_growth_year": null,
            "eps_4q": null,
            "eps_4q_growth_year": null,
            "roe": null,
            "roe_4q": 0,
            "gross_profit": null,
            "gross_margin": null,
            "gross_margin_4q_avg": 0,
            "net_income": null,
            "revenue": null,
            "common_shares": 257000,
            "book_valuer_per_share": 11.25,
            "book_valuer_per_share_4q_avg": 2.81,
            "equity": 289078,
            "current_ratio": 170.15,
            "debt_ratio": 58.46,
            "inventory_turnover_ratio": null,
            "account_receivable_turnover_ratio": null,
            "reinvestment_rate": null,
            "research_to_sale_ratio": null,
            "price_fair": 0,
            "eps_avg_yearly": 0,
            "eps_latest_yearly": 0,
            "eps_growth_yearly": 0
        },
        "20041": {
            "year_quarter": 20041,
            "year": 2004,
            "quarter": 1,
            "eps": null,
            "eps_growth_year": null,
            "eps_4q": null,
            "eps_4q_growth_year": null,
            "roe": null,
            "roe_4q": 0,
            "gross_profit": null,
            "gross_margin": null,
            "gross_margin_4q_avg": 0,
            "net_income": null,
            "revenue": null,
            "common_shares": null,
            "book_valuer_per_share": null,
            "book_valuer_per_share_4q_avg": 2.81,
            "equity": null,
            "current_ratio": null,
            "debt_ratio": null,
            "inventory_turnover_ratio": null,
            "account_receivable_turnover_ratio": null,
            "reinvestment_rate": null,
            "research_to_sale_ratio": null,
            "price_fair": 0,
            "eps_avg_yearly": 0,
            "eps_latest_yearly": 0,
            "eps_growth_yearly": 0
        },
        "20042": {
            "year_quarter": 20042,
            "year": 2004,
            "quarter": 2,
            "eps": null,
            "eps_growth_year": null,
            "eps_4q": null,
            "eps_4q_growth_year": null,
            "roe": null,
            "roe_4q": 0,
            "gross_profit": null,
            "gross_margin": null,
            "gross_margin_4q_avg": 0,
            "net_income": null,
            "revenue": null,
            "common_shares": null,
            "book_valuer_per_share": null,
            "book_valuer_per_share_4q_avg": 2.81,
            "equity": null,
            "current_ratio": null,
            "debt_ratio": null,
            "inventory_turnover_ratio": null,
            "account_receivable_turnover_ratio": null,
            "reinvestment_rate": null,
            "research_to_sale_ratio": null,
            "price_fair": 0,
            "eps_avg_yearly": 0,
            "eps_latest_yearly": 0,
            "eps_growth_yearly": 0
        },
        "20043": {
            "year_quarter": 20043,
            "year": 2004,
            "quarter": 3,
            "eps": null,
            "eps_growth_year": null,
            "eps_4q": null,
            "eps_4q_growth_year": null,
            "roe": null,
            "roe_4q": 0,
            "gross_profit": null,
            "gross_margin": null,
            "gross_margin_4q_avg": 0,
            "net_income": null,
            "revenue": null,
            "common_shares": null,
            "book_valuer_per_share": null,
            "book_valuer_per_share_4q_avg": 2.81,
            "equity": null,
            "current_ratio": null,
            "debt_ratio": null,
            "inventory_turnover_ratio": null,
            "account_receivable_turnover_ratio": null,
            "reinvestment_rate": null,
            "research_to_sale_ratio": null,
            "price_fair": 0,
            "eps_avg_yearly": 0,
            "eps_latest_yearly": 0,
            "eps_growth_yearly": 0
        },
        "20044": {
            "year_quarter": 20044,
            "year": 2004,
            "quarter": 4,
            "eps": null,
            "eps_growth_year": null,
            "eps_4q": null,
            "eps_4q_growth_year": null,
            "roe": null,
            "roe_4q": 0,
            "gross_profit": null,
            "gross_margin": null,
            "gross_margin_4q_avg": 0,
            "net_income": null,
            "revenue": null,
            "common_shares": 269850,
            "book_valuer_per_share": 11.69,
            "book_valuer_per_share_4q_avg": 2.92,
            "equity": 315404,
            "current_ratio": 154.75,
            "debt_ratio": 61.61,
            "inventory_turnover_ratio": null,
            "account_receivable_turnover_ratio": null,
            "reinvestment_rate": null,
            "research_to_sale_ratio": null,
            "price_fair": 0,
            "eps_avg_yearly": 0,
            "eps_latest_yearly": 0,
            "eps_growth_yearly": 0
        },
        "20051": {
            "year_quarter": 20051,
            "year": 2005,
            "quarter": 1,
            "eps": null,
            "eps_growth_year": null,
            "eps_4q": null,
            "eps_4q_growth_year": null,
            "roe": null,
            "roe_4q": 0,
            "gross_profit": null,
            "gross_margin": null,
            "gross_margin_4q_avg": 0,
            "net_income": null,
            "revenue": null,
            "common_shares": null,
            "book_valuer_per_share": null,
            "book_valuer_per_share_4q_avg": 2.92,
            "equity": null,
            "current_ratio": null,
            "debt_ratio": null,
            "inventory_turnover_ratio": null,
            "account_receivable_turnover_ratio": null,
            "reinvestment_rate": null,
            "research_to_sale_ratio": null,
            "price_fair": 0,
            "eps_avg_yearly": 0,
            "eps_latest_yearly": 0,
            "eps_growth_yearly": 0
        },
        "20052": {
            "year_quarter": 20052,
            "year": 2005,
            "quarter": 2,
            "eps": null,
            "eps_growth_year": null,
            "eps_4q": null,
            "eps_4q_growth_year": null,
            "roe": null,
            "roe_4q": 0,
            "gross_profit": null,
            "gross_margin": null,
            "gross_margin_4q_avg": 0,
            "net_income": null,
            "revenue": null,
            "common_shares": null,
            "book_valuer_per_share": null,
            "book_valuer_per_share_4q_avg": 2.92,
            "equity": null,
            "current_ratio": null,
            "debt_ratio": null,
            "inventory_turnover_ratio": null,
            "account_receivable_turnover_ratio": null,
            "reinvestment_rate": null,
            "research_to_sale_ratio": null,
            "price_fair": 0,
            "eps_avg_yearly": 0,
            "eps_latest_yearly": 0,
            "eps_growth_yearly": 0
        },
        "20053": {
            "year_quarter": 20053,
            "year": 2005,
            "quarter": 3,
            "eps": null,
            "eps_growth_year": null,
            "eps_4q": null,
            "eps_4q_growth_year": null,
            "roe": null,
            "roe_4q": 0,
            "gross_profit": null,
            "gross_margin": null,
            "gross_margin_4q_avg": 0,
            "net_income": null,
            "revenue": null,
            "common_shares": null,
            "book_valuer_per_share": null,
            "book_valuer_per_share_4q_avg": 2.92,
            "equity": null,
            "current_ratio": null,
            "debt_ratio": null,
            "inventory_turnover_ratio": null,
            "account_receivable_turnover_ratio": null,
            "reinvestment_rate": null,
            "research_to_sale_ratio": null,
            "price_fair": 0,
            "eps_avg_yearly": 0,
            "eps_latest_yearly": 0,
            "eps_growth_yearly": 0
        },
        "20054": {
            "year_quarter": 20054,
            "year": 2005,
            "quarter": 4,
            "eps": null,
            "eps_growth_year": null,
            "eps_4q": null,
            "eps_4q_growth_year": null,
            "roe": null,
            "roe_4q": 0,
            "gross_profit": null,
            "gross_margin": null,
            "gross_margin_4q_avg": 0,
            "net_income": null,
            "revenue": null,
            "common_shares": 287871,
            "book_valuer_per_share": 14.51,
            "book_valuer_per_share_4q_avg": 3.63,
            "equity": 417811,
            "current_ratio": 152.87,
            "debt_ratio": 63.62,
            "inventory_turnover_ratio": null,
            "account_receivable_turnover_ratio": null,
            "reinvestment_rate": null,
            "research_to_sale_ratio": null,
            "price_fair": 0,
            "eps_avg_yearly": 0,
            "eps_latest_yearly": 0,
            "eps_growth_yearly": 0
        },
        "20061": {
            "year_quarter": 20061,
            "year": 2006,
            "quarter": 1,
            "eps": 1.25,
            "eps_growth_year": null,
            "eps_4q": null,
            "eps_4q_growth_year": null,
            "roe": 8.24,
            "roe_4q": 8.24,
            "gross_profit": 84316,
            "gross_margin": 26.12,
            "gross_margin_4q_avg": 6.53,
            "net_income": 35917,
            "revenue": 322757,
            "common_shares": 287871,
            "book_valuer_per_share": 15.76,
            "book_valuer_per_share_4q_avg": 7.57,
            "equity": 453587,
            "current_ratio": 150.62,
            "debt_ratio": 65.9,
            "inventory_turnover_ratio": 0.69,
            "account_receivable_turnover_ratio": null,
            "reinvestment_rate": null,
            "research_to_sale_ratio": null,
            "price_fair": 0,
            "eps_avg_yearly": 0,
            "eps_latest_yearly": 0,
            "eps_growth_yearly": 0
        },
        "20062": {
            "year_quarter": 20062,
            "year": 2006,
            "quarter": 2,
            "eps": 1.8,
            "eps_growth_year": null,
            "eps_4q": null,
            "eps_4q_growth_year": null,
            "roe": 11.23,
            "roe_4q": 19.47,
            "gross_profit": 124341,
            "gross_margin": 29.49,
            "gross_margin_4q_avg": 13.9,
            "net_income": 51873,
            "revenue": 421584,
            "common_shares": 287871,
            "book_valuer_per_share": 16.34,
            "book_valuer_per_share_4q_avg": 11.65,
            "equity": 470493,
            "current_ratio": 146.25,
            "debt_ratio": 65.65,
            "inventory_turnover_ratio": 0.76,
            "account_receivable_turnover_ratio": null,
            "reinvestment_rate": null,
            "research_to_sale_ratio": null,
            "price_fair": 252,
            "eps_avg_yearly": 7.2,
            "eps_latest_yearly": 7.2,
            "eps_growth_yearly": 176
        },
        "20063": {
            "year_quarter": 20063,
            "year": 2006,
            "quarter": 3,
            "eps": 1.77,
            "eps_growth_year": null,
            "eps_4q": null,
            "eps_4q_growth_year": null,
            "roe": 11.27,
            "roe_4q": 30.740000000000002,
            "gross_profit": 140333,
            "gross_margin": 31.14,
            "gross_margin_4q_avg": 21.69,
            "net_income": 56198,
            "revenue": 450673,
            "common_shares": 316658,
            "book_valuer_per_share": 16.64,
            "book_valuer_per_share_4q_avg": 15.81,
            "equity": 527018,
            "current_ratio": 140.27,
            "debt_ratio": 65.39,
            "inventory_turnover_ratio": 0.68,
            "account_receivable_turnover_ratio": null,
            "reinvestment_rate": null,
            "research_to_sale_ratio": null,
            "price_fair": 249.9,
            "eps_avg_yearly": 7.14,
            "eps_latest_yearly": 7.08,
            "eps_growth_yearly": 84.67
        },
        "20064": {
            "year_quarter": 20064,
            "year": 2006,
            "quarter": 4,
            "eps": -0.3,
            "eps_growth_year": null,
            "eps_4q": 4.25,
            "eps_4q_growth_year": null,
            "roe": -1.8,
            "roe_4q": 28.939999999999998,
            "gross_profit": 85930,
            "gross_margin": 24.22,
            "gross_margin_4q_avg": 27.74,
            "net_income": -9414,
            "revenue": 354793,
            "common_shares": 316658,
            "book_valuer_per_share": 16.34,
            "book_valuer_per_share_4q_avg": 16.27,
            "equity": 517423,
            "current_ratio": 209.56,
            "debt_ratio": 67.32,
            "inventory_turnover_ratio": 0.48,
            "account_receivable_turnover_ratio": null,
            "reinvestment_rate": null,
            "research_to_sale_ratio": null,
            "price_fair": 249.9,
            "eps_avg_yearly": 7.14,
            "eps_latest_yearly": 7.08,
            "eps_growth_yearly": 84.67
        },
        "20071": {
            "year_quarter": 20071,
            "year": 2007,
            "quarter": 1,
            "eps": 0.98,
            "eps_growth_year": -21.6,
            "eps_4q": 4.1,
            "eps_4q_growth_year": null,
            "roe": 5.81,
            "roe_4q": 26.509999999999998,
            "gross_profit": 118017,
            "gross_margin": 22.48,
            "gross_margin_4q_avg": 26.83,
            "net_income": 31035,
            "revenue": 524889,
            "common_shares": 318078,
            "book_valuer_per_share": 17.3,
            "book_valuer_per_share_4q_avg": 16.66,
            "equity": 550244,
            "current_ratio": 205.65,
            "debt_ratio": 66.45,
            "inventory_turnover_ratio": 0.73,
            "account_receivable_turnover_ratio": null,
            "reinvestment_rate": null,
            "research_to_sale_ratio": null,
            "price_fair": 249.9,
            "eps_avg_yearly": 7.14,
            "eps_latest_yearly": 7.08,
            "eps_growth_yearly": 84.67
        },
        "20072": {
            "year_quarter": 20072,
            "year": 2007,
            "quarter": 2,
            "eps": 1.73,
            "eps_growth_year": -3.89,
            "eps_4q": 4.18,
            "eps_4q_growth_year": null,
            "roe": 10.78,
            "roe_4q": 26.06,
            "gross_profit": 120825,
            "gross_margin": 26.75,
            "gross_margin_4q_avg": 26.15,
            "net_income": 54859,
            "revenue": 451631,
            "common_shares": 318078,
            "book_valuer_per_share": 14.71,
            "book_valuer_per_share_4q_avg": 16.25,
            "equity": 467790,
            "current_ratio": 162.25,
            "debt_ratio": 74.68,
            "inventory_turnover_ratio": 0.61,
            "account_receivable_turnover_ratio": null,
            "reinvestment_rate": null,
            "research_to_sale_ratio": null,
            "price_fair": 247.33,
            "eps_avg_yearly": 7.07,
            "eps_latest_yearly": 6.92,
            "eps_growth_yearly": 158.49
        },
        "20073": {
            "year_quarter": 20073,
            "year": 2007,
            "quarter": 3,
            "eps": 4.51,
            "eps_growth_year": 154.8,
            "eps_4q": 6.8,
            "eps_4q_growth_year": null,
            "roe": 27.69,
            "roe_4q": 42.480000000000004,
            "gross_profit": 259858,
            "gross_margin": 28.16,
            "gross_margin_4q_avg": 25.4,
            "net_income": 150328,
            "revenue": 922659,
            "common_shares": 333982,
            "book_valuer_per_share": 18.5,
            "book_valuer_per_share_4q_avg": 16.71,
            "equity": 618008,
            "current_ratio": 172.92,
            "debt_ratio": 68.95,
            "inventory_turnover_ratio": 1.36,
            "account_receivable_turnover_ratio": null,
            "reinvestment_rate": null,
            "research_to_sale_ratio": null,
            "price_fair": 343.35,
            "eps_avg_yearly": 9.81,
            "eps_latest_yearly": 18.04,
            "eps_growth_yearly": 279.56
        },
        "20074": {
            "year_quarter": 20074,
            "year": 2007,
            "quarter": 4,
            "eps": -0.21,
            "eps_growth_year": null,
            "eps_4q": 6.87,
            "eps_4q_growth_year": 61.65,
            "roe": -1.15,
            "roe_4q": 43.13,
            "gross_profit": 107497,
            "gross_margin": 24.27,
            "gross_margin_4q_avg": 25.42,
            "net_income": -7099,
            "revenue": 442897,
            "common_shares": 335557,
            "book_valuer_per_share": 18.32,
            "book_valuer_per_share_4q_avg": 17.21,
            "equity": 614891,
            "current_ratio": 182.88,
            "debt_ratio": 66.78,
            "inventory_turnover_ratio": 0.67,
            "account_receivable_turnover_ratio": null,
            "reinvestment_rate": null,
            "research_to_sale_ratio": null,
            "price_fair": 343.35,
            "eps_avg_yearly": 9.81,
            "eps_latest_yearly": 18.04,
            "eps_growth_yearly": 279.56
        },
        "20081": {
            "year_quarter": 20081,
            "year": 2008,
            "quarter": 1,
            "eps": null,
            "eps_growth_year": null,
            "eps_4q": null,
            "eps_4q_growth_year": null,
            "roe": null,
            "roe_4q": 37.32,
            "gross_profit": null,
            "gross_margin": null,
            "gross_margin_4q_avg": 19.8,
            "net_income": null,
            "revenue": null,
            "common_shares": null,
            "book_valuer_per_share": null,
            "book_valuer_per_share_4q_avg": 12.88,
            "equity": null,
            "current_ratio": null,
            "debt_ratio": null,
            "inventory_turnover_ratio": null,
            "account_receivable_turnover_ratio": null,
            "reinvestment_rate": null,
            "research_to_sale_ratio": null,
            "price_fair": 343.35,
            "eps_avg_yearly": 9.81,
            "eps_latest_yearly": 18.04,
            "eps_growth_yearly": 279.56
        },
        "20082": {
            "year_quarter": 20082,
            "year": 2008,
            "quarter": 2,
            "eps": null,
            "eps_growth_year": null,
            "eps_4q": null,
            "eps_4q_growth_year": null,
            "roe": null,
            "roe_4q": 26.540000000000003,
            "gross_profit": null,
            "gross_margin": null,
            "gross_margin_4q_avg": 13.11,
            "net_income": null,
            "revenue": null,
            "common_shares": null,
            "book_valuer_per_share": null,
            "book_valuer_per_share_4q_avg": 9.21,
            "equity": null,
            "current_ratio": null,
            "debt_ratio": null,
            "inventory_turnover_ratio": null,
            "account_receivable_turnover_ratio": null,
            "reinvestment_rate": null,
            "research_to_sale_ratio": null,
            "price_fair": 343.35,
            "eps_avg_yearly": 9.81,
            "eps_latest_yearly": 18.04,
            "eps_growth_yearly": 279.56
        },
        "20083": {
            "year_quarter": 20083,
            "year": 2008,
            "quarter": 3,
            "eps": null,
            "eps_growth_year": null,
            "eps_4q": null,
            "eps_4q_growth_year": null,
            "roe": null,
            "roe_4q": -1.15,
            "gross_profit": null,
            "gross_margin": null,
            "gross_margin_4q_avg": 6.07,
            "net_income": null,
            "revenue": null,
            "common_shares": null,
            "book_valuer_per_share": null,
            "book_valuer_per_share_4q_avg": 4.58,
            "equity": null,
            "current_ratio": null,
            "debt_ratio": null,
            "inventory_turnover_ratio": null,
            "account_receivable_turnover_ratio": null,
            "reinvestment_rate": null,
            "research_to_sale_ratio": null,
            "price_fair": 343.35,
            "eps_avg_yearly": 9.81,
            "eps_latest_yearly": 18.04,
            "eps_growth_yearly": 279.56
        },
        "20084": {
            "year_quarter": 20084,
            "year": 2008,
            "quarter": 4,
            "eps": null,
            "eps_growth_year": null,
            "eps_4q": null,
            "eps_4q_growth_year": null,
            "roe": null,
            "roe_4q": 0,
            "gross_profit": null,
            "gross_margin": null,
            "gross_margin_4q_avg": 0,
            "net_income": null,
            "revenue": null,
            "common_shares": 470891,
            "book_valuer_per_share": 16.35,
            "book_valuer_per_share_4q_avg": 4.09,
            "equity": 769952,
            "current_ratio": 205.68,
            "debt_ratio": 55.82,
            "inventory_turnover_ratio": null,
            "account_receivable_turnover_ratio": null,
            "reinvestment_rate": null,
            "research_to_sale_ratio": null,
            "price_fair": 343.35,
            "eps_avg_yearly": 9.81,
            "eps_latest_yearly": 18.04,
            "eps_growth_yearly": 279.56
        },
        "20091": {
            "year_quarter": 20091,
            "year": 2009,
            "quarter": 1,
            "eps": null,
            "eps_growth_year": null,
            "eps_4q": null,
            "eps_4q_growth_year": null,
            "roe": null,
            "roe_4q": 0,
            "gross_profit": null,
            "gross_margin": null,
            "gross_margin_4q_avg": 0,
            "net_income": null,
            "revenue": null,
            "common_shares": null,
            "book_valuer_per_share": null,
            "book_valuer_per_share_4q_avg": 4.09,
            "equity": null,
            "current_ratio": null,
            "debt_ratio": null,
            "inventory_turnover_ratio": null,
            "account_receivable_turnover_ratio": null,
            "reinvestment_rate": null,
            "research_to_sale_ratio": null,
            "price_fair": 343.35,
            "eps_avg_yearly": 9.81,
            "eps_latest_yearly": 18.04,
            "eps_growth_yearly": 279.56
        },
        "20092": {
            "year_quarter": 20092,
            "year": 2009,
            "quarter": 2,
            "eps": null,
            "eps_growth_year": null,
            "eps_4q": null,
            "eps_4q_growth_year": null,
            "roe": null,
            "roe_4q": 0,
            "gross_profit": null,
            "gross_margin": null,
            "gross_margin_4q_avg": 0,
            "net_income": null,
            "revenue": null,
            "common_shares": 473466,
            "book_valuer_per_share": null,
            "book_valuer_per_share_4q_avg": 4.09,
            "equity": 816666,
            "current_ratio": null,
            "debt_ratio": null,
            "inventory_turnover_ratio": null,
            "account_receivable_turnover_ratio": null,
            "reinvestment_rate": null,
            "research_to_sale_ratio": null,
            "price_fair": 343.35,
            "eps_avg_yearly": 9.81,
            "eps_latest_yearly": 18.04,
            "eps_growth_yearly": 279.56
        },
        "20093": {
            "year_quarter": 20093,
            "year": 2009,
            "quarter": 3,
            "eps": null,
            "eps_growth_year": null,
            "eps_4q": null,
            "eps_4q_growth_year": null,
            "roe": null,
            "roe_4q": 0,
            "gross_profit": null,
            "gross_margin": null,
            "gross_margin_4q_avg": 0,
            "net_income": null,
            "revenue": null,
            "common_shares": null,
            "book_valuer_per_share": null,
            "book_valuer_per_share_4q_avg": 4.09,
            "equity": null,
            "current_ratio": null,
            "debt_ratio": null,
            "inventory_turnover_ratio": null,
            "account_receivable_turnover_ratio": null,
            "reinvestment_rate": null,
            "research_to_sale_ratio": null,
            "price_fair": 343.35,
            "eps_avg_yearly": 9.81,
            "eps_latest_yearly": 18.04,
            "eps_growth_yearly": 279.56
        },
        "20094": {
            "year_quarter": 20094,
            "year": 2009,
            "quarter": 4,
            "eps": null,
            "eps_growth_year": null,
            "eps_4q": null,
            "eps_4q_growth_year": null,
            "roe": null,
            "roe_4q": 0,
            "gross_profit": null,
            "gross_margin": null,
            "gross_margin_4q_avg": 0,
            "net_income": null,
            "revenue": null,
            "common_shares": 615505,
            "book_valuer_per_share": 13.47,
            "book_valuer_per_share_4q_avg": 3.37,
            "equity": 829230,
            "current_ratio": 204.36,
            "debt_ratio": 50.34,
            "inventory_turnover_ratio": null,
            "account_receivable_turnover_ratio": null,
            "reinvestment_rate": null,
            "research_to_sale_ratio": null,
            "price_fair": 343.35,
            "eps_avg_yearly": 9.81,
            "eps_latest_yearly": 18.04,
            "eps_growth_yearly": 279.56
        },
        "20101": {
            "year_quarter": 20101,
            "year": 2010,
            "quarter": 1,
            "eps": null,
            "eps_growth_year": null,
            "eps_4q": null,
            "eps_4q_growth_year": null,
            "roe": null,
            "roe_4q": 0,
            "gross_profit": null,
            "gross_margin": null,
            "gross_margin_4q_avg": 0,
            "net_income": null,
            "revenue": null,
            "common_shares": null,
            "book_valuer_per_share": null,
            "book_valuer_per_share_4q_avg": 3.37,
            "equity": null,
            "current_ratio": null,
            "debt_ratio": null,
            "inventory_turnover_ratio": null,
            "account_receivable_turnover_ratio": null,
            "reinvestment_rate": null,
            "research_to_sale_ratio": null,
            "price_fair": 343.35,
            "eps_avg_yearly": 9.81,
            "eps_latest_yearly": 18.04,
            "eps_growth_yearly": 279.56
        },
        "20102": {
            "year_quarter": 20102,
            "year": 2010,
            "quarter": 2,
            "eps": null,
            "eps_growth_year": null,
            "eps_4q": null,
            "eps_4q_growth_year": null,
            "roe": null,
            "roe_4q": 0,
            "gross_profit": null,
            "gross_margin": null,
            "gross_margin_4q_avg": 0,
            "net_income": null,
            "revenue": null,
            "common_shares": 615505,
            "book_valuer_per_share": 13.93,
            "book_valuer_per_share_4q_avg": 6.85,
            "equity": 857700,
            "current_ratio": 157.45,
            "debt_ratio": 57.03,
            "inventory_turnover_ratio": null,
            "account_receivable_turnover_ratio": null,
            "reinvestment_rate": null,
            "research_to_sale_ratio": null,
            "price_fair": 373.8,
            "eps_avg_yearly": 10.68,
            "eps_latest_yearly": 18.04,
            "eps_growth_yearly": 314.08
        },
        "20103": {
            "year_quarter": 20103,
            "year": 2010,
            "quarter": 3,
            "eps": null,
            "eps_growth_year": null,
            "eps_4q": null,
            "eps_4q_growth_year": null,
            "roe": null,
            "roe_4q": 0,
            "gross_profit": null,
            "gross_margin": null,
            "gross_margin_4q_avg": 0,
            "net_income": null,
            "revenue": null,
            "common_shares": null,
            "book_valuer_per_share": null,
            "book_valuer_per_share_4q_avg": 6.85,
            "equity": null,
            "current_ratio": null,
            "debt_ratio": null,
            "inventory_turnover_ratio": null,
            "account_receivable_turnover_ratio": null,
            "reinvestment_rate": null,
            "research_to_sale_ratio": null,
            "price_fair": 436.8,
            "eps_avg_yearly": 12.48,
            "eps_latest_yearly": 18.04,
            "eps_growth_yearly": 474.45
        },
        "20104": {
            "year_quarter": 20104,
            "year": 2010,
            "quarter": 4,
            "eps": null,
            "eps_growth_year": null,
            "eps_4q": null,
            "eps_4q_growth_year": null,
            "roe": null,
            "roe_4q": 0,
            "gross_profit": null,
            "gross_margin": null,
            "gross_margin_4q_avg": 0,
            "net_income": null,
            "revenue": null,
            "common_shares": 615505,
            "book_valuer_per_share": 16.53,
            "book_valuer_per_share_4q_avg": 7.62,
            "equity": 1017190,
            "current_ratio": 248.15,
            "debt_ratio": 53.12,
            "inventory_turnover_ratio": null,
            "account_receivable_turnover_ratio": null,
            "reinvestment_rate": null,
            "research_to_sale_ratio": null,
            "price_fair": 436.8,
            "eps_avg_yearly": 12.48,
            "eps_latest_yearly": 18.04,
            "eps_growth_yearly": 474.45
        },
        "20111": {
            "year_quarter": 20111,
            "year": 2011,
            "quarter": 1,
            "eps": null,
            "eps_growth_year": null,
            "eps_4q": null,
            "eps_4q_growth_year": null,
            "roe": null,
            "roe_4q": 0,
            "gross_profit": null,
            "gross_margin": null,
            "gross_margin_4q_avg": 0,
            "net_income": null,
            "revenue": null,
            "common_shares": null,
            "book_valuer_per_share": null,
            "book_valuer_per_share_4q_avg": 7.62,
            "equity": null,
            "current_ratio": null,
            "debt_ratio": null,
            "inventory_turnover_ratio": null,
            "account_receivable_turnover_ratio": null,
            "reinvestment_rate": null,
            "research_to_sale_ratio": null,
            "price_fair": 436.8,
            "eps_avg_yearly": 12.48,
            "eps_latest_yearly": 18.04,
            "eps_growth_yearly": 474.45
        },
        "20112": {
            "year_quarter": 20112,
            "year": 2011,
            "quarter": 2,
            "eps": null,
            "eps_growth_year": null,
            "eps_4q": null,
            "eps_4q_growth_year": null,
            "roe": null,
            "roe_4q": 0,
            "gross_profit": null,
            "gross_margin": null,
            "gross_margin_4q_avg": 0,
            "net_income": null,
            "revenue": null,
            "common_shares": 615505,
            "book_valuer_per_share": 14.89,
            "book_valuer_per_share_4q_avg": 7.86,
            "equity": 916401,
            "current_ratio": 136.94,
            "debt_ratio": 65.95,
            "inventory_turnover_ratio": null,
            "account_receivable_turnover_ratio": null,
            "reinvestment_rate": null,
            "research_to_sale_ratio": null,
            "price_fair": 631.4,
            "eps_avg_yearly": 18.04,
            "eps_latest_yearly": 18.04,
            "eps_growth_yearly": 642.77
        },
        "20113": {
            "year_quarter": 20113,
            "year": 2011,
            "quarter": 3,
            "eps": null,
            "eps_growth_year": null,
            "eps_4q": null,
            "eps_4q_growth_year": null,
            "roe": null,
            "roe_4q": 0,
            "gross_profit": null,
            "gross_margin": null,
            "gross_margin_4q_avg": 0,
            "net_income": null,
            "revenue": null,
            "common_shares": null,
            "book_valuer_per_share": null,
            "book_valuer_per_share_4q_avg": 7.86,
            "equity": null,
            "current_ratio": null,
            "debt_ratio": null,
            "inventory_turnover_ratio": null,
            "account_receivable_turnover_ratio": null,
            "reinvestment_rate": null,
            "research_to_sale_ratio": null,
            "price_fair": 0,
            "eps_avg_yearly": 0,
            "eps_latest_yearly": 0,
            "eps_growth_yearly": 0
        },
        "20114": {
            "year_quarter": 20114,
            "year": 2011,
            "quarter": 4,
            "eps": null,
            "eps_growth_year": null,
            "eps_4q": null,
            "eps_4q_growth_year": null,
            "roe": null,
            "roe_4q": 0,
            "gross_profit": null,
            "gross_margin": null,
            "gross_margin_4q_avg": 0,
            "net_income": null,
            "revenue": null,
            "common_shares": 615505,
            "book_valuer_per_share": 18.4,
            "book_valuer_per_share_4q_avg": 8.32,
            "equity": 1132309,
            "current_ratio": 151.69,
            "debt_ratio": 61.08,
            "inventory_turnover_ratio": null,
            "account_receivable_turnover_ratio": null,
            "reinvestment_rate": null,
            "research_to_sale_ratio": null,
            "price_fair": 0,
            "eps_avg_yearly": 0,
            "eps_latest_yearly": 0,
            "eps_growth_yearly": 0
        },
        "20121": {
            "year_quarter": 20121,
            "year": 2012,
            "quarter": 1,
            "eps": null,
            "eps_growth_year": null,
            "eps_4q": null,
            "eps_4q_growth_year": null,
            "roe": null,
            "roe_4q": 0,
            "gross_profit": 154155,
            "gross_margin": null,
            "gross_margin_4q_avg": 0,
            "net_income": 59180,
            "revenue": 497510,
            "common_shares": 615505,
            "book_valuer_per_share": null,
            "book_valuer_per_share_4q_avg": 8.32,
            "equity": 1190907,
            "current_ratio": null,
            "debt_ratio": null,
            "inventory_turnover_ratio": null,
            "account_receivable_turnover_ratio": null,
            "reinvestment_rate": null,
            "research_to_sale_ratio": null,
            "price_fair": 0,
            "eps_avg_yearly": 0,
            "eps_latest_yearly": 0,
            "eps_growth_yearly": 0
        },
        "20122": {
            "year_quarter": 20122,
            "year": 2012,
            "quarter": 2,
            "eps": null,
            "eps_growth_year": null,
            "eps_4q": null,
            "eps_4q_growth_year": null,
            "roe": null,
            "roe_4q": 0,
            "gross_profit": 240557,
            "gross_margin": null,
            "gross_margin_4q_avg": 0,
            "net_income": 101094,
            "revenue": 858712,
            "common_shares": 615505,
            "book_valuer_per_share": 17.85,
            "book_valuer_per_share_4q_avg": 9.06,
            "equity": 1109773,
            "current_ratio": 139.49,
            "debt_ratio": 66.03,
            "inventory_turnover_ratio": null,
            "account_receivable_turnover_ratio": null,
            "reinvestment_rate": null,
            "research_to_sale_ratio": null,
            "price_fair": 0,
            "eps_avg_yearly": 0,
            "eps_latest_yearly": 0,
            "eps_growth_yearly": 0
        },
        "20123": {
            "year_quarter": 20123,
            "year": 2012,
            "quarter": 3,
            "eps": null,
            "eps_growth_year": null,
            "eps_4q": null,
            "eps_4q_growth_year": null,
            "roe": null,
            "roe_4q": 0,
            "gross_profit": 132678,
            "gross_margin": null,
            "gross_margin_4q_avg": 0,
            "net_income": 3422,
            "revenue": 461136,
            "common_shares": 615505,
            "book_valuer_per_share": null,
            "book_valuer_per_share_4q_avg": 9.06,
            "equity": 1104499,
            "current_ratio": null,
            "debt_ratio": null,
            "inventory_turnover_ratio": null,
            "account_receivable_turnover_ratio": null,
            "reinvestment_rate": null,
            "research_to_sale_ratio": null,
            "price_fair": 0,
            "eps_avg_yearly": 0,
            "eps_latest_yearly": 0,
            "eps_growth_yearly": 0
        },
        "20124": {
            "year_quarter": 20124,
            "year": 2012,
            "quarter": 4,
            "eps": null,
            "eps_growth_year": null,
            "eps_4q": null,
            "eps_4q_growth_year": null,
            "roe": null,
            "roe_4q": 0,
            "gross_profit": 130824,
            "gross_margin": null,
            "gross_margin_4q_avg": 0,
            "net_income": -14774,
            "revenue": 443516,
            "common_shares": 615505,
            "book_valuer_per_share": 17.54,
            "book_valuer_per_share_4q_avg": 8.85,
            "equity": 1089745,
            "current_ratio": 185.94,
            "debt_ratio": 59.53,
            "inventory_turnover_ratio": null,
            "account_receivable_turnover_ratio": null,
            "reinvestment_rate": null,
            "research_to_sale_ratio": null,
            "price_fair": 0,
            "eps_avg_yearly": 0,
            "eps_latest_yearly": 0,
            "eps_growth_yearly": 0
        },
        "20131": {
            "year_quarter": 20131,
            "year": 2013,
            "quarter": 1,
            "eps": 0.73,
            "eps_growth_year": null,
            "eps_4q": 0.73,
            "eps_4q_growth_year": null,
            "roe": 4,
            "roe_4q": 4,
            "gross_profit": 125500,
            "gross_margin": 34.07,
            "gross_margin_4q_avg": 8.52,
            "net_income": 44781,
            "revenue": 368366,
            "common_shares": 615505,
            "book_valuer_per_share": 18.51,
            "book_valuer_per_share_4q_avg": 13.48,
            "equity": 1148667,
            "current_ratio": 173.53,
            "debt_ratio": 60.79,
            "inventory_turnover_ratio": 0.27,
            "account_receivable_turnover_ratio": 0.54,
            "reinvestment_rate": null,
            "research_to_sale_ratio": 6.13,
            "price_fair": 0,
            "eps_avg_yearly": 0,
            "eps_latest_yearly": 0,
            "eps_growth_yearly": 0
        },
        "20132": {
            "year_quarter": 20132,
            "year": 2013,
            "quarter": 2,
            "eps": 0.74,
            "eps_growth_year": null,
            "eps_4q": 1.48,
            "eps_4q_growth_year": null,
            "roe": 4.24,
            "roe_4q": 8.24,
            "gross_profit": 181303,
            "gross_margin": 29.37,
            "gross_margin_4q_avg": 15.86,
            "net_income": 46709,
            "revenue": 617242,
            "common_shares": 615505,
            "book_valuer_per_share": 16.98,
            "book_valuer_per_share_4q_avg": 13.26,
            "equity": 1055831,
            "current_ratio": 161.44,
            "debt_ratio": 63.65,
            "inventory_turnover_ratio": 0.47,
            "account_receivable_turnover_ratio": 0.91,
            "reinvestment_rate": null,
            "research_to_sale_ratio": 3.8,
            "price_fair": 45.82,
            "eps_avg_yearly": 2.96,
            "eps_latest_yearly": 2.96,
            "eps_growth_yearly": 5.48
        },
        "20133": {
            "year_quarter": 20133,
            "year": 2013,
            "quarter": 3,
            "eps": 0.95,
            "eps_growth_year": null,
            "eps_4q": 2.43,
            "eps_4q_growth_year": null,
            "roe": 5.48,
            "roe_4q": 13.72,
            "gross_profit": 173043,
            "gross_margin": 27.52,
            "gross_margin_4q_avg": 22.74,
            "net_income": 59280,
            "revenue": 628845,
            "common_shares": 615505,
            "book_valuer_per_share": 17.83,
            "book_valuer_per_share_4q_avg": 17.72,
            "equity": 1108450,
            "current_ratio": 166.54,
            "debt_ratio": 61.69,
            "inventory_turnover_ratio": 0.51,
            "account_receivable_turnover_ratio": 0.86,
            "reinvestment_rate": null,
            "research_to_sale_ratio": 3.92,
            "price_fair": 118.3,
            "eps_avg_yearly": 3.38,
            "eps_latest_yearly": 3.8,
            "eps_growth_yearly": 59.5
        },
        "20134": {
            "year_quarter": 20134,
            "year": 2013,
            "quarter": 4,
            "eps": 0.19,
            "eps_growth_year": null,
            "eps_4q": 2.35,
            "eps_4q_growth_year": null,
            "roe": 1.15,
            "roe_4q": 14.870000000000001,
            "gross_profit": 170907,
            "gross_margin": 29.38,
            "gross_margin_4q_avg": 30.09,
            "net_income": 14299,
            "revenue": 581796,
            "common_shares": 692455,
            "book_valuer_per_share": 19.59,
            "book_valuer_per_share_4q_avg": 18.23,
            "equity": 1368566,
            "current_ratio": 195.66,
            "debt_ratio": 54.06,
            "inventory_turnover_ratio": 0.52,
            "account_receivable_turnover_ratio": 0.66,
            "reinvestment_rate": null,
            "research_to_sale_ratio": 5.72,
            "price_fair": 7.52,
            "eps_avg_yearly": 2.51,
            "eps_latest_yearly": 0.76,
            "eps_growth_yearly": -67
        },
        "20141": {
            "year_quarter": 20141,
            "year": 2014,
            "quarter": 1,
            "eps": 0.77,
            "eps_growth_year": 5.48,
            "eps_4q": 2.47,
            "eps_4q_growth_year": 236.77,
            "roe": 3.92,
            "roe_4q": 14.790000000000001,
            "gross_profit": 158818,
            "gross_margin": 33.44,
            "gross_margin_4q_avg": 29.93,
            "net_income": 54684,
            "revenue": 474996,
            "common_shares": 692455,
            "book_valuer_per_share": 20.33,
            "book_valuer_per_share_4q_avg": 18.68,
            "equity": 1421185,
            "current_ratio": 184.5,
            "debt_ratio": 55.8,
            "inventory_turnover_ratio": 0.4,
            "account_receivable_turnover_ratio": 0.44,
            "reinvestment_rate": null,
            "research_to_sale_ratio": 4.83,
            "price_fair": 92.75,
            "eps_avg_yearly": 2.65,
            "eps_latest_yearly": 3.08,
            "eps_growth_yearly": 255.01
        },
        "20142": {
            "year_quarter": 20142,
            "year": 2014,
            "quarter": 2,
            "eps": 1.12,
            "eps_growth_year": 51.35,
            "eps_4q": 2.85,
            "eps_4q_growth_year": 93.07,
            "roe": 5.95,
            "roe_4q": 16.5,
            "gross_profit": 223311,
            "gross_margin": 34.53,
            "gross_margin_4q_avg": 31.22,
            "net_income": 82565,
            "revenue": 646669,
            "common_shares": 692455,
            "book_valuer_per_share": 19.36,
            "book_valuer_per_share_4q_avg": 19.28,
            "equity": 1355024,
            "current_ratio": 175.45,
            "debt_ratio": 56.95,
            "inventory_turnover_ratio": 0.52,
            "account_receivable_turnover_ratio": 0.57,
            "reinvestment_rate": null,
            "research_to_sale_ratio": 4.51,
            "price_fair": 105.56,
            "eps_avg_yearly": 3.02,
            "eps_latest_yearly": 4.48,
            "eps_growth_yearly": 240.37
        },
        "20143": {
            "year_quarter": 20143,
            "year": 2014,
            "quarter": 3,
            "eps": 0.59,
            "eps_growth_year": -37.89,
            "eps_4q": 2.64,
            "eps_4q_growth_year": 8.56,
            "roe": 3.19,
            "roe_4q": 14.21,
            "gross_profit": 184185,
            "gross_margin": 30.23,
            "gross_margin_4q_avg": 31.9,
            "net_income": 44166,
            "revenue": 609200,
            "common_shares": 727078,
            "book_valuer_per_share": 19.23,
            "book_valuer_per_share_4q_avg": 19.63,
            "equity": 1413595,
            "current_ratio": 182.4,
            "debt_ratio": 54.31,
            "inventory_turnover_ratio": 0.56,
            "account_receivable_turnover_ratio": 0.55,
            "reinvestment_rate": null,
            "research_to_sale_ratio": 4.13,
            "price_fair": 101.73,
            "eps_avg_yearly": 2.91,
            "eps_latest_yearly": 2.36,
            "eps_growth_yearly": 168.76
        },
        "20144": {
            "year_quarter": 20144,
            "year": 2014,
            "quarter": 4,
            "eps": 0.82,
            "eps_growth_year": 324.97,
            "eps_4q": 3.27,
            "eps_4q_growth_year": 39.07,
            "roe": 4.22,
            "roe_4q": 17.28,
            "gross_profit": 203500,
            "gross_margin": 30.49,
            "gross_margin_4q_avg": 32.17,
            "net_income": 61323,
            "revenue": 667327,
            "common_shares": 727078,
            "book_valuer_per_share": 20.25,
            "book_valuer_per_share_4q_avg": 19.79,
            "equity": 1489879,
            "current_ratio": 191.48,
            "debt_ratio": 51.72,
            "inventory_turnover_ratio": 0.7,
            "account_receivable_turnover_ratio": 0.57,
            "reinvestment_rate": null,
            "research_to_sale_ratio": 4.33,
            "price_fair": 103.6,
            "eps_avg_yearly": 2.96,
            "eps_latest_yearly": 3.28,
            "eps_growth_yearly": 166.93
        },
        "20151": {
            "year_quarter": 20151,
            "year": 2015,
            "quarter": 1,
            "eps": 0.77,
            "eps_growth_year": 0,
            "eps_4q": 3.31,
            "eps_4q_growth_year": 33.68,
            "roe": 3.75,
            "roe_4q": 17.11,
            "gross_profit": 139008,
            "gross_margin": 28.7,
            "gross_margin_4q_avg": 30.99,
            "net_income": 56927,
            "revenue": 484371,
            "common_shares": 727078,
            "book_valuer_per_share": 20.99,
            "book_valuer_per_share_4q_avg": 19.96,
            "equity": 1543841,
            "current_ratio": 224.69,
            "debt_ratio": 52.48,
            "inventory_turnover_ratio": 0.57,
            "account_receivable_turnover_ratio": 0.41,
            "reinvestment_rate": null,
            "research_to_sale_ratio": 4.59,
            "price_fair": 104.13,
            "eps_avg_yearly": 2.98,
            "eps_latest_yearly": 3.08,
            "eps_growth_yearly": 143.02
        },
        "20152": {
            "year_quarter": 20152,
            "year": 2015,
            "quarter": 2,
            "eps": 1.07,
            "eps_growth_year": -4.46,
            "eps_4q": 3.05,
            "eps_4q_growth_year": 7.01,
            "roe": 5.67,
            "roe_4q": 16.830000000000002,
            "gross_profit": 203080,
            "gross_margin": 35.48,
            "gross_margin_4q_avg": 31.23,
            "net_income": 86276,
            "revenue": 572298,
            "common_shares": 727078,
            "book_valuer_per_share": 20.38,
            "book_valuer_per_share_4q_avg": 20.21,
            "equity": 1499961,
            "current_ratio": 211.48,
            "debt_ratio": 53.95,
            "inventory_turnover_ratio": 0.59,
            "account_receivable_turnover_ratio": 0.48,
            "reinvestment_rate": null,
            "research_to_sale_ratio": 4.81,
            "price_fair": 109.2,
            "eps_avg_yearly": 3.12,
            "eps_latest_yearly": 4.28,
            "eps_growth_yearly": 144.44
        },
        "20153": {
            "year_quarter": 20153,
            "year": 2015,
            "quarter": 3,
            "eps": 1.15,
            "eps_growth_year": 94.92,
            "eps_4q": 3.66,
            "eps_4q_growth_year": 38.8,
            "roe": 6.06,
            "roe_4q": 19.7,
            "gross_profit": 162111,
            "gross_margin": 34.93,
            "gross_margin_4q_avg": 32.4,
            "net_income": 94500,
            "revenue": 464167,
            "common_shares": 799786,
            "book_valuer_per_share": 19.96,
            "book_valuer_per_share_4q_avg": 20.4,
            "equity": 1617087,
            "current_ratio": 243.51,
            "debt_ratio": 47.63,
            "inventory_turnover_ratio": 0.5,
            "account_receivable_turnover_ratio": 0.4,
            "reinvestment_rate": null,
            "research_to_sale_ratio": 5.33,
            "price_fair": 114.38,
            "eps_avg_yearly": 3.27,
            "eps_latest_yearly": 4.6,
            "eps_growth_yearly": 132.99
        },
        "20154": {
            "year_quarter": 20154,
            "year": 2015,
            "quarter": 4,
            "eps": -0.45,
            "eps_growth_year": -155.61,
            "eps_4q": 2.47,
            "eps_4q_growth_year": -24.56,
            "roe": -2.14,
            "roe_4q": 13.34,
            "gross_profit": 116454,
            "gross_margin": 28.58,
            "gross_margin_4q_avg": 31.92,
            "net_income": -33977,
            "revenue": 407427,
            "common_shares": 799786,
            "book_valuer_per_share": 19.23,
            "book_valuer_per_share_4q_avg": 20.14,
            "equity": 1560901,
            "current_ratio": 242.73,
            "debt_ratio": 48.11,
            "inventory_turnover_ratio": 0.53,
            "account_receivable_turnover_ratio": 0.4,
            "reinvestment_rate": -14.28,
            "research_to_sale_ratio": 4.64,
            "price_fair": 114.38,
            "eps_avg_yearly": 3.27,
            "eps_latest_yearly": 4.6,
            "eps_growth_yearly": 132.99
        },
        "20161": {
            "year_quarter": 20161,
            "year": 2016,
            "quarter": 1,
            "eps": 0.57,
            "eps_growth_year": -25.97,
            "eps_4q": 2.33,
            "eps_4q_growth_year": -29.4,
            "roe": 2.95,
            "roe_4q": 12.54,
            "gross_profit": 119702,
            "gross_margin": 27.18,
            "gross_margin_4q_avg": 31.54,
            "net_income": 46695,
            "revenue": 440388,
            "common_shares": 799786,
            "book_valuer_per_share": 19.76,
            "book_valuer_per_share_4q_avg": 19.83,
            "equity": 1603831,
            "current_ratio": 228.99,
            "debt_ratio": 49.35,
            "inventory_turnover_ratio": 0.58,
            "account_receivable_turnover_ratio": 0.49,
            "reinvestment_rate": -11.22,
            "research_to_sale_ratio": 3.68,
            "price_fair": 114.38,
            "eps_avg_yearly": 3.27,
            "eps_latest_yearly": 4.6,
            "eps_growth_yearly": 132.99
        },
        "20162": {
            "year_quarter": 20162,
            "year": 2016,
            "quarter": 2,
            "eps": 0.47,
            "eps_growth_year": -56.07,
            "eps_4q": 1.74,
            "eps_4q_growth_year": -43.12,
            "roe": 2.55,
            "roe_4q": 9.42,
            "gross_profit": 137566,
            "gross_margin": 26.6,
            "gross_margin_4q_avg": 29.32,
            "net_income": 39667,
            "revenue": 517212,
            "common_shares": 799786,
            "book_valuer_per_share": 18.52,
            "book_valuer_per_share_4q_avg": 19.37,
            "equity": 1503230,
            "current_ratio": 199.55,
            "debt_ratio": 55.01,
            "inventory_turnover_ratio": 0.67,
            "account_receivable_turnover_ratio": 0.55,
            "reinvestment_rate": -15.58,
            "research_to_sale_ratio": 5.01,
            "price_fair": 109.96,
            "eps_avg_yearly": 3.14,
            "eps_latest_yearly": 1.88,
            "eps_growth_yearly": 114.52
        },
        "20163": {
            "year_quarter": 20163,
            "year": 2016,
            "quarter": 3,
            "eps": 0.47,
            "eps_growth_year": -59.13,
            "eps_4q": 1.06,
            "eps_4q_growth_year": -71.09,
            "roe": 2.55,
            "roe_4q": 5.91,
            "gross_profit": 150361,
            "gross_margin": 31.88,
            "gross_margin_4q_avg": 28.56,
            "net_income": 38455,
            "revenue": 471699,
            "common_shares": 799786,
            "book_valuer_per_share": 18.69,
            "book_valuer_per_share_4q_avg": 19.05,
            "equity": 1517519,
            "current_ratio": 196.66,
            "debt_ratio": 55.21,
            "inventory_turnover_ratio": 0.51,
            "account_receivable_turnover_ratio": 0.47,
            "reinvestment_rate": -13.17,
            "research_to_sale_ratio": 6.12,
            "price_fair": 106.28,
            "eps_avg_yearly": 3.04,
            "eps_latest_yearly": 1.88,
            "eps_growth_yearly": 104.97
        },
        "20164": {
            "year_quarter": 20164,
            "year": 2016,
            "quarter": 4,
            "eps": 0.7,
            "eps_growth_year": null,
            "eps_4q": 2.22,
            "eps_4q_growth_year": -10.15,
            "roe": 3.82,
            "roe_4q": 11.869999999999997,
            "gross_profit": 177568,
            "gross_margin": 30.2,
            "gross_margin_4q_avg": 28.97,
            "net_income": 58817,
            "revenue": 587929,
            "common_shares": 799786,
            "book_valuer_per_share": 19.23,
            "book_valuer_per_share_4q_avg": 19.05,
            "equity": 1563088,
            "current_ratio": 182.16,
            "debt_ratio": 57.95,
            "inventory_turnover_ratio": 0.55,
            "account_receivable_turnover_ratio": 0.52,
            "reinvestment_rate": -11.48,
            "research_to_sale_ratio": 6.02,
            "price_fair": 105.65,
            "eps_avg_yearly": 3.02,
            "eps_latest_yearly": 2.8,
            "eps_growth_yearly": 111.96
        },
        "20171": {
            "year_quarter": 20171,
            "year": 2017,
            "quarter": 1,
            "eps": 0.19,
            "eps_growth_year": -66.67,
            "eps_4q": 1.83,
            "eps_4q_growth_year": -21.45,
            "roe": 0.95,
            "roe_4q": 9.87,
            "gross_profit": 189019,
            "gross_margin": 30.04,
            "gross_margin_4q_avg": 29.68,
            "net_income": 14778,
            "revenue": 629149,
            "common_shares": 799786,
            "book_valuer_per_share": 18.93,
            "book_valuer_per_share_4q_avg": 18.84,
            "equity": 1539097,
            "current_ratio": 171.35,
            "debt_ratio": 60.32,
            "inventory_turnover_ratio": 0.49,
            "account_receivable_turnover_ratio": 0.5,
            "reinvestment_rate": -10.62,
            "research_to_sale_ratio": 4.72,
            "price_fair": 100,
            "eps_avg_yearly": 2.86,
            "eps_latest_yearly": 0.76,
            "eps_growth_yearly": 83.14
        },
        "20172": {
            "year_quarter": 20172,
            "year": 2017,
            "quarter": 2,
            "eps": 1.24,
            "eps_growth_year": 163.83,
            "eps_4q": 2.6,
            "eps_4q_growth_year": 50.03,
            "roe": 6.47,
            "roe_4q": 13.79,
            "gross_profit": 232807,
            "gross_margin": 27.04,
            "gross_margin_4q_avg": 29.79,
            "net_income": 99334,
            "revenue": 860947,
            "common_shares": 799786,
            "book_valuer_per_share": 18.87,
            "book_valuer_per_share_4q_avg": 18.93,
            "equity": 1529697,
            "current_ratio": 160.04,
            "debt_ratio": 63.42,
            "inventory_turnover_ratio": 0.58,
            "account_receivable_turnover_ratio": 0.61,
            "reinvestment_rate": -8.93,
            "research_to_sale_ratio": 2.9,
            "price_fair": 105,
            "eps_avg_yearly": 3,
            "eps_latest_yearly": 4.96,
            "eps_growth_yearly": 240.65
        },
        "20173": {
            "year_quarter": 20173,
            "year": 2017,
            "quarter": 3,
            "eps": 1.61,
            "eps_growth_year": 242.55,
            "eps_4q": 3.74,
            "eps_4q_growth_year": 253.62,
            "roe": 8.12,
            "roe_4q": 19.36,
            "gross_profit": 286989,
            "gross_margin": 27.77,
            "gross_margin_4q_avg": 28.76,
            "net_income": 130209,
            "revenue": 1033520,
            "common_shares": 801341,
            "book_valuer_per_share": 20.68,
            "book_valuer_per_share_4q_avg": 19.43,
            "equity": 1678959,
            "current_ratio": 171.52,
            "debt_ratio": 63.94,
            "inventory_turnover_ratio": 0.64,
            "account_receivable_turnover_ratio": 0.62,
            "reinvestment_rate": -2.78,
            "research_to_sale_ratio": 3.15,
            "price_fair": 111.6,
            "eps_avg_yearly": 3.19,
            "eps_latest_yearly": 6.44,
            "eps_growth_yearly": 241.06
        },
        "20174": {
            "year_quarter": 20174,
            "year": 2017,
            "quarter": 4,
            "eps": 1.3,
            "eps_growth_year": 83.73,
            "eps_4q": 4.33,
            "eps_4q_growth_year": 95.54,
            "roe": 6.05,
            "roe_4q": 21.589999999999996,
            "gross_profit": 282403,
            "gross_margin": 27.76,
            "gross_margin_4q_avg": 28.15,
            "net_income": 104718,
            "revenue": 1017336,
            "common_shares": 801341,
            "book_valuer_per_share": 21.99,
            "book_valuer_per_share_4q_avg": 20.12,
            "equity": 1785097,
            "current_ratio": 175.9,
            "debt_ratio": 63.63,
            "inventory_turnover_ratio": 0.62,
            "account_receivable_turnover_ratio": 0.56,
            "reinvestment_rate": 1.97,
            "research_to_sale_ratio": 3.94,
            "price_fair": 122.7,
            "eps_avg_yearly": 3.51,
            "eps_latest_yearly": 5.2,
            "eps_growth_yearly": 258.42
        },
        "20181": {
            "year_quarter": 20181,
            "year": 2018,
            "quarter": 1,
            "eps": 1.21,
            "eps_growth_year": 536.84,
            "eps_4q": 5.35,
            "eps_4q_growth_year": 191.82,
            "roe": 5.27,
            "roe_4q": 25.909999999999997,
            "gross_profit": 244402,
            "gross_margin": 25.25,
            "gross_margin_4q_avg": 26.96,
            "net_income": 97020,
            "revenue": 967780,
            "common_shares": 801341,
            "book_valuer_per_share": 23.42,
            "book_valuer_per_share_4q_avg": 21.24,
            "equity": 1900127,
            "current_ratio": 185.01,
            "debt_ratio": 61.12,
            "inventory_turnover_ratio": 0.57,
            "account_receivable_turnover_ratio": 0.52,
            "reinvestment_rate": 2.54,
            "research_to_sale_ratio": 2.95,
            "price_fair": 127.1,
            "eps_avg_yearly": 3.63,
            "eps_latest_yearly": 4.84,
            "eps_growth_yearly": 169.22
        },
        "20182": {
            "year_quarter": 20182,
            "year": 2018,
            "quarter": 2,
            "eps": 1.87,
            "eps_growth_year": 50.81,
            "eps_4q": 5.98,
            "eps_4q_growth_year": 129.62,
            "roe": 8.17,
            "roe_4q": 27.61,
            "gross_profit": 325425,
            "gross_margin": 29.6,
            "gross_margin_4q_avg": 27.6,
            "net_income": 152523,
            "revenue": 1099276,
            "common_shares": 801341,
            "book_valuer_per_share": 22.54,
            "book_valuer_per_share_4q_avg": 22.16,
            "equity": 1832619,
            "current_ratio": 175.67,
            "debt_ratio": 61.44,
            "inventory_turnover_ratio": 0.61,
            "account_receivable_turnover_ratio": 0.54,
            "reinvestment_rate": 3.1,
            "research_to_sale_ratio": 4.47,
            "price_fair": 134.6,
            "eps_avg_yearly": 3.85,
            "eps_latest_yearly": 7.48,
            "eps_growth_yearly": 171.82
        },
        "20183": {
            "year_quarter": 20183,
            "year": 2018,
            "quarter": 3,
            "eps": 1.35,
            "eps_growth_year": -16.15,
            "eps_4q": 5.72,
            "eps_4q_growth_year": 52.7,
            "roe": 6.04,
            "roe_4q": 25.53,
            "gross_profit": 326596,
            "gross_margin": 30.52,
            "gross_margin_4q_avg": 28.28,
            "net_income": 112970,
            "revenue": 1070238,
            "common_shares": 801341,
            "book_valuer_per_share": 23.33,
            "book_valuer_per_share_4q_avg": 22.82,
            "equity": 1906252,
            "current_ratio": 206.51,
            "debt_ratio": 61.44,
            "inventory_turnover_ratio": 0.62,
            "account_receivable_turnover_ratio": 0.52,
            "reinvestment_rate": 2.28,
            "research_to_sale_ratio": 3.92,
            "price_fair": 142.2,
            "eps_avg_yearly": 4.06,
            "eps_latest_yearly": 5.4,
            "eps_growth_yearly": 177.4
        },
        "20184": {
            "year_quarter": 20184,
            "year": 2018,
            "quarter": 4,
            "eps": 1,
            "eps_growth_year": -23.02,
            "eps_4q": 5.42,
            "eps_4q_growth_year": 24.98,
            "roe": 4.37,
            "roe_4q": 23.849999999999998,
            "gross_profit": 222312,
            "gross_margin": 26.16,
            "gross_margin_4q_avg": 27.88,
            "net_income": 85347,
            "revenue": 849685,
            "common_shares": 801341,
            "book_valuer_per_share": 24.48,
            "book_valuer_per_share_4q_avg": 23.44,
            "equity": 2003703,
            "current_ratio": 236.75,
            "debt_ratio": 55.55,
            "inventory_turnover_ratio": 0.62,
            "account_receivable_turnover_ratio": 0.44,
            "reinvestment_rate": 1.4,
            "research_to_sale_ratio": 5.07,
            "price_fair": 144,
            "eps_avg_yearly": 4.11,
            "eps_latest_yearly": 4,
            "eps_growth_yearly": 158.85
        },
        "20191": {
            "year_quarter": 20191,
            "year": 2019,
            "quarter": 1,
            "eps": 0.55,
            "eps_growth_year": -54.55,
            "eps_4q": 4.76,
            "eps_4q_growth_year": -11.1,
            "roe": 2.15,
            "roe_4q": 20.729999999999997,
            "gross_profit": 109928,
            "gross_margin": 24.61,
            "gross_margin_4q_avg": 27.72,
            "net_income": 43499,
            "revenue": 446722,
            "common_shares": 801341,
            "book_valuer_per_share": 25.44,
            "book_valuer_per_share_4q_avg": 23.95,
            "equity": 2042211,
            "current_ratio": 253.95,
            "debt_ratio": 53.05,
            "inventory_turnover_ratio": 0.38,
            "account_receivable_turnover_ratio": 0.26,
            "reinvestment_rate": 2.26,
            "research_to_sale_ratio": 8.42,
            "price_fair": 141.8,
            "eps_avg_yearly": 4.05,
            "eps_latest_yearly": 2.2,
            "eps_growth_yearly": 147.74
        },
        "20192": {
            "year_quarter": 20192,
            "year": 2019,
            "quarter": 2,
            "eps": 0.54,
            "eps_growth_year": -71.12,
            "eps_4q": 3.44,
            "eps_4q_growth_year": -42.53,
            "roe": 2.26,
            "roe_4q": 14.82,
            "gross_profit": 174937,
            "gross_margin": 34.42,
            "gross_margin_4q_avg": 28.93,
            "net_income": 43303,
            "revenue": 508233,
            "common_shares": 801341,
            "book_valuer_per_share": 22.25,
            "book_valuer_per_share_4q_avg": 23.88,
            "equity": 1786563,
            "current_ratio": 205.82,
            "debt_ratio": 59.84,
            "inventory_turnover_ratio": 0.36,
            "account_receivable_turnover_ratio": 0.34,
            "reinvestment_rate": 7.17,
            "research_to_sale_ratio": 7.85,
            "price_fair": 136.5,
            "eps_avg_yearly": 3.9,
            "eps_latest_yearly": 2.16,
            "eps_growth_yearly": 136.09
        },
        "20193": {
            "year_quarter": 20193,
            "year": 2019,
            "quarter": 3,
            "eps": 0.47,
            "eps_growth_year": -65.19,
            "eps_4q": 2.56,
            "eps_4q_growth_year": -55.26,
            "roe": 2.09,
            "roe_4q": 10.870000000000001,
            "gross_profit": 114353,
            "gross_margin": 26.7,
            "gross_margin_4q_avg": 27.97,
            "net_income": 37086,
            "revenue": 428319,
            "common_shares": 801341,
            "book_valuer_per_share": 22.03,
            "book_valuer_per_share_4q_avg": 23.55,
            "equity": 1768197,
            "current_ratio": 249.86,
            "debt_ratio": 54.05,
            "inventory_turnover_ratio": 0.34,
            "account_receivable_turnover_ratio": 0.31,
            "reinvestment_rate": 5.29,
            "research_to_sale_ratio": 7.6,
            "price_fair": 129.7,
            "eps_avg_yearly": 3.71,
            "eps_latest_yearly": 1.88,
            "eps_growth_yearly": 130.25
        },
        "20194": {
            "year_quarter": 20194,
            "year": 2019,
            "quarter": 4,
            "eps": 0.66,
            "eps_growth_year": -34.24,
            "eps_4q": 2.22,
            "eps_4q_growth_year": -59.1,
            "roe": 2.94,
            "roe_4q": 9.44,
            "gross_profit": 152651,
            "gross_margin": 27.29,
            "gross_margin_4q_avg": 28.26,
            "net_income": 52546,
            "revenue": 559363,
            "common_shares": 801341,
            "book_valuer_per_share": 22.49,
            "book_valuer_per_share_4q_avg": 23.05,
            "equity": 1805160,
            "current_ratio": 246.05,
            "debt_ratio": 55.06,
            "inventory_turnover_ratio": 0.47,
            "account_receivable_turnover_ratio": 0.42,
            "reinvestment_rate": 6.06,
            "research_to_sale_ratio": 6.52,
            "price_fair": 127.21,
            "eps_avg_yearly": 3.63,
            "eps_latest_yearly": 2.64,
            "eps_growth_yearly": 132.34
        },
        "20201": {
            "year_quarter": 20201,
            "year": 2020,
            "quarter": 1,
            "eps": 0.18,
            "eps_growth_year": -67.27,
            "eps_4q": 1.85,
            "eps_4q_growth_year": -61.06,
            "roe": 0.77,
            "roe_4q": 8.059999999999999,
            "gross_profit": 92503,
            "gross_margin": 28.63,
            "gross_margin_4q_avg": 29.26,
            "net_income": 13809,
            "revenue": 323055,
            "common_shares": 801341,
            "book_valuer_per_share": 22.46,
            "book_valuer_per_share_4q_avg": 22.31,
            "equity": 1801868,
            "current_ratio": 246.74,
            "debt_ratio": 55.76,
            "inventory_turnover_ratio": 0.26,
            "account_receivable_turnover_ratio": 0.24,
            "reinvestment_rate": 10.92,
            "research_to_sale_ratio": 9.48,
            "price_fair": 120.84,
            "eps_avg_yearly": 3.45,
            "eps_latest_yearly": 0.72,
            "eps_growth_yearly": 105.89
        },
        "20202": {
            "year_quarter": 20202,
            "year": 2020,
            "quarter": 2,
            "eps": 0.82,
            "eps_growth_year": 51.85,
            "eps_4q": 2.13,
            "eps_4q_growth_year": -38.11,
            "roe": 3.68,
            "roe_4q": 9.48,
            "gross_profit": 168627,
            "gross_margin": 29.56,
            "gross_margin_4q_avg": 28.05,
            "net_income": 64199,
            "revenue": 570544,
            "common_shares": 801341,
            "book_valuer_per_share": 21,
            "book_valuer_per_share_4q_avg": 22,
            "equity": 1683485,
            "current_ratio": 204.69,
            "debt_ratio": 60.98,
            "inventory_turnover_ratio": 0.4,
            "account_receivable_turnover_ratio": 0.43,
            "reinvestment_rate": 8.52,
            "research_to_sale_ratio": 5.86,
            "price_fair": 123.9,
            "eps_avg_yearly": 3.54,
            "eps_latest_yearly": 3.28,
            "eps_growth_yearly": 199.16
        },
        "20203": {
            "year_quarter": 20203,
            "year": 2020,
            "quarter": 3,
            "eps": 0.54,
            "eps_growth_year": 14.89,
            "eps_4q": 2.2,
            "eps_4q_growth_year": -14.01,
            "roe": 2.5,
            "roe_4q": 9.889999999999999,
            "gross_profit": 198748,
            "gross_margin": 28.61,
            "gross_margin_4q_avg": 28.52,
            "net_income": 42891,
            "revenue": 694741,
            "common_shares": 801341,
            "book_valuer_per_share": 21.88,
            "book_valuer_per_share_4q_avg": 21.96,
            "equity": 1753644,
            "current_ratio": 193.83,
            "debt_ratio": 60.86,
            "inventory_turnover_ratio": 0.46,
            "account_receivable_turnover_ratio": 0.51,
            "reinvestment_rate": 8.3,
            "research_to_sale_ratio": 6.56,
            "price_fair": 124.51,
            "eps_avg_yearly": 3.56,
            "eps_latest_yearly": 2.16,
            "eps_growth_yearly": 190.63
        },
        "20204": {
            "year_quarter": 20204,
            "year": 2020,
            "quarter": 4,
            "eps": 3.69,
            "eps_growth_year": 462.4,
            "eps_4q": 5.23,
            "eps_4q_growth_year": 136.05,
            "roe": 15.36,
            "roe_4q": 22.31,
            "gross_profit": 256189,
            "gross_margin": 30.53,
            "gross_margin_4q_avg": 29.33,
            "net_income": 294619,
            "revenue": 839267,
            "common_shares": 801341,
            "book_valuer_per_share": 25.99,
            "book_valuer_per_share_4q_avg": 22.83,
            "equity": 2082436,
            "current_ratio": 135.84,
            "debt_ratio": 62.11,
            "inventory_turnover_ratio": 0.45,
            "account_receivable_turnover_ratio": 0.58,
            "reinvestment_rate": 79.59,
            "research_to_sale_ratio": 7.47,
            "price_fair": 150.68,
            "eps_avg_yearly": 4.31,
            "eps_latest_yearly": 14.76,
            "eps_growth_yearly": 324.23
        },
        "20211": {
            "year_quarter": 20211,
            "year": 2021,
            "quarter": 1,
            "eps": 1.01,
            "eps_growth_year": 461.11,
            "eps_4q": 6.06,
            "eps_4q_growth_year": 227.02,
            "roe": 3.79,
            "roe_4q": 25.33,
            "gross_profit": 230664,
            "gross_margin": 24.08,
            "gross_margin_4q_avg": 28.2,
            "net_income": 80235,
            "revenue": 958002,
            "common_shares": 801341,
            "book_valuer_per_share": 26.85,
            "book_valuer_per_share_4q_avg": 23.93,
            "equity": 2150062,
            "current_ratio": 136.8,
            "debt_ratio": 62.23,
            "inventory_turnover_ratio": 0.47,
            "account_receivable_turnover_ratio": 0.6,
            "reinvestment_rate": 75.95,
            "research_to_sale_ratio": 4.37,
            "price_fair": 157.85,
            "eps_avg_yearly": 4.51,
            "eps_latest_yearly": 4.04,
            "eps_growth_yearly": 324.28
        },
        "20212": {
            "year_quarter": 20212,
            "year": 2021,
            "quarter": 2,
            "eps": 1.52,
            "eps_growth_year": 85.37,
            "eps_4q": 6.76,
            "eps_4q_growth_year": 217.65,
            "roe": 5.82,
            "roe_4q": 27.47,
            "gross_profit": 328900,
            "gross_margin": 25.08,
            "gross_margin_4q_avg": 27.08,
            "net_income": 121242,
            "revenue": 1311148,
            "common_shares": 801341,
            "book_valuer_per_share": 25.19,
            "book_valuer_per_share_4q_avg": 24.98,
            "equity": 2017034,
            "current_ratio": 130.65,
            "debt_ratio": 65.32,
            "inventory_turnover_ratio": 0.62,
            "account_receivable_turnover_ratio": 0.72,
            "reinvestment_rate": 74.3,
            "research_to_sale_ratio": 5.45,
            "price_fair": 160.3,
            "eps_avg_yearly": 4.58,
            "eps_latest_yearly": 6.08,
            "eps_growth_yearly": 198.75
        },
        "20213": {
            "year_quarter": 20213,
            "year": 2021,
            "quarter": 3,
            "eps": 1.99,
            "eps_growth_year": 268.52,
            "eps_4q": 8.21,
            "eps_4q_growth_year": 273.23,
            "roe": 7.59,
            "roe_4q": 32.56,
            "gross_profit": 335976,
            "gross_margin": 27.67,
            "gross_margin_4q_avg": 26.84,
            "net_income": 159131,
            "revenue": 1214355,
            "common_shares": 801341,
            "book_valuer_per_share": 27.16,
            "book_valuer_per_share_4q_avg": 26.3,
            "equity": 2174219,
            "current_ratio": 163.77,
            "debt_ratio": 63.73,
            "inventory_turnover_ratio": 0.57,
            "account_receivable_turnover_ratio": 0.58,
            "reinvestment_rate": 71.82,
            "research_to_sale_ratio": 6.46,
            "price_fair": 163.63,
            "eps_avg_yearly": 4.68,
            "eps_latest_yearly": 7.96,
            "eps_growth_yearly": 199.02
        },
        "20214": {
            "year_quarter": 20214,
            "year": 2021,
            "quarter": 4,
            "eps": 0.99,
            "eps_growth_year": -73.21,
            "eps_4q": 5.51,
            "eps_4q_growth_year": 5.3,
            "roe": 3.51,
            "roe_4q": 20.71,
            "gross_profit": 254413,
            "gross_margin": 26.5,
            "gross_margin_4q_avg": 25.83,
            "net_income": 78241,
            "revenue": 960001,
            "common_shares": 801341,
            "book_valuer_per_share": 28.54,
            "book_valuer_per_share_4q_avg": 26.94,
            "equity": 2284061,
            "current_ratio": 204.23,
            "debt_ratio": 60.91,
            "inventory_turnover_ratio": 0.48,
            "account_receivable_turnover_ratio": 0.44,
            "reinvestment_rate": 65.31,
            "research_to_sale_ratio": 9.36,
            "price_fair": 160.91,
            "eps_avg_yearly": 4.6,
            "eps_latest_yearly": 3.96,
            "eps_growth_yearly": 191.27
        },
        "20221": {
            "year_quarter": 20221,
            "year": 2022,
            "quarter": 1,
            "eps": 1.13,
            "eps_growth_year": 11.88,
            "eps_4q": 5.62,
            "eps_4q_growth_year": -7.2,
            "roe": 4.09,
            "roe_4q": 21.009999999999998,
            "gross_profit": 209925,
            "gross_margin": 27.94,
            "gross_margin_4q_avg": 26.8,
            "net_income": 90011,
            "revenue": 751249,
            "common_shares": 801341,
            "book_valuer_per_share": 26.5,
            "book_valuer_per_share_4q_avg": 26.85,
            "equity": 2120248,
            "current_ratio": 180.01,
            "debt_ratio": 65.93,
            "inventory_turnover_ratio": 0.36,
            "account_receivable_turnover_ratio": 0.34,
            "reinvestment_rate": 69.04,
            "research_to_sale_ratio": 6.14,
            "price_fair": 160.21,
            "eps_avg_yearly": 4.58,
            "eps_latest_yearly": 4.52,
            "eps_growth_yearly": 196.54
        },
        "20222": {
            "year_quarter": 20222,
            "year": 2022,
            "quarter": 2,
            "eps": 2.71,
            "eps_growth_year": 78.29,
            "eps_4q": 6.82,
            "eps_4q_growth_year": 0.97,
            "roe": 9.8,
            "roe_4q": 24.99,
            "gross_profit": 198724,
            "gross_margin": 28.77,
            "gross_margin_4q_avg": 27.72,
            "net_income": 217094,
            "revenue": 690817,
            "common_shares": 801341,
            "book_valuer_per_share": 28.87,
            "book_valuer_per_share_4q_avg": 27.77,
            "equity": 2309470,
            "current_ratio": 198.62,
            "debt_ratio": 61.54,
            "inventory_turnover_ratio": 0.32,
            "account_receivable_turnover_ratio": 0.31,
            "reinvestment_rate": 64.35,
            "research_to_sale_ratio": 6.97,
            "price_fair": 167.56,
            "eps_avg_yearly": 4.79,
            "eps_latest_yearly": 10.84,
            "eps_growth_yearly": 217.86
        },
        "20223": {
            "year_quarter": 20223,
            "year": 2022,
            "quarter": 3,
            "eps": 0.21,
            "eps_growth_year": -89.45,
            "eps_4q": 5.04,
            "eps_4q_growth_year": -38.53,
            "roe": 0.72,
            "roe_4q": 18.12,
            "gross_profit": 81167,
            "gross_margin": 15.58,
            "gross_margin_4q_avg": 24.7,
            "net_income": 16743,
            "revenue": 520979,
            "common_shares": 801341,
            "book_valuer_per_share": 29.24,
            "book_valuer_per_share_4q_avg": 28.29,
            "equity": 2338832,
            "current_ratio": 226.65,
            "debt_ratio": 57.06,
            "inventory_turnover_ratio": 0.32,
            "account_receivable_turnover_ratio": 0.26,
            "reinvestment_rate": 70.13,
            "research_to_sale_ratio": 11.02,
            "price_fair": 157.59,
            "eps_avg_yearly": 4.5,
            "eps_latest_yearly": 0.84,
            "eps_growth_yearly": 201.75
        },
        "20224": {
            "year_quarter": 20224,
            "year": 2022,
            "quarter": 4,
            "eps": -0.15,
            "eps_growth_year": -115.01,
            "eps_4q": 3.91,
            "eps_4q_growth_year": -29.04,
            "roe": -0.53,
            "roe_4q": 14.08,
            "gross_profit": 106087,
            "gross_margin": 26.05,
            "gross_margin_4q_avg": 24.59,
            "net_income": -12286,
            "revenue": 407207,
            "common_shares": 801341,
            "book_valuer_per_share": 28.7,
            "book_valuer_per_share_4q_avg": 28.33,
            "equity": 2295043,
            "current_ratio": 263.78,
            "debt_ratio": 52.6,
            "inventory_turnover_ratio": 0.27,
            "account_receivable_turnover_ratio": 0.24,
            "reinvestment_rate": 75.46,
            "research_to_sale_ratio": 9.17,
            "price_fair": 158.76,
            "eps_avg_yearly": 4.54,
            "eps_latest_yearly": 0.84,
            "eps_growth_yearly": 222.11
        },
        "20231": {
            "year_quarter": 20231,
            "year": 2023,
            "quarter": 1,
            "eps": -0.29,
            "eps_growth_year": -125.66,
            "eps_4q": 2.5,
            "eps_4q_growth_year": -55.61,
            "roe": -1.02,
            "roe_4q": 8.97,
            "gross_profit": 32401,
            "gross_margin": 12.63,
            "gross_margin_4q_avg": 20.76,
            "net_income": -23402,
            "revenue": 256576,
            "common_shares": 801341,
            "book_valuer_per_share": 28.51,
            "book_valuer_per_share_4q_avg": 28.83,
            "equity": 2279933,
            "current_ratio": 313.1,
            "debt_ratio": 48.29,
            "inventory_turnover_ratio": 0.23,
            "account_receivable_turnover_ratio": 0.19,
            "reinvestment_rate": 80.29,
            "research_to_sale_ratio": 12.92,
            "price_fair": 164.6,
            "eps_avg_yearly": 4.7,
            "eps_latest_yearly": 0.84,
            "eps_growth_yearly": 250.83
        }
    },
    "months": {
        "2004-04": {
            "month": "2004-04",
            "price": "21.00",
            "revenue": 76885
        },
        "2004-05": {
            "month": "2004-05",
            "price": "21.28",
            "revenue": 65681
        },
        "2004-06": {
            "month": "2004-06",
            "price": "20.65",
            "revenue": 80461
        },
        "2004-07": {
            "month": "2004-07",
            "price": "18.64",
            "revenue": 79237
        },
        "2004-08": {
            "month": "2004-08",
            "price": "17.80",
            "revenue": 89868
        },
        "2004-09": {
            "month": "2004-09",
            "price": "16.50",
            "revenue": 88022
        },
        "2004-10": {
            "month": "2004-10",
            "price": "16.62",
            "revenue": 119207
        },
        "2004-11": {
            "month": "2004-11",
            "price": "17.30",
            "revenue": 68652
        },
        "2004-12": {
            "month": "2004-12",
            "price": "16.41",
            "revenue": 78009
        },
        "2005-01": {
            "month": "2005-01",
            "price": "16.15",
            "revenue": 73611
        },
        "2005-04": {
            "month": "2005-04",
            "price": "14.49",
            "revenue": 66939
        },
        "2005-06": {
            "month": "2005-06",
            "price": "14.86",
            "revenue": 114380
        },
        "2005-07": {
            "month": "2005-07",
            "price": "16.04",
            "revenue": 124435
        },
        "2005-08": {
            "month": "2005-08",
            "price": "16.64",
            "revenue": 157434
        },
        "2005-09": {
            "month": "2005-09",
            "price": "23.01",
            "revenue": 157509
        },
        "2005-10": {
            "month": "2005-10",
            "price": "21.84",
            "revenue": 152476
        },
        "2005-11": {
            "month": "2005-11",
            "price": "24.12",
            "revenue": 142614
        },
        "2005-12": {
            "month": "2005-12",
            "price": "24.58",
            "revenue": 163064
        },
        "2006-01": {
            "month": "2006-01",
            "price": "36.96",
            "revenue": 137981
        },
        "2006-02": {
            "month": "2006-02",
            "price": "46.53",
            "revenue": 82773
        },
        "2006-03": {
            "month": "2006-03",
            "price": "45.73",
            "revenue": 77645
        },
        "2006-04": {
            "month": "2006-04",
            "price": "43.16",
            "revenue": 109193
        },
        "2006-05": {
            "month": "2006-05",
            "price": "42.86",
            "revenue": 223055
        },
        "2006-06": {
            "month": "2006-06",
            "price": "41.84",
            "revenue": 145813
        },
        "2006-07": {
            "month": "2006-07",
            "price": "41.35",
            "revenue": 165334
        },
        "2006-08": {
            "month": "2006-08",
            "price": "41.63",
            "revenue": 167181
        },
        "2006-09": {
            "month": "2006-09",
            "price": "42.85",
            "revenue": 138571
        },
        "2006-10": {
            "month": "2006-10",
            "price": "40.71",
            "revenue": 241725
        },
        "2006-11": {
            "month": "2006-11",
            "price": "43.53",
            "revenue": 102332
        },
        "2006-12": {
            "month": "2006-12",
            "price": "48.82",
            "revenue": 177750
        },
        "2007-01": {
            "month": "2007-01",
            "price": "48.76",
            "revenue": 166442
        },
        "2007-02": {
            "month": "2007-02",
            "price": "49.62",
            "revenue": 140474
        },
        "2007-03": {
            "month": "2007-03",
            "price": "54.18",
            "revenue": 179159
        },
        "2007-04": {
            "month": "2007-04",
            "price": "62.09",
            "revenue": 206252
        },
        "2007-05": {
            "month": "2007-05",
            "price": "64.48",
            "revenue": 176189
        },
        "2007-06": {
            "month": "2007-06",
            "price": "81.63",
            "revenue": 83063
        },
        "2007-07": {
            "month": "2007-07",
            "price": "99.42",
            "revenue": 257542
        },
        "2007-08": {
            "month": "2007-08",
            "price": "98.52",
            "revenue": 208769
        },
        "2007-09": {
            "month": "2007-09",
            "price": "82.53",
            "revenue": 226541
        },
        "2007-10": {
            "month": "2007-10",
            "price": "76.21",
            "revenue": 298117
        },
        "2007-11": {
            "month": "2007-11",
            "price": "60.13",
            "revenue": 185296
        },
        "2007-12": {
            "month": "2007-12",
            "price": "45.07",
            "revenue": 189290
        },
        "2008-01": {
            "month": "2008-01",
            "price": "52.63",
            "revenue": 235276
        },
        "2008-02": {
            "month": "2008-02",
            "price": "52.74",
            "revenue": 144670
        },
        "2008-03": {
            "month": "2008-03",
            "price": "55.10",
            "revenue": 173746
        },
        "2008-04": {
            "month": "2008-04",
            "price": "56.26",
            "revenue": 120415
        },
        "2008-05": {
            "month": "2008-05",
            "price": "58.77",
            "revenue": 187697
        },
        "2008-06": {
            "month": "2008-06",
            "price": "53.73",
            "revenue": 163286
        },
        "2008-07": {
            "month": "2008-07",
            "price": "43.67",
            "revenue": 140711
        },
        "2008-08": {
            "month": "2008-08",
            "price": "42.05",
            "revenue": 151103
        },
        "2008-09": {
            "month": "2008-09",
            "price": "24.48",
            "revenue": 205489
        },
        "2008-10": {
            "month": "2008-10",
            "price": "14.81",
            "revenue": 133057
        },
        "2008-11": {
            "month": "2008-11",
            "price": "11.55",
            "revenue": 49394
        },
        "2008-12": {
            "month": "2008-12",
            "price": "9.96",
            "revenue": 52147
        },
        "2009-01": {
            "month": "2009-01",
            "price": "9.56",
            "revenue": 81718
        },
        "2009-02": {
            "month": "2009-02",
            "price": "11.23",
            "revenue": 17905
        },
        "2009-03": {
            "month": "2009-03",
            "price": "12.87",
            "revenue": 115152
        },
        "2009-04": {
            "month": "2009-04",
            "price": "16.98",
            "revenue": 96846
        },
        "2009-05": {
            "month": "2009-05",
            "price": "18.34",
            "revenue": 37393
        },
        "2009-06": {
            "month": "2009-06",
            "price": "18.99",
            "revenue": 98442
        },
        "2009-07": {
            "month": "2009-07",
            "price": "22.63",
            "revenue": 55866
        },
        "2009-08": {
            "month": "2009-08",
            "price": "22.11",
            "revenue": 67057
        },
        "2009-09": {
            "month": "2009-09",
            "price": "24.17",
            "revenue": 51887
        },
        "2009-10": {
            "month": "2009-10",
            "price": "30.61",
            "revenue": 91604
        },
        "2009-11": {
            "month": "2009-11",
            "price": "24.98",
            "revenue": 60771
        },
        "2009-12": {
            "month": "2009-12",
            "price": "21.18",
            "revenue": 80218
        },
        "2010-01": {
            "month": "2010-01",
            "price": "20.98",
            "revenue": 84332
        },
        "2010-02": {
            "month": "2010-02",
            "price": "20.54",
            "revenue": 50742
        },
        "2010-03": {
            "month": "2010-03",
            "price": "21.47",
            "revenue": 124538
        },
        "2010-04": {
            "month": "2010-04",
            "price": "24.96",
            "revenue": 117857
        },
        "2010-05": {
            "month": "2010-05",
            "price": "25.66",
            "revenue": 174395
        },
        "2010-06": {
            "month": "2010-06",
            "price": "25.13",
            "revenue": 234507
        },
        "2010-07": {
            "month": "2010-07",
            "price": "25.17",
            "revenue": 186651
        },
        "2010-08": {
            "month": "2010-08",
            "price": "25.42",
            "revenue": 258622
        },
        "2010-09": {
            "month": "2010-09",
            "price": "25.47",
            "revenue": 229958
        },
        "2010-10": {
            "month": "2010-10",
            "price": "24.39",
            "revenue": 223262
        },
        "2010-11": {
            "month": "2010-11",
            "price": "23.26",
            "revenue": 189082
        },
        "2010-12": {
            "month": "2010-12",
            "price": "25.01",
            "revenue": 141392
        },
        "2011-01": {
            "month": "2011-01",
            "price": "26.96",
            "revenue": 117987
        },
        "2011-02": {
            "month": "2011-02",
            "price": "30.32",
            "revenue": 67031
        },
        "2011-03": {
            "month": "2011-03",
            "price": "32.33",
            "revenue": 106095
        },
        "2011-04": {
            "month": "2011-04",
            "price": "42.10",
            "revenue": 127212
        },
        "2011-05": {
            "month": "2011-05",
            "price": "48.57",
            "revenue": 121884
        },
        "2011-06": {
            "month": "2011-06",
            "price": "57.31",
            "revenue": 218418
        },
        "2011-07": {
            "month": "2011-07",
            "price": "48.83",
            "revenue": 150678
        },
        "2011-08": {
            "month": "2011-08",
            "price": "40.17",
            "revenue": 251573
        },
        "2011-09": {
            "month": "2011-09",
            "price": "36.20",
            "revenue": 225064
        },
        "2011-10": {
            "month": "2011-10",
            "price": "33.74",
            "revenue": 210506
        },
        "2011-11": {
            "month": "2011-11",
            "price": "32.35",
            "revenue": 227303
        },
        "2011-12": {
            "month": "2011-12",
            "price": "29.50",
            "revenue": 93897
        },
        "2012-01": {
            "month": "2012-01",
            "price": "33.13",
            "revenue": 121348
        },
        "2012-02": {
            "month": "2012-02",
            "price": "39.75",
            "revenue": 141849
        },
        "2012-03": {
            "month": "2012-03",
            "price": "46.04",
            "revenue": 144201
        },
        "2012-04": {
            "month": "2012-04",
            "price": "47.33",
            "revenue": 152841
        },
        "2012-05": {
            "month": "2012-05",
            "price": "42.77",
            "revenue": 346432
        },
        "2012-06": {
            "month": "2012-06",
            "price": "41.51",
            "revenue": 305703
        },
        "2012-07": {
            "month": "2012-07",
            "price": "44.19",
            "revenue": 150077
        },
        "2012-08": {
            "month": "2012-08",
            "price": "44.66",
            "revenue": 135401
        },
        "2012-09": {
            "month": "2012-09",
            "price": "43.42",
            "revenue": 133596
        },
        "2012-10": {
            "month": "2012-10",
            "price": "36.67",
            "revenue": 44526
        },
        "2012-11": {
            "month": "2012-11",
            "price": "28.98",
            "revenue": 35008
        },
        "2012-12": {
            "month": "2012-12",
            "price": "28.37",
            "revenue": 118372
        },
        "2013-01": {
            "month": "2013-01",
            "price": "28.36",
            "revenue": 110325
        },
        "2013-02": {
            "month": "2013-02",
            "price": "32.70",
            "revenue": 96843
        },
        "2013-03": {
            "month": "2013-03",
            "price": "32.98",
            "revenue": 163120
        },
        "2013-04": {
            "month": "2013-04",
            "price": "32.20",
            "revenue": 183469
        },
        "2013-05": {
            "month": "2013-05",
            "price": "33.92",
            "revenue": 241594
        },
        "2013-06": {
            "month": "2013-06",
            "price": "33.04",
            "revenue": 195185
        },
        "2013-07": {
            "month": "2013-07",
            "price": "34.29",
            "revenue": 305906
        },
        "2013-08": {
            "month": "2013-08",
            "price": "37.78",
            "revenue": 208636
        },
        "2013-09": {
            "month": "2013-09",
            "price": "38.33",
            "revenue": 113383
        },
        "2013-10": {
            "month": "2013-10",
            "price": "36.62",
            "revenue": 216504
        },
        "2013-11": {
            "month": "2013-11",
            "price": "32.94",
            "revenue": 147745
        },
        "2013-12": {
            "month": "2013-12",
            "price": "38.36",
            "revenue": 218980
        },
        "2014-01": {
            "month": "2014-01",
            "price": "39.22",
            "revenue": 137292
        },
        "2014-02": {
            "month": "2014-02",
            "price": "38.86",
            "revenue": 186072
        },
        "2014-03": {
            "month": "2014-03",
            "price": "46.06",
            "revenue": 150913
        },
        "2014-04": {
            "month": "2014-04",
            "price": "43.07",
            "revenue": 167026
        },
        "2014-05": {
            "month": "2014-05",
            "price": "41.82",
            "revenue": 226636
        },
        "2014-06": {
            "month": "2014-06",
            "price": "44.52",
            "revenue": 249466
        },
        "2014-07": {
            "month": "2014-07",
            "price": "41.96",
            "revenue": 206247
        },
        "2014-08": {
            "month": "2014-08",
            "price": "39.57",
            "revenue": 206318
        },
        "2014-09": {
            "month": "2014-09",
            "price": "38.21",
            "revenue": 195866
        },
        "2014-10": {
            "month": "2014-10",
            "price": "35.82",
            "revenue": 258525
        },
        "2014-11": {
            "month": "2014-11",
            "price": "34.74",
            "revenue": 235430
        },
        "2014-12": {
            "month": "2014-12",
            "price": "36.33",
            "revenue": 181627
        },
        "2015-01": {
            "month": "2015-01",
            "price": "37.12",
            "revenue": 204474
        },
        "2015-02": {
            "month": "2015-02",
            "price": "37.69",
            "revenue": 105944
        },
        "2015-03": {
            "month": "2015-03",
            "price": "38.25",
            "revenue": 169239
        },
        "2015-04": {
            "month": "2015-04",
            "price": "39.00",
            "revenue": 184426
        },
        "2015-05": {
            "month": "2015-05",
            "price": "37.34",
            "revenue": 220534
        },
        "2015-06": {
            "month": "2015-06",
            "price": "35.70",
            "revenue": 163331
        },
        "2015-07": {
            "month": "2015-07",
            "price": "32.98",
            "revenue": 149508
        },
        "2015-08": {
            "month": "2015-08",
            "price": "27.76",
            "revenue": 158435
        },
        "2015-09": {
            "month": "2015-09",
            "price": "27.72",
            "revenue": 151868
        },
        "2015-10": {
            "month": "2015-10",
            "price": "27.09",
            "revenue": 111541
        },
        "2015-11": {
            "month": "2015-11",
            "price": "27.94",
            "revenue": 139486
        },
        "2015-12": {
            "month": "2015-12",
            "price": "26.89",
            "revenue": 155869
        },
        "2016-01": {
            "month": "2016-01",
            "price": "25.64",
            "revenue": 170110
        },
        "2016-02": {
            "month": "2016-02",
            "price": "27.05",
            "revenue": 136546
        },
        "2016-03": {
            "month": "2016-03",
            "price": "29.82",
            "revenue": 135720
        },
        "2016-04": {
            "month": "2016-04",
            "price": "25.73",
            "revenue": 150848
        },
        "2016-05": {
            "month": "2016-05",
            "price": "23.90",
            "revenue": 170097
        },
        "2016-06": {
            "month": "2016-06",
            "price": "23.58",
            "revenue": 195647
        },
        "2016-07": {
            "month": "2016-07",
            "price": "28.18",
            "revenue": 152290
        },
        "2016-08": {
            "month": "2016-08",
            "price": "28.50",
            "revenue": 159836
        },
        "2016-09": {
            "month": "2016-09",
            "price": "26.20",
            "revenue": 160131
        },
        "2016-10": {
            "month": "2016-10",
            "price": "24.47",
            "revenue": 196422
        },
        "2016-11": {
            "month": "2016-11",
            "price": "24.58",
            "revenue": 169493
        },
        "2016-12": {
            "month": "2016-12",
            "price": "25.79",
            "revenue": 222060
        },
        "2017-01": {
            "month": "2017-01",
            "price": "27.78",
            "revenue": 209645
        },
        "2017-02": {
            "month": "2017-02",
            "price": "31.46",
            "revenue": 217854
        },
        "2017-03": {
            "month": "2017-03",
            "price": "33.32",
            "revenue": 203861
        },
        "2017-04": {
            "month": "2017-04",
            "price": "33.28",
            "revenue": 220895
        },
        "2017-05": {
            "month": "2017-05",
            "price": "31.40",
            "revenue": 240478
        },
        "2017-06": {
            "month": "2017-06",
            "price": "32.40",
            "revenue": 397510
        },
        "2017-07": {
            "month": "2017-07",
            "price": "40.41",
            "revenue": 361809
        },
        "2017-08": {
            "month": "2017-08",
            "price": "44.15",
            "revenue": 337850
        },
        "2017-09": {
            "month": "2017-09",
            "price": "44.44",
            "revenue": 339905
        },
        "2017-10": {
            "month": "2017-10",
            "price": "44.99",
            "revenue": 339164
        },
        "2017-11": {
            "month": "2017-11",
            "price": "48.06",
            "revenue": 348311
        },
        "2017-12": {
            "month": "2017-12",
            "price": "50.71",
            "revenue": 327860
        },
        "2018-01": {
            "month": "2018-01",
            "price": "54.98",
            "revenue": 364317
        },
        "2018-02": {
            "month": "2018-02",
            "price": "49.92",
            "revenue": 274811
        },
        "2018-03": {
            "month": "2018-03",
            "price": "52.57",
            "revenue": 331307
        },
        "2018-04": {
            "month": "2018-04",
            "price": "49.31",
            "revenue": 346009
        },
        "2018-05": {
            "month": "2018-05",
            "price": "48.31",
            "revenue": 354703
        },
        "2018-06": {
            "month": "2018-06",
            "price": "49.32",
            "revenue": 398346
        },
        "2018-07": {
            "month": "2018-07",
            "price": "47.64",
            "revenue": 372446
        },
        "2018-08": {
            "month": "2018-08",
            "price": "52.26",
            "revenue": 342246
        },
        "2018-09": {
            "month": "2018-09",
            "price": "46.55",
            "revenue": 353582
        },
        "2018-10": {
            "month": "2018-10",
            "price": "40.74",
            "revenue": 321265
        },
        "2018-11": {
            "month": "2018-11",
            "price": "42.05",
            "revenue": 287649
        },
        "2018-12": {
            "month": "2018-12",
            "price": "41.62",
            "revenue": 240765
        },
        "2019-01": {
            "month": "2019-01",
            "price": "40.16",
            "revenue": 192327
        },
        "2019-02": {
            "month": "2019-02",
            "price": "40.86",
            "revenue": 107270
        },
        "2019-03": {
            "month": "2019-03",
            "price": "40.88",
            "revenue": 147124
        },
        "2019-04": {
            "month": "2019-04",
            "price": "42.30",
            "revenue": 175636
        },
        "2019-05": {
            "month": "2019-05",
            "price": "40.27",
            "revenue": 160096
        },
        "2019-06": {
            "month": "2019-06",
            "price": "38.11",
            "revenue": 172501
        },
        "2019-07": {
            "month": "2019-07",
            "price": "35.71",
            "revenue": 136140
        },
        "2019-08": {
            "month": "2019-08",
            "price": "32.63",
            "revenue": 147018
        },
        "2019-09": {
            "month": "2019-09",
            "price": "32.51",
            "revenue": 145161
        },
        "2019-10": {
            "month": "2019-10",
            "price": "33.00",
            "revenue": 149891
        },
        "2019-11": {
            "month": "2019-11",
            "price": "37.45",
            "revenue": 172485
        },
        "2019-12": {
            "month": "2019-12",
            "price": "40.87",
            "revenue": 237042
        },
        "2020-01": {
            "month": "2020-01",
            "price": "41.18",
            "revenue": 114835
        },
        "2020-02": {
            "month": "2020-02",
            "price": "39.10",
            "revenue": 76311
        },
        "2020-03": {
            "month": "2020-03",
            "price": "35.68",
            "revenue": 131909
        },
        "2020-04": {
            "month": "2020-04",
            "price": "37.66",
            "revenue": 178505
        },
        "2020-05": {
            "month": "2020-05",
            "price": "40.78",
            "revenue": 159356
        },
        "2020-06": {
            "month": "2020-06",
            "price": "40.93",
            "revenue": 232683
        },
        "2020-07": {
            "month": "2020-07",
            "price": "43.27",
            "revenue": 216010
        },
        "2020-08": {
            "month": "2020-08",
            "price": "43.93",
            "revenue": 239039
        },
        "2020-09": {
            "month": "2020-09",
            "price": "43.82",
            "revenue": 239693
        },
        "2020-10": {
            "month": "2020-10",
            "price": "43.66",
            "revenue": 236273
        },
        "2020-11": {
            "month": "2020-11",
            "price": "43.23",
            "revenue": 279685
        },
        "2020-12": {
            "month": "2020-12",
            "price": "45.88",
            "revenue": 323309
        },
        "2021-01": {
            "month": "2021-01",
            "price": "44.69",
            "revenue": 331751
        },
        "2021-02": {
            "month": "2021-02",
            "price": "47.34",
            "revenue": 261572
        },
        "2021-03": {
            "month": "2021-03",
            "price": "57.21",
            "revenue": 364680
        },
        "2021-04": {
            "month": "2021-04",
            "price": "73.19",
            "revenue": 428134
        },
        "2021-05": {
            "month": "2021-05",
            "price": "63.80",
            "revenue": 437884
        },
        "2021-06": {
            "month": "2021-06",
            "price": "64.25",
            "revenue": 445129
        },
        "2021-07": {
            "month": "2021-07",
            "price": "67.95",
            "revenue": 401675
        },
        "2021-08": {
            "month": "2021-08",
            "price": "69.64",
            "revenue": 384221
        },
        "2021-09": {
            "month": "2021-09",
            "price": "69.04",
            "revenue": 428459
        },
        "2021-10": {
            "month": "2021-10",
            "price": "73.06",
            "revenue": 317794
        },
        "2021-11": {
            "month": "2021-11",
            "price": "92.29",
            "revenue": 328125
        },
        "2021-12": {
            "month": "2021-12",
            "price": "97.59",
            "revenue": 314188
        },
        "2022-01": {
            "month": "2022-01",
            "price": "85.99",
            "revenue": 263033
        },
        "2022-02": {
            "month": "2022-02",
            "price": "74.55",
            "revenue": 212787
        },
        "2022-03": {
            "month": "2022-03",
            "price": "68.93",
            "revenue": 275429
        },
        "2022-04": {
            "month": "2022-04",
            "price": "62.19",
            "revenue": 236461
        },
        "2022-05": {
            "month": "2022-05",
            "price": "59.16",
            "revenue": 221216
        },
        "2022-06": {
            "month": "2022-06",
            "price": "61.21",
            "revenue": 233140
        },
        "2022-07": {
            "month": "2022-07",
            "price": "52.17",
            "revenue": 225273
        },
        "2022-08": {
            "month": "2022-08",
            "price": "51.96",
            "revenue": 163116
        },
        "2022-09": {
            "month": "2022-09",
            "price": "47.01",
            "revenue": 132590
        },
        "2022-10": {
            "month": "2022-10",
            "price": "42.12",
            "revenue": 140349
        },
        "2022-11": {
            "month": "2022-11",
            "price": "42.39",
            "revenue": 134168
        },
        "2022-12": {
            "month": "2022-12",
            "price": "41.95",
            "revenue": 132690
        },
        "2023-01": {
            "month": "2023-01",
            "price": "41.50",
            "revenue": 112189
        },
        "2023-02": {
            "month": "2023-02",
            "price": "44.39",
            "revenue": 68818
        },
        "2023-03": {
            "month": "2023-03",
            "price": "44.39",
            "revenue": 75569
        },
        "2023-04": {
            "month": "2023-04",
            "price": "43.12",
            "revenue": 84398
        },
        "2023-05": {
            "month": "2023-05",
            "price": "41.85",
            "revenue": 88461
        }
    }
}
