{
    "summary": {
        "stock_name": "亞信",
        "stock_id": "3169",
        "category": "半導體",
        "main_business": "通信及混合信號接收處理積體電路<br>資訊及多媒體繪圖, 相關積體電路及繪圖板<br>非同步傳輸模式積體電路及模組",
        "website_url": "https://www.asix.com.tw",
        "ceo": "詹勇達",
        "pe_ratio": 33,
        "report_year_from": 2003,
        "report_year_to": 2023,
        "age": 21,
        "eps_negative_percentage": 0,
        "eps_growth_avg": {
            "last_all": 9.05,
            "last_2y": 15.02,
            "last_4y": 15.89,
            "last_8y": 16.6,
            "last_12y": 6.61,
            "last_16y": null,
            "last_20y": null,
            "at_2006_last_3y": null,
            "at_2007_last_3y": null,
            "at_2008_last_3y": null,
            "at_2009_last_3y": null,
            "at_2010_last_3y": null,
            "at_2011_last_3y": null,
            "at_2012_last_3y": 7.7,
            "at_2013_last_3y": -7.09,
            "at_2014_last_3y": -15.87,
            "at_2015_last_3y": -10.3,
            "at_2016_last_3y": -13.28,
            "at_2017_last_3y": 3.28,
            "at_2018_last_3y": 17.48,
            "at_2019_last_3y": 23.14,
            "at_2020_last_3y": 28.24,
            "at_2021_last_3y": 38.84,
            "at_2022_last_3y": 35.07,
            "at_2023_last_3y": 15.75,
            "at_2024_last_3y": 15.75,
            "at_2006_last_all": null,
            "at_2007_last_all": null,
            "at_2008_last_all": null,
            "at_2009_last_all": null,
            "at_2010_last_all": 24.91,
            "at_2011_last_all": 7.12,
            "at_2012_last_all": 7.7,
            "at_2013_last_all": 4.43,
            "at_2014_last_all": -2.27,
            "at_2015_last_all": -2.84,
            "at_2016_last_all": -2.79,
            "at_2017_last_all": 3.92,
            "at_2018_last_all": 5.63,
            "at_2019_last_all": 6.61,
            "at_2020_last_all": 7.55,
            "at_2021_last_all": 14.67,
            "at_2022_last_all": 14.04,
            "at_2023_last_all": 9.05,
            "at_2024_last_all": 9.05
        },
        "latest_eps": 4.05,
        "latest_price": 133,
        "latest_roe": 14.86,
        "latest_gross_margin": 54.28,
        "latest_equity": 1683651,
        "latest_revenue": 215762,
        "latest_gross_profit": 117112,
        "latest_net_income": 57163,
        "latest_debt_ratio": 9.05,
        "latest_current_ratio": 1087.57,
        "latest_account_receivable_turnover_ratio": 2.92,
        "latest_inventory_turnover_ratio": 0.61,
        "latest_reinvestment_rate": 0.4,
        "latest_research_to_sale_ratio": 13.49
    },
    "eps_dividends": {
        "2001": {
            "cash": 0,
            "stock": 0,
            "eps": 0
        },
        "2002": {
            "cash": 0,
            "stock": 0,
            "eps": 0
        },
        "2003": {
            "cash": 0.3,
            "stock": 0.7,
            "eps": 0
        },
        "2004": {
            "cash": 0.3,
            "stock": 0.2,
            "eps": 0
        },
        "2005": {
            "cash": 0.5,
            "stock": 0.1,
            "eps": 0
        },
        "2006": {
            "cash": 0.5,
            "stock": 0,
            "eps": 0
        },
        "2007": {
            "cash": 0.61,
            "stock": 0,
            "eps": 0
        },
        "2008": {
            "cash": 1.4,
            "stock": 0,
            "eps": 1.88
        },
        "2009": {
            "cash": 1.7,
            "stock": 0.1,
            "eps": 2.83
        },
        "2010": {
            "cash": 2.1,
            "stock": 0,
            "eps": 2.81
        },
        "2011": {
            "cash": 2.5,
            "stock": 0,
            "eps": 2.01
        },
        "2012": {
            "cash": 2,
            "stock": 0,
            "eps": 2.2
        },
        "2013": {
            "cash": 2,
            "stock": 0,
            "eps": 2.01
        },
        "2014": {
            "cash": 2,
            "stock": 0,
            "eps": 1.29
        },
        "2015": {
            "cash": 1.5,
            "stock": 0,
            "eps": 1.21
        },
        "2016": {
            "cash": 1.5,
            "stock": 0,
            "eps": 1.18
        },
        "2017": {
            "cash": 1,
            "stock": 0,
            "eps": 1.86
        },
        "2018": {
            "cash": 1.8,
            "stock": 0,
            "eps": 2.25
        },
        "2019": {
            "cash": 2,
            "stock": 0,
            "eps": 2.62
        },
        "2020": {
            "cash": 2.1,
            "stock": 0,
            "eps": 3.09
        },
        "2021": {
            "cash": 2.5,
            "stock": 0,
            "eps": 6.29
        },
        "2022": {
            "cash": 5,
            "stock": 0,
            "eps": 6.66
        },
        "2023": {
            "cash": 5.5,
            "stock": 0,
            "eps": 2.61
        }
    },
    "dividends": {
        "2003-05-15": {
            "cash": 0.3,
            "stock": 0.7
        },
        "2004-03-17": {
            "cash": 0.3,
            "stock": 0.2
        },
        "2005-03-21": {
            "cash": 0.5,
            "stock": 0.1
        },
        "2006-03-13": {
            "cash": 0.5,
            "stock": 0
        },
        "2007-05-10": {
            "cash": 0.61,
            "stock": 0
        },
        "2008-03-05": {
            "cash": 1.4,
            "stock": 0
        },
        "2009-03-03": {
            "cash": 1.7,
            "stock": 0.1
        },
        "2010-02-25": {
            "cash": 2.1,
            "stock": 0
        },
        "2011-03-02": {
            "cash": 2.5,
            "stock": 0
        },
        "2012-03-05": {
            "cash": 2,
            "stock": 0
        },
        "2013-05-22": {
            "cash": 2,
            "stock": 0
        },
        "2014-05-29": {
            "cash": 2,
            "stock": 0
        },
        "2015-07-10": {
            "cash": 1.5,
            "stock": 0
        },
        "2016-08-05": {
            "cash": 1.5,
            "stock": 0
        },
        "2017-07-12": {
            "cash": 1,
            "stock": 0
        },
        "2018-07-31": {
            "cash": 1.8,
            "stock": 0
        },
        "2019-07-31": {
            "cash": 2,
            "stock": 0
        },
        "2020-08-05": {
            "cash": 2.1,
            "stock": 0
        },
        "2021-09-16": {
            "cash": 2.5,
            "stock": 0
        },
        "2022-09-07": {
            "cash": 5,
            "stock": 0
        },
        "2023-07-26": {
            "cash": 5.5,
            "stock": 0
        }
    },
    "prices": {
        "200101": "無",
        "200102": "無",
        "200103": "無",
        "200104": "無",
        "200105": "無",
        "200106": "無",
        "200107": "無",
        "200108": "無",
        "200109": "無",
        "200110": "無",
        "200111": "無",
        "200112": "無",
        "200201": "無",
        "200202": "無",
        "200203": "無",
        "200204": "無",
        "200205": "無",
        "200206": "無",
        "200207": "無",
        "200208": "無",
        "200209": "無",
        "200210": "無",
        "200211": "無",
        "200212": "無",
        "200301": "無",
        "200302": "無",
        "200303": "無",
        "200304": "無",
        "200305": "無",
        "200306": "無",
        "200307": "無",
        "200308": "無",
        "200309": "無",
        "200310": "無",
        "200311": "無",
        "200312": "無",
        "200401": "無",
        "200402": "無",
        "200403": "無",
        "200404": "無",
        "200405": "無",
        "200406": "15.20",
        "200407": "13.50",
        "200408": "12.00",
        "200409": "8.94",
        "200410": "9.17",
        "200411": "10.72",
        "200412": "12.06",
        "200501": "12.50",
        "200502": "12.60",
        "200503": "12.68",
        "200504": "12.00",
        "200505": "11.20",
        "200506": "11.50",
        "200507": "11.44",
        "200508": "11.46",
        "200509": "11.85",
        "200510": "12.45",
        "200511": "13.99",
        "200512": "13.89",
        "200601": "14.16",
        "200602": "15.08",
        "200603": "16.21",
        "200604": "18.22",
        "200605": "19.96",
        "200606": "21.10",
        "200607": "20.65",
        "200608": "19.65",
        "200609": "20.10",
        "200610": "19.76",
        "200611": "19.36",
        "200612": "19.66",
        "200701": "31.05",
        "200702": "36.62",
        "200703": "36.10",
        "200704": "38.45",
        "200705": "41.45",
        "200706": "53.34",
        "200707": "56.89",
        "200708": "48.64",
        "200709": "42.81",
        "200710": "41.77",
        "200711": "39.42",
        "200712": "36.49",
        "200801": "32.32",
        "200802": "34.73",
        "200803": "32.27",
        "200804": "33.09",
        "200805": "36.51",
        "200806": "37.26",
        "200807": "36.51",
        "200808": "35.99",
        "200809": "30.20",
        "200810": "24.14",
        "200811": "19.57",
        "200812": "20.37",
        "200901": "20.17",
        "200902": "20.44",
        "200903": "26.41",
        "200904": "34.38",
        "200905": "39.28",
        "200906": "41.14",
        "200907": "45.53",
        "200908": "47.33",
        "200909": "48.69",
        "200910": "45.88",
        "200911": "49.08",
        "200912": "61.25",
        "201001": "61.60",
        "201002": "52.15",
        "201003": "57.89",
        "201004": "59.72",
        "201005": "52.40",
        "201006": "53.69",
        "201007": "57.46",
        "201008": "54.04",
        "201009": "54.13",
        "201010": "53.48",
        "201011": "50.76",
        "201012": "49.51",
        "201101": "42.08",
        "201102": "36.24",
        "201103": "37.52",
        "201104": "38.24",
        "201105": "37.57",
        "201106": "35.46",
        "201107": "27.15",
        "201108": "24.70",
        "201109": "26.57",
        "201110": "26.42",
        "201111": "23.77",
        "201112": "22.69",
        "201201": "23.55",
        "201202": "34.87",
        "201203": "43.86",
        "201204": "35.27",
        "201205": "32.18",
        "201206": "31.42",
        "201207": "30.83",
        "201208": "35.45",
        "201209": "35.90",
        "201210": "31.54",
        "201211": "26.91",
        "201212": "27.16",
        "201301": "29.92",
        "201302": "31.43",
        "201303": "30.55",
        "201304": "28.74",
        "201305": "28.87",
        "201306": "27.62",
        "201307": "24.60",
        "201308": "26.44",
        "201309": "26.82",
        "201310": "34.60",
        "201311": "35.93",
        "201312": "49.68",
        "201401": "49.58",
        "201402": "42.89",
        "201403": "39.02",
        "201404": "45.63",
        "201405": "41.25",
        "201406": "42.15",
        "201407": "37.78",
        "201408": "33.04",
        "201409": "32.48",
        "201410": "28.55",
        "201411": "28.02",
        "201412": "32.28",
        "201501": "36.77",
        "201502": "36.24",
        "201503": "38.52",
        "201504": "39.37",
        "201505": "35.08",
        "201506": "28.88",
        "201507": "28.76",
        "201508": "23.22",
        "201509": "25.80",
        "201510": "29.75",
        "201511": "29.74",
        "201512": "29.96",
        "201601": "27.29",
        "201602": "27.22",
        "201603": "28.34",
        "201604": "26.62",
        "201605": "24.33",
        "201606": "24.26",
        "201607": "25.17",
        "201608": "25.24",
        "201609": "24.21",
        "201610": "23.97",
        "201611": "22.38",
        "201612": "22.43",
        "201701": "23.24",
        "201702": "23.39",
        "201703": "23.69",
        "201704": "25.01",
        "201705": "28.25",
        "201706": "28.03",
        "201707": "27.67",
        "201708": "29.21",
        "201709": "30.75",
        "201710": "30.19",
        "201711": "30.71",
        "201712": "29.25",
        "201801": "29.69",
        "201802": "27.23",
        "201803": "26.57",
        "201804": "25.93",
        "201805": "26.07",
        "201806": "27.08",
        "201807": "25.06",
        "201808": "25.18",
        "201809": "26.16",
        "201810": "25.94",
        "201811": "26.12",
        "201812": "28.81",
        "201901": "29.75",
        "201902": "32.03",
        "201903": "39.59",
        "201904": "43.00",
        "201905": "41.45",
        "201906": "41.96",
        "201907": "45.40",
        "201908": "44.39",
        "201909": "44.22",
        "201910": "37.97",
        "201911": "37.61",
        "201912": "36.76",
        "202001": "38.08",
        "202002": "33.89",
        "202003": "28.87",
        "202004": "30.40",
        "202005": "35.06",
        "202006": "37.72",
        "202007": "36.12",
        "202008": "36.08",
        "202009": "36.22",
        "202010": "36.65",
        "202011": "38.71",
        "202012": "48.77",
        "202101": "57.84",
        "202102": "85.82",
        "202103": "146.73",
        "202104": "167.92",
        "202105": "119.40",
        "202106": "156.31",
        "202107": "177.93",
        "202108": "149.18",
        "202109": "134.82",
        "202110": "145.18",
        "202111": "214.41",
        "202112": "277.07",
        "202201": "224.53",
        "202202": "211.30",
        "202203": "210.52",
        "202204": "174.21",
        "202205": "164.00",
        "202206": "146.50",
        "202207": "125.64",
        "202208": "126.93",
        "202209": "106.00",
        "202210": "91.02",
        "202211": "103.48",
        "202212": "108.35",
        "202301": "105.15",
        "202302": "114.28",
        "202303": "122.41",
        "202304": "131.26",
        "202305": "121.11",
        "202306": "126.25",
        "202307": "112.86",
        "202308": "106.48",
        "202309": "120.58",
        "202310": "120.18",
        "202311": "131.25",
        "202312": "131.45"
    },
    "quarters": {
        "20011": {
            "year_quarter": 20011,
            "year": 2001,
            "quarter": 1,
            "eps": null,
            "eps_growth_year": null,
            "eps_4q": null,
            "eps_4q_growth_year": null,
            "roe": null,
            "roe_4q": 0,
            "gross_profit": null,
            "gross_margin": null,
            "gross_margin_4q_avg": 0,
            "net_income": null,
            "net_income_4q": null,
            "revenue": null,
            "revenue_4q": null,
            "common_shares": null,
            "book_valuer_per_share": null,
            "book_valuer_per_share_4q_avg": 0,
            "equity": null,
            "current_ratio": null,
            "debt_ratio": null,
            "inventory_turnover_ratio": null,
            "account_receivable_turnover_ratio": null,
            "reinvestment_rate": null,
            "research_to_sale_ratio": null,
            "price_fair": 0,
            "eps_avg_yearly": 0,
            "eps_latest_yearly": 0,
            "eps_growth_yearly": 0
        },
        "20012": {
            "year_quarter": 20012,
            "year": 2001,
            "quarter": 2,
            "eps": null,
            "eps_growth_year": null,
            "eps_4q": null,
            "eps_4q_growth_year": null,
            "roe": null,
            "roe_4q": 0,
            "gross_profit": null,
            "gross_margin": null,
            "gross_margin_4q_avg": 0,
            "net_income": null,
            "net_income_4q": null,
            "revenue": null,
            "revenue_4q": null,
            "common_shares": null,
            "book_valuer_per_share": null,
            "book_valuer_per_share_4q_avg": 0,
            "equity": null,
            "current_ratio": null,
            "debt_ratio": null,
            "inventory_turnover_ratio": null,
            "account_receivable_turnover_ratio": null,
            "reinvestment_rate": null,
            "research_to_sale_ratio": null,
            "price_fair": 0,
            "eps_avg_yearly": 0,
            "eps_latest_yearly": 0,
            "eps_growth_yearly": 0
        },
        "20013": {
            "year_quarter": 20013,
            "year": 2001,
            "quarter": 3,
            "eps": null,
            "eps_growth_year": null,
            "eps_4q": null,
            "eps_4q_growth_year": null,
            "roe": null,
            "roe_4q": 0,
            "gross_profit": null,
            "gross_margin": null,
            "gross_margin_4q_avg": 0,
            "net_income": null,
            "net_income_4q": null,
            "revenue": null,
            "revenue_4q": null,
            "common_shares": null,
            "book_valuer_per_share": null,
            "book_valuer_per_share_4q_avg": 0,
            "equity": null,
            "current_ratio": null,
            "debt_ratio": null,
            "inventory_turnover_ratio": null,
            "account_receivable_turnover_ratio": null,
            "reinvestment_rate": null,
            "research_to_sale_ratio": null,
            "price_fair": 0,
            "eps_avg_yearly": 0,
            "eps_latest_yearly": 0,
            "eps_growth_yearly": 0
        },
        "20014": {
            "year_quarter": 20014,
            "year": 2001,
            "quarter": 4,
            "eps": null,
            "eps_growth_year": null,
            "eps_4q": null,
            "eps_4q_growth_year": null,
            "roe": null,
            "roe_4q": 0,
            "gross_profit": null,
            "gross_margin": null,
            "gross_margin_4q_avg": 0,
            "net_income": null,
            "net_income_4q": null,
            "revenue": null,
            "revenue_4q": null,
            "common_shares": 300000,
            "book_valuer_per_share": 11.51,
            "book_valuer_per_share_4q_avg": 2.88,
            "equity": 345173,
            "current_ratio": 1100.82,
            "debt_ratio": 15.26,
            "inventory_turnover_ratio": null,
            "account_receivable_turnover_ratio": null,
            "reinvestment_rate": null,
            "research_to_sale_ratio": null,
            "price_fair": 0,
            "eps_avg_yearly": 0,
            "eps_latest_yearly": 0,
            "eps_growth_yearly": 0
        },
        "20021": {
            "year_quarter": 20021,
            "year": 2002,
            "quarter": 1,
            "eps": null,
            "eps_growth_year": null,
            "eps_4q": null,
            "eps_4q_growth_year": null,
            "roe": null,
            "roe_4q": 0,
            "gross_profit": null,
            "gross_margin": null,
            "gross_margin_4q_avg": 0,
            "net_income": null,
            "net_income_4q": null,
            "revenue": null,
            "revenue_4q": null,
            "common_shares": null,
            "book_valuer_per_share": null,
            "book_valuer_per_share_4q_avg": 2.88,
            "equity": null,
            "current_ratio": null,
            "debt_ratio": null,
            "inventory_turnover_ratio": null,
            "account_receivable_turnover_ratio": null,
            "reinvestment_rate": null,
            "research_to_sale_ratio": null,
            "price_fair": 0,
            "eps_avg_yearly": 0,
            "eps_latest_yearly": 0,
            "eps_growth_yearly": 0
        },
        "20022": {
            "year_quarter": 20022,
            "year": 2002,
            "quarter": 2,
            "eps": null,
            "eps_growth_year": null,
            "eps_4q": null,
            "eps_4q_growth_year": null,
            "roe": null,
            "roe_4q": 0,
            "gross_profit": null,
            "gross_margin": null,
            "gross_margin_4q_avg": 0,
            "net_income": null,
            "net_income_4q": null,
            "revenue": null,
            "revenue_4q": null,
            "common_shares": null,
            "book_valuer_per_share": null,
            "book_valuer_per_share_4q_avg": 2.88,
            "equity": null,
            "current_ratio": null,
            "debt_ratio": null,
            "inventory_turnover_ratio": null,
            "account_receivable_turnover_ratio": null,
            "reinvestment_rate": null,
            "research_to_sale_ratio": null,
            "price_fair": 0,
            "eps_avg_yearly": 0,
            "eps_latest_yearly": 0,
            "eps_growth_yearly": 0
        },
        "20023": {
            "year_quarter": 20023,
            "year": 2002,
            "quarter": 3,
            "eps": null,
            "eps_growth_year": null,
            "eps_4q": null,
            "eps_4q_growth_year": null,
            "roe": null,
            "roe_4q": 0,
            "gross_profit": null,
            "gross_margin": null,
            "gross_margin_4q_avg": 0,
            "net_income": null,
            "net_income_4q": null,
            "revenue": null,
            "revenue_4q": null,
            "common_shares": null,
            "book_valuer_per_share": null,
            "book_valuer_per_share_4q_avg": 2.88,
            "equity": null,
            "current_ratio": null,
            "debt_ratio": null,
            "inventory_turnover_ratio": null,
            "account_receivable_turnover_ratio": null,
            "reinvestment_rate": null,
            "research_to_sale_ratio": null,
            "price_fair": 0,
            "eps_avg_yearly": 0,
            "eps_latest_yearly": 0,
            "eps_growth_yearly": 0
        },
        "20024": {
            "year_quarter": 20024,
            "year": 2002,
            "quarter": 4,
            "eps": null,
            "eps_growth_year": null,
            "eps_4q": null,
            "eps_4q_growth_year": null,
            "roe": null,
            "roe_4q": 0,
            "gross_profit": null,
            "gross_margin": null,
            "gross_margin_4q_avg": 0,
            "net_income": null,
            "net_income_4q": null,
            "revenue": null,
            "revenue_4q": null,
            "common_shares": 371098,
            "book_valuer_per_share": 11.96,
            "book_valuer_per_share_4q_avg": 2.99,
            "equity": 444012,
            "current_ratio": 1638.65,
            "debt_ratio": 4.45,
            "inventory_turnover_ratio": null,
            "account_receivable_turnover_ratio": null,
            "reinvestment_rate": null,
            "research_to_sale_ratio": null,
            "price_fair": 0,
            "eps_avg_yearly": 0,
            "eps_latest_yearly": 0,
            "eps_growth_yearly": 0
        },
        "20031": {
            "year_quarter": 20031,
            "year": 2003,
            "quarter": 1,
            "eps": null,
            "eps_growth_year": null,
            "eps_4q": null,
            "eps_4q_growth_year": null,
            "roe": null,
            "roe_4q": 0,
            "gross_profit": null,
            "gross_margin": null,
            "gross_margin_4q_avg": 0,
            "net_income": null,
            "net_income_4q": null,
            "revenue": null,
            "revenue_4q": null,
            "common_shares": null,
            "book_valuer_per_share": null,
            "book_valuer_per_share_4q_avg": 2.99,
            "equity": null,
            "current_ratio": null,
            "debt_ratio": null,
            "inventory_turnover_ratio": null,
            "account_receivable_turnover_ratio": null,
            "reinvestment_rate": null,
            "research_to_sale_ratio": null,
            "price_fair": 0,
            "eps_avg_yearly": 0,
            "eps_latest_yearly": 0,
            "eps_growth_yearly": 0
        },
        "20032": {
            "year_quarter": 20032,
            "year": 2003,
            "quarter": 2,
            "eps": null,
            "eps_growth_year": null,
            "eps_4q": null,
            "eps_4q_growth_year": null,
            "roe": null,
            "roe_4q": 0,
            "gross_profit": null,
            "gross_margin": null,
            "gross_margin_4q_avg": 0,
            "net_income": null,
            "net_income_4q": null,
            "revenue": null,
            "revenue_4q": null,
            "common_shares": null,
            "book_valuer_per_share": null,
            "book_valuer_per_share_4q_avg": 2.99,
            "equity": null,
            "current_ratio": null,
            "debt_ratio": null,
            "inventory_turnover_ratio": null,
            "account_receivable_turnover_ratio": null,
            "reinvestment_rate": null,
            "research_to_sale_ratio": null,
            "price_fair": 0,
            "eps_avg_yearly": 0,
            "eps_latest_yearly": 0,
            "eps_growth_yearly": 0
        },
        "20033": {
            "year_quarter": 20033,
            "year": 2003,
            "quarter": 3,
            "eps": null,
            "eps_growth_year": null,
            "eps_4q": null,
            "eps_4q_growth_year": null,
            "roe": null,
            "roe_4q": 0,
            "gross_profit": null,
            "gross_margin": null,
            "gross_margin_4q_avg": 0,
            "net_income": null,
            "net_income_4q": null,
            "revenue": null,
            "revenue_4q": null,
            "common_shares": null,
            "book_valuer_per_share": null,
            "book_valuer_per_share_4q_avg": 2.99,
            "equity": null,
            "current_ratio": null,
            "debt_ratio": null,
            "inventory_turnover_ratio": null,
            "account_receivable_turnover_ratio": null,
            "reinvestment_rate": null,
            "research_to_sale_ratio": null,
            "price_fair": 0,
            "eps_avg_yearly": 0,
            "eps_latest_yearly": 0,
            "eps_growth_yearly": 0
        },
        "20034": {
            "year_quarter": 20034,
            "year": 2003,
            "quarter": 4,
            "eps": null,
            "eps_growth_year": null,
            "eps_4q": null,
            "eps_4q_growth_year": null,
            "roe": null,
            "roe_4q": 0,
            "gross_profit": null,
            "gross_margin": null,
            "gross_margin_4q_avg": 0,
            "net_income": null,
            "net_income_4q": null,
            "revenue": null,
            "revenue_4q": null,
            "common_shares": 401078,
            "book_valuer_per_share": 11.28,
            "book_valuer_per_share_4q_avg": 2.82,
            "equity": 452374,
            "current_ratio": 1632.28,
            "debt_ratio": 4.21,
            "inventory_turnover_ratio": null,
            "account_receivable_turnover_ratio": null,
            "reinvestment_rate": null,
            "research_to_sale_ratio": null,
            "price_fair": 0,
            "eps_avg_yearly": 0,
            "eps_latest_yearly": 0,
            "eps_growth_yearly": 0
        },
        "20041": {
            "year_quarter": 20041,
            "year": 2004,
            "quarter": 1,
            "eps": null,
            "eps_growth_year": null,
            "eps_4q": null,
            "eps_4q_growth_year": null,
            "roe": null,
            "roe_4q": 0,
            "gross_profit": null,
            "gross_margin": null,
            "gross_margin_4q_avg": 0,
            "net_income": null,
            "net_income_4q": null,
            "revenue": null,
            "revenue_4q": null,
            "common_shares": null,
            "book_valuer_per_share": null,
            "book_valuer_per_share_4q_avg": 2.82,
            "equity": null,
            "current_ratio": null,
            "debt_ratio": null,
            "inventory_turnover_ratio": null,
            "account_receivable_turnover_ratio": null,
            "reinvestment_rate": null,
            "research_to_sale_ratio": null,
            "price_fair": 0,
            "eps_avg_yearly": 0,
            "eps_latest_yearly": 0,
            "eps_growth_yearly": 0
        },
        "20042": {
            "year_quarter": 20042,
            "year": 2004,
            "quarter": 2,
            "eps": null,
            "eps_growth_year": null,
            "eps_4q": null,
            "eps_4q_growth_year": null,
            "roe": null,
            "roe_4q": 0,
            "gross_profit": null,
            "gross_margin": null,
            "gross_margin_4q_avg": 0,
            "net_income": null,
            "net_income_4q": null,
            "revenue": null,
            "revenue_4q": null,
            "common_shares": null,
            "book_valuer_per_share": null,
            "book_valuer_per_share_4q_avg": 2.82,
            "equity": null,
            "current_ratio": null,
            "debt_ratio": null,
            "inventory_turnover_ratio": null,
            "account_receivable_turnover_ratio": null,
            "reinvestment_rate": null,
            "research_to_sale_ratio": null,
            "price_fair": 0,
            "eps_avg_yearly": 0,
            "eps_latest_yearly": 0,
            "eps_growth_yearly": 0
        },
        "20043": {
            "year_quarter": 20043,
            "year": 2004,
            "quarter": 3,
            "eps": null,
            "eps_growth_year": null,
            "eps_4q": null,
            "eps_4q_growth_year": null,
            "roe": null,
            "roe_4q": 0,
            "gross_profit": null,
            "gross_margin": null,
            "gross_margin_4q_avg": 0,
            "net_income": null,
            "net_income_4q": null,
            "revenue": null,
            "revenue_4q": null,
            "common_shares": null,
            "book_valuer_per_share": null,
            "book_valuer_per_share_4q_avg": 2.82,
            "equity": null,
            "current_ratio": null,
            "debt_ratio": null,
            "inventory_turnover_ratio": null,
            "account_receivable_turnover_ratio": null,
            "reinvestment_rate": null,
            "research_to_sale_ratio": null,
            "price_fair": 0,
            "eps_avg_yearly": 0,
            "eps_latest_yearly": 0,
            "eps_growth_yearly": 0
        },
        "20044": {
            "year_quarter": 20044,
            "year": 2004,
            "quarter": 4,
            "eps": null,
            "eps_growth_year": null,
            "eps_4q": null,
            "eps_4q_growth_year": null,
            "roe": null,
            "roe_4q": 0,
            "gross_profit": null,
            "gross_margin": null,
            "gross_margin_4q_avg": 0,
            "net_income": null,
            "net_income_4q": null,
            "revenue": null,
            "revenue_4q": null,
            "common_shares": 411912,
            "book_valuer_per_share": 11.19,
            "book_valuer_per_share_4q_avg": 2.8,
            "equity": 460890,
            "current_ratio": 1659.24,
            "debt_ratio": 4.33,
            "inventory_turnover_ratio": null,
            "account_receivable_turnover_ratio": null,
            "reinvestment_rate": null,
            "research_to_sale_ratio": null,
            "price_fair": 0,
            "eps_avg_yearly": 0,
            "eps_latest_yearly": 0,
            "eps_growth_yearly": 0
        },
        "20051": {
            "year_quarter": 20051,
            "year": 2005,
            "quarter": 1,
            "eps": null,
            "eps_growth_year": null,
            "eps_4q": null,
            "eps_4q_growth_year": null,
            "roe": null,
            "roe_4q": 0,
            "gross_profit": null,
            "gross_margin": null,
            "gross_margin_4q_avg": 0,
            "net_income": null,
            "net_income_4q": null,
            "revenue": null,
            "revenue_4q": null,
            "common_shares": null,
            "book_valuer_per_share": null,
            "book_valuer_per_share_4q_avg": 2.8,
            "equity": null,
            "current_ratio": null,
            "debt_ratio": null,
            "inventory_turnover_ratio": null,
            "account_receivable_turnover_ratio": null,
            "reinvestment_rate": null,
            "research_to_sale_ratio": null,
            "price_fair": 0,
            "eps_avg_yearly": 0,
            "eps_latest_yearly": 0,
            "eps_growth_yearly": 0
        },
        "20052": {
            "year_quarter": 20052,
            "year": 2005,
            "quarter": 2,
            "eps": null,
            "eps_growth_year": null,
            "eps_4q": null,
            "eps_4q_growth_year": null,
            "roe": null,
            "roe_4q": 0,
            "gross_profit": null,
            "gross_margin": null,
            "gross_margin_4q_avg": 0,
            "net_income": null,
            "net_income_4q": null,
            "revenue": null,
            "revenue_4q": null,
            "common_shares": null,
            "book_valuer_per_share": null,
            "book_valuer_per_share_4q_avg": 2.8,
            "equity": null,
            "current_ratio": null,
            "debt_ratio": null,
            "inventory_turnover_ratio": null,
            "account_receivable_turnover_ratio": null,
            "reinvestment_rate": null,
            "research_to_sale_ratio": null,
            "price_fair": 0,
            "eps_avg_yearly": 0,
            "eps_latest_yearly": 0,
            "eps_growth_yearly": 0
        },
        "20053": {
            "year_quarter": 20053,
            "year": 2005,
            "quarter": 3,
            "eps": null,
            "eps_growth_year": null,
            "eps_4q": null,
            "eps_4q_growth_year": null,
            "roe": null,
            "roe_4q": 0,
            "gross_profit": null,
            "gross_margin": null,
            "gross_margin_4q_avg": 0,
            "net_income": null,
            "net_income_4q": null,
            "revenue": null,
            "revenue_4q": null,
            "common_shares": null,
            "book_valuer_per_share": null,
            "book_valuer_per_share_4q_avg": 2.8,
            "equity": null,
            "current_ratio": null,
            "debt_ratio": null,
            "inventory_turnover_ratio": null,
            "account_receivable_turnover_ratio": null,
            "reinvestment_rate": null,
            "research_to_sale_ratio": null,
            "price_fair": 0,
            "eps_avg_yearly": 0,
            "eps_latest_yearly": 0,
            "eps_growth_yearly": 0
        },
        "20054": {
            "year_quarter": 20054,
            "year": 2005,
            "quarter": 4,
            "eps": null,
            "eps_growth_year": null,
            "eps_4q": null,
            "eps_4q_growth_year": null,
            "roe": null,
            "roe_4q": 0,
            "gross_profit": null,
            "gross_margin": null,
            "gross_margin_4q_avg": 0,
            "net_income": null,
            "net_income_4q": null,
            "revenue": null,
            "revenue_4q": null,
            "common_shares": 420433,
            "book_valuer_per_share": 11.01,
            "book_valuer_per_share_4q_avg": 2.75,
            "equity": 462748,
            "current_ratio": 1204.47,
            "debt_ratio": 6.02,
            "inventory_turnover_ratio": null,
            "account_receivable_turnover_ratio": null,
            "reinvestment_rate": null,
            "research_to_sale_ratio": null,
            "price_fair": 0,
            "eps_avg_yearly": 0,
            "eps_latest_yearly": 0,
            "eps_growth_yearly": 0
        },
        "20061": {
            "year_quarter": 20061,
            "year": 2006,
            "quarter": 1,
            "eps": null,
            "eps_growth_year": null,
            "eps_4q": null,
            "eps_4q_growth_year": null,
            "roe": null,
            "roe_4q": 0,
            "gross_profit": null,
            "gross_margin": null,
            "gross_margin_4q_avg": 0,
            "net_income": null,
            "net_income_4q": null,
            "revenue": null,
            "revenue_4q": null,
            "common_shares": null,
            "book_valuer_per_share": null,
            "book_valuer_per_share_4q_avg": 2.75,
            "equity": null,
            "current_ratio": null,
            "debt_ratio": null,
            "inventory_turnover_ratio": null,
            "account_receivable_turnover_ratio": null,
            "reinvestment_rate": null,
            "research_to_sale_ratio": null,
            "price_fair": 0,
            "eps_avg_yearly": 0,
            "eps_latest_yearly": 0,
            "eps_growth_yearly": 0
        },
        "20062": {
            "year_quarter": 20062,
            "year": 2006,
            "quarter": 2,
            "eps": null,
            "eps_growth_year": null,
            "eps_4q": null,
            "eps_4q_growth_year": null,
            "roe": null,
            "roe_4q": 0,
            "gross_profit": null,
            "gross_margin": null,
            "gross_margin_4q_avg": 0,
            "net_income": null,
            "net_income_4q": null,
            "revenue": null,
            "revenue_4q": null,
            "common_shares": null,
            "book_valuer_per_share": null,
            "book_valuer_per_share_4q_avg": 2.75,
            "equity": null,
            "current_ratio": null,
            "debt_ratio": null,
            "inventory_turnover_ratio": null,
            "account_receivable_turnover_ratio": null,
            "reinvestment_rate": null,
            "research_to_sale_ratio": null,
            "price_fair": 0,
            "eps_avg_yearly": 0,
            "eps_latest_yearly": 0,
            "eps_growth_yearly": 0
        },
        "20063": {
            "year_quarter": 20063,
            "year": 2006,
            "quarter": 3,
            "eps": null,
            "eps_growth_year": null,
            "eps_4q": null,
            "eps_4q_growth_year": null,
            "roe": null,
            "roe_4q": 0,
            "gross_profit": null,
            "gross_margin": null,
            "gross_margin_4q_avg": 0,
            "net_income": null,
            "net_income_4q": null,
            "revenue": null,
            "revenue_4q": null,
            "common_shares": null,
            "book_valuer_per_share": null,
            "book_valuer_per_share_4q_avg": 2.75,
            "equity": null,
            "current_ratio": null,
            "debt_ratio": null,
            "inventory_turnover_ratio": null,
            "account_receivable_turnover_ratio": null,
            "reinvestment_rate": null,
            "research_to_sale_ratio": null,
            "price_fair": 0,
            "eps_avg_yearly": 0,
            "eps_latest_yearly": 0,
            "eps_growth_yearly": 0
        },
        "20064": {
            "year_quarter": 20064,
            "year": 2006,
            "quarter": 4,
            "eps": null,
            "eps_growth_year": null,
            "eps_4q": null,
            "eps_4q_growth_year": null,
            "roe": null,
            "roe_4q": 0,
            "gross_profit": null,
            "gross_margin": null,
            "gross_margin_4q_avg": 0,
            "net_income": null,
            "net_income_4q": null,
            "revenue": null,
            "revenue_4q": null,
            "common_shares": 426402,
            "book_valuer_per_share": 10.85,
            "book_valuer_per_share_4q_avg": 2.71,
            "equity": 462689,
            "current_ratio": 623.3,
            "debt_ratio": 11.56,
            "inventory_turnover_ratio": null,
            "account_receivable_turnover_ratio": null,
            "reinvestment_rate": null,
            "research_to_sale_ratio": null,
            "price_fair": 0,
            "eps_avg_yearly": 0,
            "eps_latest_yearly": 0,
            "eps_growth_yearly": 0
        },
        "20071": {
            "year_quarter": 20071,
            "year": 2007,
            "quarter": 1,
            "eps": null,
            "eps_growth_year": null,
            "eps_4q": null,
            "eps_4q_growth_year": null,
            "roe": null,
            "roe_4q": 0,
            "gross_profit": null,
            "gross_margin": null,
            "gross_margin_4q_avg": 0,
            "net_income": null,
            "net_income_4q": null,
            "revenue": null,
            "revenue_4q": null,
            "common_shares": null,
            "book_valuer_per_share": null,
            "book_valuer_per_share_4q_avg": 2.71,
            "equity": null,
            "current_ratio": null,
            "debt_ratio": null,
            "inventory_turnover_ratio": null,
            "account_receivable_turnover_ratio": null,
            "reinvestment_rate": null,
            "research_to_sale_ratio": null,
            "price_fair": 0,
            "eps_avg_yearly": 0,
            "eps_latest_yearly": 0,
            "eps_growth_yearly": 0
        },
        "20072": {
            "year_quarter": 20072,
            "year": 2007,
            "quarter": 2,
            "eps": null,
            "eps_growth_year": null,
            "eps_4q": null,
            "eps_4q_growth_year": null,
            "roe": null,
            "roe_4q": 0,
            "gross_profit": null,
            "gross_margin": null,
            "gross_margin_4q_avg": 0,
            "net_income": null,
            "net_income_4q": null,
            "revenue": null,
            "revenue_4q": null,
            "common_shares": null,
            "book_valuer_per_share": null,
            "book_valuer_per_share_4q_avg": 2.71,
            "equity": null,
            "current_ratio": null,
            "debt_ratio": null,
            "inventory_turnover_ratio": null,
            "account_receivable_turnover_ratio": null,
            "reinvestment_rate": null,
            "research_to_sale_ratio": null,
            "price_fair": 0,
            "eps_avg_yearly": 0,
            "eps_latest_yearly": 0,
            "eps_growth_yearly": 0
        },
        "20073": {
            "year_quarter": 20073,
            "year": 2007,
            "quarter": 3,
            "eps": null,
            "eps_growth_year": null,
            "eps_4q": null,
            "eps_4q_growth_year": null,
            "roe": null,
            "roe_4q": 0,
            "gross_profit": null,
            "gross_margin": null,
            "gross_margin_4q_avg": 0,
            "net_income": null,
            "net_income_4q": null,
            "revenue": null,
            "revenue_4q": null,
            "common_shares": null,
            "book_valuer_per_share": null,
            "book_valuer_per_share_4q_avg": 2.71,
            "equity": null,
            "current_ratio": null,
            "debt_ratio": null,
            "inventory_turnover_ratio": null,
            "account_receivable_turnover_ratio": null,
            "reinvestment_rate": null,
            "research_to_sale_ratio": null,
            "price_fair": 0,
            "eps_avg_yearly": 0,
            "eps_latest_yearly": 0,
            "eps_growth_yearly": 0
        },
        "20074": {
            "year_quarter": 20074,
            "year": 2007,
            "quarter": 4,
            "eps": null,
            "eps_growth_year": null,
            "eps_4q": null,
            "eps_4q_growth_year": null,
            "roe": null,
            "roe_4q": 0,
            "gross_profit": null,
            "gross_margin": null,
            "gross_margin_4q_avg": 0,
            "net_income": null,
            "net_income_4q": null,
            "revenue": null,
            "revenue_4q": null,
            "common_shares": 441978,
            "book_valuer_per_share": 12.3,
            "book_valuer_per_share_4q_avg": 3.08,
            "equity": 543843,
            "current_ratio": 1188.67,
            "debt_ratio": 6.35,
            "inventory_turnover_ratio": null,
            "account_receivable_turnover_ratio": null,
            "reinvestment_rate": null,
            "research_to_sale_ratio": null,
            "price_fair": 0,
            "eps_avg_yearly": 0,
            "eps_latest_yearly": 0,
            "eps_growth_yearly": 0
        },
        "20081": {
            "year_quarter": 20081,
            "year": 2008,
            "quarter": 1,
            "eps": 0.45,
            "eps_growth_year": null,
            "eps_4q": null,
            "eps_4q_growth_year": null,
            "roe": 3.53,
            "roe_4q": 3.53,
            "gross_profit": 54149,
            "gross_margin": 45.68,
            "gross_margin_4q_avg": 11.42,
            "net_income": 19552,
            "net_income_4q": null,
            "revenue": 118543,
            "revenue_4q": null,
            "common_shares": 441978,
            "book_valuer_per_share": 12.75,
            "book_valuer_per_share_4q_avg": 6.26,
            "equity": 563395,
            "current_ratio": 983.25,
            "debt_ratio": 7.79,
            "inventory_turnover_ratio": 1.36,
            "account_receivable_turnover_ratio": null,
            "reinvestment_rate": null,
            "research_to_sale_ratio": null,
            "price_fair": 0,
            "eps_avg_yearly": 0,
            "eps_latest_yearly": 0,
            "eps_growth_yearly": 0
        },
        "20082": {
            "year_quarter": 20082,
            "year": 2008,
            "quarter": 2,
            "eps": 0.52,
            "eps_growth_year": null,
            "eps_4q": null,
            "eps_4q_growth_year": null,
            "roe": 4.23,
            "roe_4q": 7.76,
            "gross_profit": 59825,
            "gross_margin": 45.83,
            "gross_margin_4q_avg": 22.88,
            "net_income": 22910,
            "net_income_4q": null,
            "revenue": 130533,
            "revenue_4q": null,
            "common_shares": 441978,
            "book_valuer_per_share": 11.78,
            "book_valuer_per_share_4q_avg": 9.21,
            "equity": 520618,
            "current_ratio": 419.72,
            "debt_ratio": 18.75,
            "inventory_turnover_ratio": 1.65,
            "account_receivable_turnover_ratio": null,
            "reinvestment_rate": null,
            "research_to_sale_ratio": null,
            "price_fair": 72.8,
            "eps_avg_yearly": 2.08,
            "eps_latest_yearly": 2.08,
            "eps_growth_yearly": 62.22
        },
        "20083": {
            "year_quarter": 20083,
            "year": 2008,
            "quarter": 3,
            "eps": 0.54,
            "eps_growth_year": null,
            "eps_4q": null,
            "eps_4q_growth_year": null,
            "roe": 4.53,
            "roe_4q": 12.290000000000001,
            "gross_profit": 64207,
            "gross_margin": 44.68,
            "gross_margin_4q_avg": 34.05,
            "net_income": 24146,
            "net_income_4q": null,
            "revenue": 143699,
            "revenue_4q": null,
            "common_shares": 452655,
            "book_valuer_per_share": 12.03,
            "book_valuer_per_share_4q_avg": 12.22,
            "equity": 544764,
            "current_ratio": 661.72,
            "debt_ratio": 11.68,
            "inventory_turnover_ratio": 1.33,
            "account_receivable_turnover_ratio": null,
            "reinvestment_rate": null,
            "research_to_sale_ratio": null,
            "price_fair": 74.2,
            "eps_avg_yearly": 2.12,
            "eps_latest_yearly": 2.16,
            "eps_growth_yearly": 38.8
        },
        "20084": {
            "year_quarter": 20084,
            "year": 2008,
            "quarter": 4,
            "eps": 0.37,
            "eps_growth_year": null,
            "eps_4q": 1.87,
            "eps_4q_growth_year": null,
            "roe": 3.01,
            "roe_4q": 15.299999999999999,
            "gross_profit": 53216,
            "gross_margin": 45.83,
            "gross_margin_4q_avg": 45.51,
            "net_income": 16442,
            "net_income_4q": null,
            "revenue": 116118,
            "revenue_4q": null,
            "common_shares": 452655,
            "book_valuer_per_share": 12.09,
            "book_valuer_per_share_4q_avg": 12.16,
            "equity": 547368,
            "current_ratio": 686.08,
            "debt_ratio": 11.29,
            "inventory_turnover_ratio": 0.74,
            "account_receivable_turnover_ratio": 8.88,
            "reinvestment_rate": null,
            "research_to_sale_ratio": null,
            "price_fair": 5.72,
            "eps_avg_yearly": 1.91,
            "eps_latest_yearly": 1.48,
            "eps_growth_yearly": -16.11
        },
        "20091": {
            "year_quarter": 20091,
            "year": 2009,
            "quarter": 1,
            "eps": 0.62,
            "eps_growth_year": 37.78,
            "eps_4q": 2.09,
            "eps_4q_growth_year": null,
            "roe": 4.78,
            "roe_4q": 16.55,
            "gross_profit": 52219,
            "gross_margin": 43.88,
            "gross_margin_4q_avg": 45.06,
            "net_income": 26790,
            "net_income_4q": null,
            "revenue": 119000,
            "revenue_4q": null,
            "common_shares": 454780,
            "book_valuer_per_share": 12.61,
            "book_valuer_per_share_4q_avg": 12.13,
            "equity": 573270,
            "current_ratio": 717.51,
            "debt_ratio": 10.86,
            "inventory_turnover_ratio": 0.73,
            "account_receivable_turnover_ratio": 4.05,
            "reinvestment_rate": null,
            "research_to_sale_ratio": null,
            "price_fair": 71.75,
            "eps_avg_yearly": 2.05,
            "eps_latest_yearly": 2.48,
            "eps_growth_yearly": 55.49
        },
        "20092": {
            "year_quarter": 20092,
            "year": 2009,
            "quarter": 2,
            "eps": 0.35,
            "eps_growth_year": -32.69,
            "eps_4q": 1.89,
            "eps_4q_growth_year": null,
            "roe": 2.78,
            "roe_4q": 15.100000000000001,
            "gross_profit": 49247,
            "gross_margin": 42.76,
            "gross_margin_4q_avg": 44.29,
            "net_income": 15286,
            "net_income_4q": null,
            "revenue": 115181,
            "revenue_4q": null,
            "common_shares": 454780,
            "book_valuer_per_share": 11.54,
            "book_valuer_per_share_4q_avg": 12.07,
            "equity": 524939,
            "current_ratio": 457.38,
            "debt_ratio": 17.25,
            "inventory_turnover_ratio": 0.9,
            "account_receivable_turnover_ratio": 3.29,
            "reinvestment_rate": null,
            "research_to_sale_ratio": null,
            "price_fair": 37.54,
            "eps_avg_yearly": 1.92,
            "eps_latest_yearly": 1.4,
            "eps_growth_yearly": 9.55
        },
        "20093": {
            "year_quarter": 20093,
            "year": 2009,
            "quarter": 3,
            "eps": 0.83,
            "eps_growth_year": 53.7,
            "eps_4q": 2.14,
            "eps_4q_growth_year": null,
            "roe": 6.8,
            "roe_4q": 17.369999999999997,
            "gross_profit": 63224,
            "gross_margin": 43.91,
            "gross_margin_4q_avg": 44.1,
            "net_income": 36956,
            "net_income_4q": null,
            "revenue": 143973,
            "revenue_4q": null,
            "common_shares": 467654,
            "book_valuer_per_share": 12.02,
            "book_valuer_per_share_4q_avg": 12.07,
            "equity": 561895,
            "current_ratio": 1002.53,
            "debt_ratio": 7.81,
            "inventory_turnover_ratio": 1.64,
            "account_receivable_turnover_ratio": 3.32,
            "reinvestment_rate": null,
            "research_to_sale_ratio": null,
            "price_fair": 75.37,
            "eps_avg_yearly": 2.15,
            "eps_latest_yearly": 3.32,
            "eps_growth_yearly": 99.39
        },
        "20094": {
            "year_quarter": 20094,
            "year": 2009,
            "quarter": 4,
            "eps": 1.03,
            "eps_growth_year": 178.38,
            "eps_4q": 2.45,
            "eps_4q_growth_year": 31.15,
            "roe": 6.84,
            "roe_4q": 21.200000000000003,
            "gross_profit": 79068,
            "gross_margin": 46.91,
            "gross_margin_4q_avg": 44.37,
            "net_income": 46506,
            "net_income_4q": null,
            "revenue": 168561,
            "revenue_4q": null,
            "common_shares": 530014,
            "book_valuer_per_share": 15.59,
            "book_valuer_per_share_4q_avg": 12.94,
            "equity": 798718,
            "current_ratio": 998.88,
            "debt_ratio": 8.47,
            "inventory_turnover_ratio": 2.4,
            "account_receivable_turnover_ratio": 9.55,
            "reinvestment_rate": null,
            "research_to_sale_ratio": null,
            "price_fair": 85.2,
            "eps_avg_yearly": 2.43,
            "eps_latest_yearly": 4.12,
            "eps_growth_yearly": 98.96
        },
        "20101": {
            "year_quarter": 20101,
            "year": 2010,
            "quarter": 1,
            "eps": 0.71,
            "eps_growth_year": 14.52,
            "eps_4q": 2.6,
            "eps_4q_growth_year": 24.41,
            "roe": 4.41,
            "roe_4q": 20.830000000000002,
            "gross_profit": 71262,
            "gross_margin": 47.23,
            "gross_margin_4q_avg": 45.2,
            "net_income": 36236,
            "net_income_4q": null,
            "revenue": 150881,
            "revenue_4q": null,
            "common_shares": 533869,
            "book_valuer_per_share": 16.24,
            "book_valuer_per_share_4q_avg": 13.85,
            "equity": 843514,
            "current_ratio": 1434.21,
            "debt_ratio": 5.94,
            "inventory_turnover_ratio": 1.93,
            "account_receivable_turnover_ratio": 4.16,
            "reinvestment_rate": null,
            "research_to_sale_ratio": 12.71,
            "price_fair": 86.98,
            "eps_avg_yearly": 2.49,
            "eps_latest_yearly": 2.84,
            "eps_growth_yearly": 71.06
        },
        "20102": {
            "year_quarter": 20102,
            "year": 2010,
            "quarter": 2,
            "eps": 0.76,
            "eps_growth_year": 117.25,
            "eps_4q": 3.07,
            "eps_4q_growth_year": 61.96,
            "roe": 4.88,
            "roe_4q": 22.93,
            "gross_profit": 75699,
            "gross_margin": 51.39,
            "gross_margin_4q_avg": 47.36,
            "net_income": 39484,
            "net_income_4q": null,
            "revenue": 147316,
            "revenue_4q": null,
            "common_shares": 533869,
            "book_valuer_per_share": 14.9,
            "book_valuer_per_share_4q_avg": 14.69,
            "equity": 773955,
            "current_ratio": 1481.18,
            "debt_ratio": 5.83,
            "inventory_turnover_ratio": 1.48,
            "account_receivable_turnover_ratio": 3.54,
            "reinvestment_rate": null,
            "research_to_sale_ratio": 12.84,
            "price_fair": 89.13,
            "eps_avg_yearly": 2.55,
            "eps_latest_yearly": 3.04,
            "eps_growth_yearly": 66.29
        },
        "20103": {
            "year_quarter": 20103,
            "year": 2010,
            "quarter": 3,
            "eps": 0.81,
            "eps_growth_year": -2.7,
            "eps_4q": 3.16,
            "eps_4q_growth_year": 47.44,
            "roe": 5.28,
            "roe_4q": 21.41,
            "gross_profit": 79782,
            "gross_margin": 49.5,
            "gross_margin_4q_avg": 48.76,
            "net_income": 41935,
            "net_income_4q": null,
            "revenue": 161171,
            "revenue_4q": null,
            "common_shares": 533869,
            "book_valuer_per_share": 15.71,
            "book_valuer_per_share_4q_avg": 15.61,
            "equity": 815889,
            "current_ratio": 1051.2,
            "debt_ratio": 8.38,
            "inventory_turnover_ratio": 1.45,
            "account_receivable_turnover_ratio": 3.11,
            "reinvestment_rate": null,
            "research_to_sale_ratio": 12.6,
            "price_fair": 91.56,
            "eps_avg_yearly": 2.62,
            "eps_latest_yearly": 3.24,
            "eps_growth_yearly": 62.29
        },
        "20104": {
            "year_quarter": 20104,
            "year": 2010,
            "quarter": 4,
            "eps": 0.53,
            "eps_growth_year": -48.92,
            "eps_4q": 2.79,
            "eps_4q_growth_year": 13.91,
            "roe": 3.29,
            "roe_4q": 17.86,
            "gross_profit": 64361,
            "gross_margin": 45.39,
            "gross_margin_4q_avg": 48.38,
            "net_income": 27320,
            "net_income_4q": null,
            "revenue": 141797,
            "revenue_4q": null,
            "common_shares": 533869,
            "book_valuer_per_share": 16.24,
            "book_valuer_per_share_4q_avg": 15.77,
            "equity": 843210,
            "current_ratio": 1197.81,
            "debt_ratio": 7.38,
            "inventory_turnover_ratio": 1.46,
            "account_receivable_turnover_ratio": 3.14,
            "reinvestment_rate": null,
            "research_to_sale_ratio": 12.73,
            "price_fair": 89.98,
            "eps_avg_yearly": 2.57,
            "eps_latest_yearly": 2.12,
            "eps_growth_yearly": 44.06
        },
        "20111": {
            "year_quarter": 20111,
            "year": 2011,
            "quarter": 1,
            "eps": 0.42,
            "eps_growth_year": -40.85,
            "eps_4q": 2.5,
            "eps_4q_growth_year": -3.82,
            "roe": 2.54,
            "roe_4q": 15.989999999999998,
            "gross_profit": 55695,
            "gross_margin": 49.18,
            "gross_margin_4q_avg": 48.87,
            "net_income": 21720,
            "net_income_4q": null,
            "revenue": 113236,
            "revenue_4q": null,
            "common_shares": 530139,
            "book_valuer_per_share": 16.63,
            "book_valuer_per_share_4q_avg": 15.87,
            "equity": 867582,
            "current_ratio": 1198.48,
            "debt_ratio": 7.4,
            "inventory_turnover_ratio": 1.16,
            "account_receivable_turnover_ratio": 3.02,
            "reinvestment_rate": null,
            "research_to_sale_ratio": 17.85,
            "price_fair": 87.38,
            "eps_avg_yearly": 2.5,
            "eps_latest_yearly": 1.68,
            "eps_growth_yearly": 33.47
        },
        "20112": {
            "year_quarter": 20112,
            "year": 2011,
            "quarter": 2,
            "eps": 0.34,
            "eps_growth_year": -55.15,
            "eps_4q": 2.08,
            "eps_4q_growth_year": -32,
            "roe": 2.19,
            "roe_4q": 13.3,
            "gross_profit": 52089,
            "gross_margin": 53.48,
            "gross_margin_4q_avg": 49.39,
            "net_income": 17796,
            "net_income_4q": null,
            "revenue": 97401,
            "revenue_4q": null,
            "common_shares": 530139,
            "book_valuer_per_share": 14.47,
            "book_valuer_per_share_4q_avg": 15.76,
            "equity": 754926,
            "current_ratio": 447.6,
            "debt_ratio": 19.87,
            "inventory_turnover_ratio": 0.84,
            "account_receivable_turnover_ratio": 2.58,
            "reinvestment_rate": null,
            "research_to_sale_ratio": 20.2,
            "price_fair": 84.32,
            "eps_avg_yearly": 2.41,
            "eps_latest_yearly": 1.36,
            "eps_growth_yearly": 25.03
        },
        "20113": {
            "year_quarter": 20113,
            "year": 2011,
            "quarter": 3,
            "eps": 0.52,
            "eps_growth_year": -35.23,
            "eps_4q": 1.82,
            "eps_4q_growth_year": -42.46,
            "roe": 3.58,
            "roe_4q": 11.599999999999998,
            "gross_profit": 57843,
            "gross_margin": 49.12,
            "gross_margin_4q_avg": 49.29,
            "net_income": 26973,
            "net_income_4q": null,
            "revenue": 117759,
            "revenue_4q": null,
            "common_shares": 530139,
            "book_valuer_per_share": 14.57,
            "book_valuer_per_share_4q_avg": 15.48,
            "equity": 751333,
            "current_ratio": 890.07,
            "debt_ratio": 6.91,
            "inventory_turnover_ratio": 0.84,
            "account_receivable_turnover_ratio": 3.02,
            "reinvestment_rate": null,
            "research_to_sale_ratio": 17.69,
            "price_fair": 83.5,
            "eps_avg_yearly": 2.39,
            "eps_latest_yearly": 2.08,
            "eps_growth_yearly": 38.37
        },
        "20114": {
            "year_quarter": 20114,
            "year": 2011,
            "quarter": 4,
            "eps": 0.73,
            "eps_growth_year": 39.31,
            "eps_4q": 2.03,
            "eps_4q_growth_year": -27.21,
            "roe": 4.91,
            "roe_4q": 13.219999999999999,
            "gross_profit": 72100,
            "gross_margin": 45.81,
            "gross_margin_4q_avg": 49.4,
            "net_income": 37508,
            "net_income_4q": null,
            "revenue": 157403,
            "revenue_4q": null,
            "common_shares": 530139,
            "book_valuer_per_share": 15.15,
            "book_valuer_per_share_4q_avg": 15.21,
            "equity": 775243,
            "current_ratio": 691.53,
            "debt_ratio": 9.47,
            "inventory_turnover_ratio": 1.01,
            "account_receivable_turnover_ratio": 3.36,
            "reinvestment_rate": 3.88,
            "research_to_sale_ratio": 12.19,
            "price_fair": 84.75,
            "eps_avg_yearly": 2.42,
            "eps_latest_yearly": 2.92,
            "eps_growth_yearly": 46.58
        },
        "20121": {
            "year_quarter": 20121,
            "year": 2012,
            "quarter": 1,
            "eps": 0.6,
            "eps_growth_year": 42.86,
            "eps_4q": 2.21,
            "eps_4q_growth_year": -11.61,
            "roe": 3.88,
            "roe_4q": 14.559999999999999,
            "gross_profit": 73267,
            "gross_margin": 48.34,
            "gross_margin_4q_avg": 49.19,
            "net_income": 30623,
            "net_income_4q": null,
            "revenue": 151575,
            "revenue_4q": null,
            "common_shares": 534014,
            "book_valuer_per_share": 15.71,
            "book_valuer_per_share_4q_avg": 14.98,
            "equity": 802438,
            "current_ratio": 862.86,
            "debt_ratio": 7.72,
            "inventory_turnover_ratio": 0.92,
            "account_receivable_turnover_ratio": 2.73,
            "reinvestment_rate": 3.52,
            "research_to_sale_ratio": 14.93,
            "price_fair": 84.7,
            "eps_avg_yearly": 2.42,
            "eps_latest_yearly": 2.4,
            "eps_growth_yearly": 39.22
        },
        "20122": {
            "year_quarter": 20122,
            "year": 2012,
            "quarter": 2,
            "eps": 0.68,
            "eps_growth_year": 98.26,
            "eps_4q": 2.54,
            "eps_4q_growth_year": 21.74,
            "roe": 4.49,
            "roe_4q": 16.86,
            "gross_profit": 70549,
            "gross_margin": 46.49,
            "gross_margin_4q_avg": 47.44,
            "net_income": 34546,
            "net_income_4q": null,
            "revenue": 151741,
            "revenue_4q": null,
            "common_shares": 534014,
            "book_valuer_per_share": 14.44,
            "book_valuer_per_share_4q_avg": 14.97,
            "equity": 737604,
            "current_ratio": 397,
            "debt_ratio": 17.24,
            "inventory_turnover_ratio": 0.92,
            "account_receivable_turnover_ratio": 2.39,
            "reinvestment_rate": 3.09,
            "research_to_sale_ratio": 13.75,
            "price_fair": 86.1,
            "eps_avg_yearly": 2.46,
            "eps_latest_yearly": 2.72,
            "eps_growth_yearly": 38.66
        },
        "20123": {
            "year_quarter": 20123,
            "year": 2012,
            "quarter": 3,
            "eps": 0.58,
            "eps_growth_year": 10.52,
            "eps_4q": 2.59,
            "eps_4q_growth_year": 42.25,
            "roe": 3.93,
            "roe_4q": 17.21,
            "gross_profit": 69666,
            "gross_margin": 45.65,
            "gross_margin_4q_avg": 46.57,
            "net_income": 29537,
            "net_income_4q": null,
            "revenue": 152601,
            "revenue_4q": null,
            "common_shares": 534014,
            "book_valuer_per_share": 14.97,
            "book_valuer_per_share_4q_avg": 15.07,
            "equity": 764780,
            "current_ratio": 750.69,
            "debt_ratio": 8.89,
            "inventory_turnover_ratio": 0.84,
            "account_receivable_turnover_ratio": 2.56,
            "reinvestment_rate": 2.43,
            "research_to_sale_ratio": 13.64,
            "price_fair": 86.45,
            "eps_avg_yearly": 2.47,
            "eps_latest_yearly": 2.32,
            "eps_growth_yearly": 34.03
        },
        "20124": {
            "year_quarter": 20124,
            "year": 2012,
            "quarter": 4,
            "eps": 0.34,
            "eps_growth_year": -54.16,
            "eps_4q": 2.19,
            "eps_4q_growth_year": 7.74,
            "roe": 2.21,
            "roe_4q": 14.510000000000002,
            "gross_profit": 60306,
            "gross_margin": 45.47,
            "gross_margin_4q_avg": 46.49,
            "net_income": 17167,
            "net_income_4q": null,
            "revenue": 132620,
            "revenue_4q": null,
            "common_shares": 534014,
            "book_valuer_per_share": 15.41,
            "book_valuer_per_share_4q_avg": 15.13,
            "equity": 787214,
            "current_ratio": 926.47,
            "debt_ratio": 7.41,
            "inventory_turnover_ratio": 0.65,
            "account_receivable_turnover_ratio": 2.6,
            "reinvestment_rate": 2.57,
            "research_to_sale_ratio": 15.38,
            "price_fair": 86.19,
            "eps_avg_yearly": 2.46,
            "eps_latest_yearly": 1.36,
            "eps_growth_yearly": 31.55
        },
        "20131": {
            "year_quarter": 20131,
            "year": 2013,
            "quarter": 1,
            "eps": 0.38,
            "eps_growth_year": -36.67,
            "eps_4q": 1.97,
            "eps_4q_growth_year": -10.95,
            "roe": 2.43,
            "roe_4q": 13.06,
            "gross_profit": 55782,
            "gross_margin": 42.31,
            "gross_margin_4q_avg": 44.98,
            "net_income": 19288,
            "net_income_4q": null,
            "revenue": 131848,
            "revenue_4q": null,
            "common_shares": 534014,
            "book_valuer_per_share": 15.71,
            "book_valuer_per_share_4q_avg": 15.13,
            "equity": 802854,
            "current_ratio": 1111.58,
            "debt_ratio": 7.05,
            "inventory_turnover_ratio": 0.72,
            "account_receivable_turnover_ratio": 2.77,
            "reinvestment_rate": 10.7,
            "research_to_sale_ratio": 16.27,
            "price_fair": 66.31,
            "eps_avg_yearly": 2.4,
            "eps_latest_yearly": 1.52,
            "eps_growth_yearly": 17.6
        },
        "20132": {
            "year_quarter": 20132,
            "year": 2013,
            "quarter": 2,
            "eps": 0.57,
            "eps_growth_year": -15.7,
            "eps_4q": 1.86,
            "eps_4q_growth_year": -26.53,
            "roe": 3.82,
            "roe_4q": 12.39,
            "gross_profit": 70116,
            "gross_margin": 45.87,
            "gross_margin_4q_avg": 44.83,
            "net_income": 29262,
            "net_income_4q": null,
            "revenue": 152848,
            "revenue_4q": null,
            "common_shares": 534014,
            "book_valuer_per_share": 14.28,
            "book_valuer_per_share_4q_avg": 15.09,
            "equity": 729463,
            "current_ratio": 366.8,
            "debt_ratio": 20.43,
            "inventory_turnover_ratio": 0.94,
            "account_receivable_turnover_ratio": 2.62,
            "reinvestment_rate": 10.74,
            "research_to_sale_ratio": 14.02,
            "price_fair": 86.01,
            "eps_avg_yearly": 2.46,
            "eps_latest_yearly": 2.28,
            "eps_growth_yearly": 40.99
        },
        "20133": {
            "year_quarter": 20133,
            "year": 2013,
            "quarter": 3,
            "eps": 0.48,
            "eps_growth_year": -16.97,
            "eps_4q": 1.77,
            "eps_4q_growth_year": -31.69,
            "roe": 3.31,
            "roe_4q": 11.77,
            "gross_profit": 62951,
            "gross_margin": 45,
            "gross_margin_4q_avg": 44.66,
            "net_income": 24598,
            "net_income_4q": null,
            "revenue": 139893,
            "revenue_4q": null,
            "common_shares": 534014,
            "book_valuer_per_share": 14.79,
            "book_valuer_per_share_4q_avg": 15.05,
            "equity": 755711,
            "current_ratio": 722.18,
            "debt_ratio": 10.77,
            "inventory_turnover_ratio": 1,
            "account_receivable_turnover_ratio": 2.35,
            "reinvestment_rate": 7.93,
            "research_to_sale_ratio": 14.8,
            "price_fair": 30.23,
            "eps_avg_yearly": 2.37,
            "eps_latest_yearly": 1.92,
            "eps_growth_yearly": 2.76
        },
        "20134": {
            "year_quarter": 20134,
            "year": 2013,
            "quarter": 4,
            "eps": 0.58,
            "eps_growth_year": 71.52,
            "eps_4q": 2.01,
            "eps_4q_growth_year": -8.3,
            "roe": 3.8,
            "roe_4q": 13.36,
            "gross_profit": 67737,
            "gross_margin": 43.49,
            "gross_margin_4q_avg": 44.17,
            "net_income": 29444,
            "net_income_4q": null,
            "revenue": 155736,
            "revenue_4q": null,
            "common_shares": 534014,
            "book_valuer_per_share": 15.56,
            "book_valuer_per_share_4q_avg": 15.09,
            "equity": 795178,
            "current_ratio": 794.78,
            "debt_ratio": 10.05,
            "inventory_turnover_ratio": 1.15,
            "account_receivable_turnover_ratio": 2.93,
            "reinvestment_rate": -1.03,
            "research_to_sale_ratio": 13.57,
            "price_fair": 26.95,
            "eps_avg_yearly": 2.26,
            "eps_latest_yearly": 2.32,
            "eps_growth_yearly": 1.94
        },
        "20141": {
            "year_quarter": 20141,
            "year": 2014,
            "quarter": 1,
            "eps": 0.18,
            "eps_growth_year": -52.63,
            "eps_4q": 1.8,
            "eps_4q_growth_year": -8.47,
            "roe": 1.14,
            "roe_4q": 12.07,
            "gross_profit": 41756,
            "gross_margin": 45.38,
            "gross_margin_4q_avg": 44.94,
            "net_income": 9179,
            "net_income_4q": null,
            "revenue": 92021,
            "revenue_4q": null,
            "common_shares": 536564,
            "book_valuer_per_share": 15.77,
            "book_valuer_per_share_4q_avg": 15.1,
            "equity": 809799,
            "current_ratio": 1040.39,
            "debt_ratio": 7.94,
            "inventory_turnover_ratio": 0.6,
            "account_receivable_turnover_ratio": 1.85,
            "reinvestment_rate": -1.75,
            "research_to_sale_ratio": 20.14,
            "price_fair": 6.38,
            "eps_avg_yearly": 2.13,
            "eps_latest_yearly": 0.72,
            "eps_growth_yearly": -7.54
        },
        "20142": {
            "year_quarter": 20142,
            "year": 2014,
            "quarter": 2,
            "eps": 0.3,
            "eps_growth_year": -47.37,
            "eps_4q": 1.53,
            "eps_4q_growth_year": -18.13,
            "roe": 1.98,
            "roe_4q": 10.23,
            "gross_profit": 51714,
            "gross_margin": 43.97,
            "gross_margin_4q_avg": 44.46,
            "net_income": 15157,
            "net_income_4q": null,
            "revenue": 117614,
            "revenue_4q": null,
            "common_shares": 536564,
            "book_valuer_per_share": 14.07,
            "book_valuer_per_share_4q_avg": 15.05,
            "equity": 722526,
            "current_ratio": 417.05,
            "debt_ratio": 19.18,
            "inventory_turnover_ratio": 0.8,
            "account_receivable_turnover_ratio": 2.45,
            "reinvestment_rate": 2.34,
            "research_to_sale_ratio": 15.18,
            "price_fair": 34.92,
            "eps_avg_yearly": 2.01,
            "eps_latest_yearly": 1.2,
            "eps_growth_yearly": 7.37
        },
        "20143": {
            "year_quarter": 20143,
            "year": 2014,
            "quarter": 3,
            "eps": 0.34,
            "eps_growth_year": -29.17,
            "eps_4q": 1.39,
            "eps_4q_growth_year": -21.41,
            "roe": 2.4,
            "roe_4q": 9.32,
            "gross_profit": 55924,
            "gross_margin": 43.65,
            "gross_margin_4q_avg": 44.12,
            "net_income": 17551,
            "net_income_4q": null,
            "revenue": 128120,
            "revenue_4q": null,
            "common_shares": 536564,
            "book_valuer_per_share": 14.42,
            "book_valuer_per_share_4q_avg": 14.96,
            "equity": 740341,
            "current_ratio": 870.25,
            "debt_ratio": 9.43,
            "inventory_turnover_ratio": 0.96,
            "account_receivable_turnover_ratio": 2.31,
            "reinvestment_rate": 0.78,
            "research_to_sale_ratio": 15.06,
            "price_fair": 36.07,
            "eps_avg_yearly": 1.89,
            "eps_latest_yearly": 1.36,
            "eps_growth_yearly": 9.06
        },
        "20144": {
            "year_quarter": 20144,
            "year": 2014,
            "quarter": 4,
            "eps": 0.47,
            "eps_growth_year": -19.12,
            "eps_4q": 1.28,
            "eps_4q_growth_year": -36.16,
            "roe": 3.18,
            "roe_4q": 8.700000000000001,
            "gross_profit": 57130,
            "gross_margin": 43.33,
            "gross_margin_4q_avg": 44.08,
            "net_income": 23933,
            "net_income_4q": null,
            "revenue": 131839,
            "revenue_4q": null,
            "common_shares": 526714,
            "book_valuer_per_share": 14.93,
            "book_valuer_per_share_4q_avg": 14.8,
            "equity": 766630,
            "current_ratio": 798.89,
            "debt_ratio": 10.04,
            "inventory_turnover_ratio": 1.06,
            "account_receivable_turnover_ratio": 2.29,
            "reinvestment_rate": 0.95,
            "research_to_sale_ratio": 13.4,
            "price_fair": 65.71,
            "eps_avg_yearly": 1.88,
            "eps_latest_yearly": 1.88,
            "eps_growth_yearly": 27.26
        },
        "20151": {
            "year_quarter": 20151,
            "year": 2015,
            "quarter": 1,
            "eps": 0.23,
            "eps_growth_year": 27.78,
            "eps_4q": 1.32,
            "eps_4q_growth_year": -26.7,
            "roe": 1.48,
            "roe_4q": 9.040000000000001,
            "gross_profit": 50346,
            "gross_margin": 35.91,
            "gross_margin_4q_avg": 41.72,
            "net_income": 11679,
            "net_income_4q": null,
            "revenue": 140182,
            "revenue_4q": null,
            "common_shares": 517589,
            "book_valuer_per_share": 15.11,
            "book_valuer_per_share_4q_avg": 14.63,
            "equity": 811927,
            "current_ratio": 606.89,
            "debt_ratio": 11.1,
            "inventory_turnover_ratio": 1.08,
            "account_receivable_turnover_ratio": 2.39,
            "reinvestment_rate": 5.09,
            "research_to_sale_ratio": 11.81,
            "price_fair": 54.32,
            "eps_avg_yearly": 1.83,
            "eps_latest_yearly": 0.92,
            "eps_growth_yearly": 19.68
        },
        "20152": {
            "year_quarter": 20152,
            "year": 2015,
            "quarter": 2,
            "eps": 0.08,
            "eps_growth_year": -73.33,
            "eps_4q": 1.11,
            "eps_4q_growth_year": -27.22,
            "roe": 0.51,
            "roe_4q": 7.57,
            "gross_profit": 47423,
            "gross_margin": 36.62,
            "gross_margin_4q_avg": 39.88,
            "net_income": 3863,
            "net_income_4q": null,
            "revenue": 129507,
            "revenue_4q": null,
            "common_shares": 517589,
            "book_valuer_per_share": 13.63,
            "book_valuer_per_share_4q_avg": 14.52,
            "equity": 705582,
            "current_ratio": 339.94,
            "debt_ratio": 19.52,
            "inventory_turnover_ratio": 0.79,
            "account_receivable_turnover_ratio": 2.17,
            "reinvestment_rate": 4.43,
            "research_to_sale_ratio": 12.24,
            "price_fair": 32.02,
            "eps_avg_yearly": 1.77,
            "eps_latest_yearly": 0.32,
            "eps_growth_yearly": 8.14
        },
        "20153": {
            "year_quarter": 20153,
            "year": 2015,
            "quarter": 3,
            "eps": 0.42,
            "eps_growth_year": 23.53,
            "eps_4q": 1.19,
            "eps_4q_growth_year": -14.21,
            "roe": 3.01,
            "roe_4q": 8.18,
            "gross_profit": 64180,
            "gross_margin": 39.3,
            "gross_margin_4q_avg": 38.79,
            "net_income": 21737,
            "net_income_4q": null,
            "revenue": 163328,
            "revenue_4q": null,
            "common_shares": 517589,
            "book_valuer_per_share": 14.31,
            "book_valuer_per_share_4q_avg": 14.5,
            "equity": 740757,
            "current_ratio": 592.1,
            "debt_ratio": 11.12,
            "inventory_turnover_ratio": 1.01,
            "account_receivable_turnover_ratio": 2.12,
            "reinvestment_rate": 4.59,
            "research_to_sale_ratio": 11.23,
            "price_fair": 60.9,
            "eps_avg_yearly": 1.74,
            "eps_latest_yearly": 1.68,
            "eps_growth_yearly": 101.16
        },
        "20154": {
            "year_quarter": 20154,
            "year": 2015,
            "quarter": 4,
            "eps": 0.48,
            "eps_growth_year": 2,
            "eps_4q": 1.2,
            "eps_4q_growth_year": -6.01,
            "roe": 3.27,
            "roe_4q": 8.27,
            "gross_profit": 80506,
            "gross_margin": 41.84,
            "gross_margin_4q_avg": 38.42,
            "net_income": 24607,
            "net_income_4q": null,
            "revenue": 192399,
            "revenue_4q": null,
            "common_shares": 517589,
            "book_valuer_per_share": 14.78,
            "book_valuer_per_share_4q_avg": 14.46,
            "equity": 765173,
            "current_ratio": 558.43,
            "debt_ratio": 12.09,
            "inventory_turnover_ratio": 1.21,
            "account_receivable_turnover_ratio": 2,
            "reinvestment_rate": 10.03,
            "research_to_sale_ratio": 10.4,
            "price_fair": 58.71,
            "eps_avg_yearly": 1.68,
            "eps_latest_yearly": 1.92,
            "eps_growth_yearly": 94.63
        },
        "20161": {
            "year_quarter": 20161,
            "year": 2016,
            "quarter": 1,
            "eps": 0.21,
            "eps_growth_year": -8.7,
            "eps_4q": 1.18,
            "eps_4q_growth_year": -10.58,
            "roe": 1.39,
            "roe_4q": 8.18,
            "gross_profit": 57675,
            "gross_margin": 36.16,
            "gross_margin_4q_avg": 38.48,
            "net_income": 10742,
            "net_income_4q": null,
            "revenue": 159480,
            "revenue_4q": null,
            "common_shares": 520164,
            "book_valuer_per_share": 14.93,
            "book_valuer_per_share_4q_avg": 14.41,
            "equity": 776617,
            "current_ratio": 648.19,
            "debt_ratio": 10.46,
            "inventory_turnover_ratio": 1.05,
            "account_receivable_turnover_ratio": 1.81,
            "reinvestment_rate": 9.52,
            "research_to_sale_ratio": 11.31,
            "price_fair": 55.3,
            "eps_avg_yearly": 1.58,
            "eps_latest_yearly": 0.84,
            "eps_growth_yearly": 85.02
        },
        "20162": {
            "year_quarter": 20162,
            "year": 2016,
            "quarter": 2,
            "eps": 0.28,
            "eps_growth_year": 250,
            "eps_4q": 1.36,
            "eps_4q_growth_year": 22.83,
            "roe": 1.94,
            "roe_4q": 9.61,
            "gross_profit": 56072,
            "gross_margin": 37.09,
            "gross_margin_4q_avg": 38.6,
            "net_income": 14628,
            "net_income_4q": null,
            "revenue": 151188,
            "revenue_4q": null,
            "common_shares": 520164,
            "book_valuer_per_share": 14.02,
            "book_valuer_per_share_4q_avg": 14.51,
            "equity": 729057,
            "current_ratio": 402.77,
            "debt_ratio": 17.31,
            "inventory_turnover_ratio": 1.02,
            "account_receivable_turnover_ratio": 1.84,
            "reinvestment_rate": 9.03,
            "research_to_sale_ratio": 10.58,
            "price_fair": 51.8,
            "eps_avg_yearly": 1.48,
            "eps_latest_yearly": 1.12,
            "eps_growth_yearly": 90.02
        },
        "20163": {
            "year_quarter": 20163,
            "year": 2016,
            "quarter": 3,
            "eps": 0.36,
            "eps_growth_year": -14.29,
            "eps_4q": 1.31,
            "eps_4q_growth_year": 10.28,
            "roe": 2.6,
            "roe_4q": 9.2,
            "gross_profit": 65517,
            "gross_margin": 38.95,
            "gross_margin_4q_avg": 38.51,
            "net_income": 19092,
            "net_income_4q": null,
            "revenue": 168201,
            "revenue_4q": null,
            "common_shares": 525506,
            "book_valuer_per_share": 14.13,
            "book_valuer_per_share_4q_avg": 14.47,
            "equity": 742326,
            "current_ratio": 740.35,
            "debt_ratio": 9.34,
            "inventory_turnover_ratio": 1.28,
            "account_receivable_turnover_ratio": 1.92,
            "reinvestment_rate": 8.72,
            "research_to_sale_ratio": 10.16,
            "price_fair": 49.88,
            "eps_avg_yearly": 1.43,
            "eps_latest_yearly": 1.44,
            "eps_growth_yearly": 100.84
        },
        "20164": {
            "year_quarter": 20164,
            "year": 2016,
            "quarter": 4,
            "eps": 0.33,
            "eps_growth_year": -31.31,
            "eps_4q": 1.17,
            "eps_4q_growth_year": -2.67,
            "roe": 2.28,
            "roe_4q": 8.21,
            "gross_profit": 64721,
            "gross_margin": 38.75,
            "gross_margin_4q_avg": 37.74,
            "net_income": 17162,
            "net_income_4q": null,
            "revenue": 167028,
            "revenue_4q": null,
            "common_shares": 525506,
            "book_valuer_per_share": 14.54,
            "book_valuer_per_share_4q_avg": 14.41,
            "equity": 764215,
            "current_ratio": 781.35,
            "debt_ratio": 9.24,
            "inventory_turnover_ratio": 1.56,
            "account_receivable_turnover_ratio": 1.87,
            "reinvestment_rate": 6.54,
            "research_to_sale_ratio": 10.7,
            "price_fair": 49.79,
            "eps_avg_yearly": 1.42,
            "eps_latest_yearly": 1.32,
            "eps_growth_yearly": 109.1
        },
        "20171": {
            "year_quarter": 20171,
            "year": 2017,
            "quarter": 1,
            "eps": 0.37,
            "eps_growth_year": 76.19,
            "eps_4q": 1.33,
            "eps_4q_growth_year": 12.24,
            "roe": 2.51,
            "roe_4q": 9.329999999999998,
            "gross_profit": 69079,
            "gross_margin": 41.56,
            "gross_margin_4q_avg": 39.09,
            "net_income": 19466,
            "net_income_4q": null,
            "revenue": 166205,
            "revenue_4q": null,
            "common_shares": 525506,
            "book_valuer_per_share": 14.93,
            "book_valuer_per_share_4q_avg": 14.41,
            "equity": 784775,
            "current_ratio": 728.78,
            "debt_ratio": 10.35,
            "inventory_turnover_ratio": 1.36,
            "account_receivable_turnover_ratio": 1.97,
            "reinvestment_rate": -10.4,
            "research_to_sale_ratio": 11.48,
            "price_fair": 49.7,
            "eps_avg_yearly": 1.42,
            "eps_latest_yearly": 1.48,
            "eps_growth_yearly": 109.19
        },
        "20172": {
            "year_quarter": 20172,
            "year": 2017,
            "quarter": 2,
            "eps": 0.53,
            "eps_growth_year": 89.29,
            "eps_4q": 1.58,
            "eps_4q_growth_year": 15.74,
            "roe": 3.64,
            "roe_4q": 11.03,
            "gross_profit": 83412,
            "gross_margin": 44,
            "gross_margin_4q_avg": 40.82,
            "net_income": 28138,
            "net_income_4q": null,
            "revenue": 189562,
            "revenue_4q": null,
            "common_shares": 530906,
            "book_valuer_per_share": 14.32,
            "book_valuer_per_share_4q_avg": 14.48,
            "equity": 760363,
            "current_ratio": 481.66,
            "debt_ratio": 16.08,
            "inventory_turnover_ratio": 1.19,
            "account_receivable_turnover_ratio": 2.18,
            "reinvestment_rate": -13.95,
            "research_to_sale_ratio": 9.57,
            "price_fair": 49.35,
            "eps_avg_yearly": 1.41,
            "eps_latest_yearly": 2.12,
            "eps_growth_yearly": 107.5
        },
        "20173": {
            "year_quarter": 20173,
            "year": 2017,
            "quarter": 3,
            "eps": 0.51,
            "eps_growth_year": 41.67,
            "eps_4q": 1.73,
            "eps_4q_growth_year": 31.33,
            "roe": 3.47,
            "roe_4q": 11.9,
            "gross_profit": 73175,
            "gross_margin": 43.46,
            "gross_margin_4q_avg": 41.94,
            "net_income": 26871,
            "net_income_4q": null,
            "revenue": 168360,
            "revenue_4q": null,
            "common_shares": 530906,
            "book_valuer_per_share": 14.81,
            "book_valuer_per_share_4q_avg": 14.65,
            "equity": 786255,
            "current_ratio": 772.08,
            "debt_ratio": 10.11,
            "inventory_turnover_ratio": 0.97,
            "account_receivable_turnover_ratio": 1.86,
            "reinvestment_rate": -10.92,
            "research_to_sale_ratio": 11.83,
            "price_fair": 49.61,
            "eps_avg_yearly": 1.42,
            "eps_latest_yearly": 2.04,
            "eps_growth_yearly": 110.5
        },
        "20174": {
            "year_quarter": 20174,
            "year": 2017,
            "quarter": 4,
            "eps": 0.45,
            "eps_growth_year": 38.61,
            "eps_4q": 1.86,
            "eps_4q_growth_year": 58.23,
            "roe": 3.02,
            "roe_4q": 12.64,
            "gross_profit": 73168,
            "gross_margin": 41.59,
            "gross_margin_4q_avg": 42.65,
            "net_income": 24033,
            "net_income_4q": null,
            "revenue": 175939,
            "revenue_4q": null,
            "common_shares": 530906,
            "book_valuer_per_share": 15.21,
            "book_valuer_per_share_4q_avg": 14.82,
            "equity": 807373,
            "current_ratio": 769.26,
            "debt_ratio": 10.38,
            "inventory_turnover_ratio": 1.13,
            "account_receivable_turnover_ratio": 1.97,
            "reinvestment_rate": -10.32,
            "research_to_sale_ratio": 10.19,
            "price_fair": 48.48,
            "eps_avg_yearly": 1.39,
            "eps_latest_yearly": 1.8,
            "eps_growth_yearly": 102.36
        },
        "20181": {
            "year_quarter": 20181,
            "year": 2018,
            "quarter": 1,
            "eps": 0.28,
            "eps_growth_year": -24.32,
            "eps_4q": 1.75,
            "eps_4q_growth_year": 31.78,
            "roe": 1.8,
            "roe_4q": 11.930000000000001,
            "gross_profit": 56448,
            "gross_margin": 42.85,
            "gross_margin_4q_avg": 42.98,
            "net_income": 14798,
            "net_income_4q": null,
            "revenue": 131731,
            "revenue_4q": null,
            "common_shares": 530906,
            "book_valuer_per_share": 15.74,
            "book_valuer_per_share_4q_avg": 15.02,
            "equity": 835497,
            "current_ratio": 896.43,
            "debt_ratio": 9.13,
            "inventory_turnover_ratio": 0.85,
            "account_receivable_turnover_ratio": 1.62,
            "reinvestment_rate": -12.37,
            "research_to_sale_ratio": 13.34,
            "price_fair": 49.35,
            "eps_avg_yearly": 1.41,
            "eps_latest_yearly": 1.12,
            "eps_growth_yearly": 110.15
        },
        "20182": {
            "year_quarter": 20182,
            "year": 2018,
            "quarter": 2,
            "eps": 0.55,
            "eps_growth_year": 3.77,
            "eps_4q": 1.77,
            "eps_4q_growth_year": 11.94,
            "roe": 3.64,
            "roe_4q": 11.930000000000001,
            "gross_profit": 64008,
            "gross_margin": 43.19,
            "gross_margin_4q_avg": 42.77,
            "net_income": 29316,
            "net_income_4q": null,
            "revenue": 148210,
            "revenue_4q": null,
            "common_shares": 537406,
            "book_valuer_per_share": 14.43,
            "book_valuer_per_share_4q_avg": 15.05,
            "equity": 775695,
            "current_ratio": 437.31,
            "debt_ratio": 19.16,
            "inventory_turnover_ratio": 0.9,
            "account_receivable_turnover_ratio": 1.93,
            "reinvestment_rate": -11.76,
            "research_to_sale_ratio": 11.86,
            "price_fair": 51.54,
            "eps_avg_yearly": 1.47,
            "eps_latest_yearly": 2.2,
            "eps_growth_yearly": 117.59
        },
        "20183": {
            "year_quarter": 20183,
            "year": 2018,
            "quarter": 3,
            "eps": 0.6,
            "eps_growth_year": 17.65,
            "eps_4q": 1.87,
            "eps_4q_growth_year": 8.35,
            "roe": 4.09,
            "roe_4q": 12.55,
            "gross_profit": 79882,
            "gross_margin": 45.28,
            "gross_margin_4q_avg": 43.23,
            "net_income": 32357,
            "net_income_4q": null,
            "revenue": 176412,
            "revenue_4q": null,
            "common_shares": 537406,
            "book_valuer_per_share": 15.04,
            "book_valuer_per_share_4q_avg": 15.11,
            "equity": 808417,
            "current_ratio": 853.03,
            "debt_ratio": 9.79,
            "inventory_turnover_ratio": 1.18,
            "account_receivable_turnover_ratio": 1.96,
            "reinvestment_rate": -10.28,
            "research_to_sale_ratio": 10.27,
            "price_fair": 53.81,
            "eps_avg_yearly": 1.54,
            "eps_latest_yearly": 2.4,
            "eps_growth_yearly": 116.53
        },
        "20184": {
            "year_quarter": 20184,
            "year": 2018,
            "quarter": 4,
            "eps": 0.82,
            "eps_growth_year": 81.64,
            "eps_4q": 2.25,
            "eps_4q_growth_year": 21,
            "roe": 5.32,
            "roe_4q": 14.850000000000001,
            "gross_profit": 94467,
            "gross_margin": 49.34,
            "gross_margin_4q_avg": 45.17,
            "net_income": 44188,
            "net_income_4q": null,
            "revenue": 191477,
            "revenue_4q": null,
            "common_shares": 537406,
            "book_valuer_per_share": 15.88,
            "book_valuer_per_share_4q_avg": 15.27,
            "equity": 853336,
            "current_ratio": 737.1,
            "debt_ratio": 11.53,
            "inventory_turnover_ratio": 1.28,
            "account_receivable_turnover_ratio": 2.06,
            "reinvestment_rate": -10.16,
            "research_to_sale_ratio": 10.13,
            "price_fair": 56.88,
            "eps_avg_yearly": 1.63,
            "eps_latest_yearly": 3.28,
            "eps_growth_yearly": 116.14
        },
        "20191": {
            "year_quarter": 20191,
            "year": 2019,
            "quarter": 1,
            "eps": 0.63,
            "eps_growth_year": 125,
            "eps_4q": 2.56,
            "eps_4q_growth_year": 46.84,
            "roe": 3.82,
            "roe_4q": 16.87,
            "gross_profit": 82751,
            "gross_margin": 49.64,
            "gross_margin_4q_avg": 46.86,
            "net_income": 33724,
            "net_income_4q": null,
            "revenue": 166695,
            "revenue_4q": null,
            "common_shares": 537406,
            "book_valuer_per_share": 16.94,
            "book_valuer_per_share_4q_avg": 15.57,
            "equity": 910355,
            "current_ratio": 855.3,
            "debt_ratio": 11.22,
            "inventory_turnover_ratio": 1.01,
            "account_receivable_turnover_ratio": 1.88,
            "reinvestment_rate": -11.14,
            "research_to_sale_ratio": 11.06,
            "price_fair": 60.38,
            "eps_avg_yearly": 1.73,
            "eps_latest_yearly": 2.52,
            "eps_growth_yearly": 123.11
        },
        "20192": {
            "year_quarter": 20192,
            "year": 2019,
            "quarter": 2,
            "eps": 0.69,
            "eps_growth_year": 25.45,
            "eps_4q": 2.72,
            "eps_4q_growth_year": 53.66,
            "roe": 4.3,
            "roe_4q": 17.53,
            "gross_profit": 91913,
            "gross_margin": 48.17,
            "gross_margin_4q_avg": 48.11,
            "net_income": 37640,
            "net_income_4q": null,
            "revenue": 190818,
            "revenue_4q": null,
            "common_shares": 544406,
            "book_valuer_per_share": 15.44,
            "book_valuer_per_share_4q_avg": 15.83,
            "equity": 840435,
            "current_ratio": 396.63,
            "debt_ratio": 22.92,
            "inventory_turnover_ratio": 1.16,
            "account_receivable_turnover_ratio": 1.92,
            "reinvestment_rate": -9.63,
            "research_to_sale_ratio": 9.87,
            "price_fair": 65.71,
            "eps_avg_yearly": 1.88,
            "eps_latest_yearly": 2.76,
            "eps_growth_yearly": 141.8
        },
        "20193": {
            "year_quarter": 20193,
            "year": 2019,
            "quarter": 3,
            "eps": 0.66,
            "eps_growth_year": 10,
            "eps_4q": 2.78,
            "eps_4q_growth_year": 48.73,
            "roe": 4.18,
            "roe_4q": 17.62,
            "gross_profit": 88986,
            "gross_margin": 47.94,
            "gross_margin_4q_avg": 48.77,
            "net_income": 35870,
            "net_income_4q": null,
            "revenue": 185633,
            "revenue_4q": null,
            "common_shares": 544406,
            "book_valuer_per_share": 16.09,
            "book_valuer_per_share_4q_avg": 16.09,
            "equity": 876201,
            "current_ratio": 765.04,
            "debt_ratio": 12.31,
            "inventory_turnover_ratio": 1.17,
            "account_receivable_turnover_ratio": 1.8,
            "reinvestment_rate": -8.74,
            "research_to_sale_ratio": 10.45,
            "price_fair": 67.81,
            "eps_avg_yearly": 1.94,
            "eps_latest_yearly": 2.64,
            "eps_growth_yearly": 34.46
        },
        "20194": {
            "year_quarter": 20194,
            "year": 2019,
            "quarter": 4,
            "eps": 0.64,
            "eps_growth_year": -21.88,
            "eps_4q": 2.61,
            "eps_4q_growth_year": 16.34,
            "roe": 3.93,
            "roe_4q": 16.23,
            "gross_profit": 88509,
            "gross_margin": 49.17,
            "gross_margin_4q_avg": 48.73,
            "net_income": 34968,
            "net_income_4q": null,
            "revenue": 180007,
            "revenue_4q": null,
            "common_shares": 544406,
            "book_valuer_per_share": 16.63,
            "book_valuer_per_share_4q_avg": 16.28,
            "equity": 905365,
            "current_ratio": 772.69,
            "debt_ratio": 12.16,
            "inventory_turnover_ratio": 1.22,
            "account_receivable_turnover_ratio": 2.14,
            "reinvestment_rate": -12.55,
            "research_to_sale_ratio": 10.84,
            "price_fair": 69.21,
            "eps_avg_yearly": 1.98,
            "eps_latest_yearly": 2.56,
            "eps_growth_yearly": 30.13
        },
        "20201": {
            "year_quarter": 20201,
            "year": 2020,
            "quarter": 1,
            "eps": 0.4,
            "eps_growth_year": -36.51,
            "eps_4q": 2.37,
            "eps_4q_growth_year": -7.74,
            "roe": 2.35,
            "roe_4q": 14.760000000000002,
            "gross_profit": 62001,
            "gross_margin": 49.71,
            "gross_margin_4q_avg": 48.75,
            "net_income": 21837,
            "net_income_4q": null,
            "revenue": 124717,
            "revenue_4q": null,
            "common_shares": 544406,
            "book_valuer_per_share": 17.44,
            "book_valuer_per_share_4q_avg": 16.4,
            "equity": 949337,
            "current_ratio": 907.98,
            "debt_ratio": 10.51,
            "inventory_turnover_ratio": 0.92,
            "account_receivable_turnover_ratio": 1.76,
            "reinvestment_rate": -10.73,
            "research_to_sale_ratio": 15.98,
            "price_fair": 70.88,
            "eps_avg_yearly": 2.03,
            "eps_latest_yearly": 1.6,
            "eps_growth_yearly": 34.82
        },
        "20202": {
            "year_quarter": 20202,
            "year": 2020,
            "quarter": 2,
            "eps": 0.67,
            "eps_growth_year": -2.9,
            "eps_4q": 2.62,
            "eps_4q_growth_year": -3.66,
            "roe": 4.21,
            "roe_4q": 14.67,
            "gross_profit": 96773,
            "gross_margin": 50.56,
            "gross_margin_4q_avg": 49.35,
            "net_income": 37105,
            "net_income_4q": null,
            "revenue": 191393,
            "revenue_4q": null,
            "common_shares": 495815,
            "book_valuer_per_share": 16.39,
            "book_valuer_per_share_4q_avg": 16.64,
            "equity": 812440,
            "current_ratio": 329.44,
            "debt_ratio": 27.08,
            "inventory_turnover_ratio": 1.62,
            "account_receivable_turnover_ratio": 2.42,
            "reinvestment_rate": -9.58,
            "research_to_sale_ratio": 11.99,
            "price_fair": 74.29,
            "eps_avg_yearly": 2.12,
            "eps_latest_yearly": 2.68,
            "eps_growth_yearly": 43.36
        },
        "20203": {
            "year_quarter": 20203,
            "year": 2020,
            "quarter": 3,
            "eps": 0.84,
            "eps_growth_year": 27.27,
            "eps_4q": 2.73,
            "eps_4q_growth_year": -1.75,
            "roe": 5,
            "roe_4q": 15.49,
            "gross_profit": 102569,
            "gross_margin": 55.37,
            "gross_margin_4q_avg": 51.2,
            "net_income": 41579,
            "net_income_4q": null,
            "revenue": 185256,
            "revenue_4q": null,
            "common_shares": 495815,
            "book_valuer_per_share": 17.17,
            "book_valuer_per_share_4q_avg": 16.91,
            "equity": 851189,
            "current_ratio": 656.64,
            "debt_ratio": 13.99,
            "inventory_turnover_ratio": 1.53,
            "account_receivable_turnover_ratio": 2.09,
            "reinvestment_rate": -10.77,
            "research_to_sale_ratio": 12.67,
            "price_fair": 78.49,
            "eps_avg_yearly": 2.24,
            "eps_latest_yearly": 3.36,
            "eps_growth_yearly": 42.56
        },
        "20204": {
            "year_quarter": 20204,
            "year": 2020,
            "quarter": 4,
            "eps": 1.18,
            "eps_growth_year": 84,
            "eps_4q": 3.21,
            "eps_4q_growth_year": 22.86,
            "roe": 6.67,
            "roe_4q": 18.23,
            "gross_profit": 123834,
            "gross_margin": 55.27,
            "gross_margin_4q_avg": 52.73,
            "net_income": 58597,
            "net_income_4q": null,
            "revenue": 224063,
            "revenue_4q": null,
            "common_shares": 495815,
            "book_valuer_per_share": 18.28,
            "book_valuer_per_share_4q_avg": 17.32,
            "equity": 906497,
            "current_ratio": 606.14,
            "debt_ratio": 15.3,
            "inventory_turnover_ratio": 1.61,
            "account_receivable_turnover_ratio": 2.65,
            "reinvestment_rate": -5.32,
            "research_to_sale_ratio": 12.01,
            "price_fair": 85.93,
            "eps_avg_yearly": 2.46,
            "eps_latest_yearly": 4.72,
            "eps_growth_yearly": 54.76
        },
        "20211": {
            "year_quarter": 20211,
            "year": 2021,
            "quarter": 1,
            "eps": 1.12,
            "eps_growth_year": 180,
            "eps_4q": 3.21,
            "eps_4q_growth_year": 35.53,
            "roe": 5.19,
            "roe_4q": 21.07,
            "gross_profit": 130431,
            "gross_margin": 55.02,
            "gross_margin_4q_avg": 54.06,
            "net_income": 62124,
            "net_income_4q": null,
            "revenue": 237046,
            "revenue_4q": null,
            "common_shares": 619770,
            "book_valuer_per_share": 24.03,
            "book_valuer_per_share_4q_avg": 18.97,
            "equity": 1489001,
            "current_ratio": 1069.5,
            "debt_ratio": 9.25,
            "inventory_turnover_ratio": 1.78,
            "account_receivable_turnover_ratio": 2.89,
            "reinvestment_rate": -3.89,
            "research_to_sale_ratio": 11.68,
            "price_fair": 92.49,
            "eps_avg_yearly": 2.64,
            "eps_latest_yearly": 4.48,
            "eps_growth_yearly": 50.46
        },
        "20212": {
            "year_quarter": 20212,
            "year": 2021,
            "quarter": 2,
            "eps": 1.22,
            "eps_growth_year": 82.09,
            "eps_4q": 3.83,
            "eps_4q_growth_year": 46.45,
            "roe": 4.99,
            "roe_4q": 21.85,
            "gross_profit": 155612,
            "gross_margin": 53.9,
            "gross_margin_4q_avg": 54.89,
            "net_income": 76130,
            "net_income_4q": null,
            "revenue": 288700,
            "revenue_4q": null,
            "common_shares": 621970,
            "book_valuer_per_share": 25.11,
            "book_valuer_per_share_4q_avg": 21.15,
            "equity": 1561599,
            "current_ratio": 778.28,
            "debt_ratio": 12.46,
            "inventory_turnover_ratio": 2.42,
            "account_receivable_turnover_ratio": 2.98,
            "reinvestment_rate": -1.82,
            "research_to_sale_ratio": 14.17,
            "price_fair": 98.53,
            "eps_avg_yearly": 2.82,
            "eps_latest_yearly": 4.88,
            "eps_growth_yearly": 41.88
        },
        "20213": {
            "year_quarter": 20213,
            "year": 2021,
            "quarter": 3,
            "eps": 1.97,
            "eps_growth_year": 134.52,
            "eps_4q": 5.14,
            "eps_4q_growth_year": 87.95,
            "roe": 7.93,
            "roe_4q": 24.78,
            "gross_profit": 220628,
            "gross_margin": 59.46,
            "gross_margin_4q_avg": 55.91,
            "net_income": 122590,
            "net_income_4q": null,
            "revenue": 371050,
            "revenue_4q": null,
            "common_shares": 621970,
            "book_valuer_per_share": 24.58,
            "book_valuer_per_share_4q_avg": 23,
            "equity": 1528646,
            "current_ratio": 563.09,
            "debt_ratio": 17.01,
            "inventory_turnover_ratio": 1.72,
            "account_receivable_turnover_ratio": 3.42,
            "reinvestment_rate": -1.31,
            "research_to_sale_ratio": 10.32,
            "price_fair": 111.3,
            "eps_avg_yearly": 3.18,
            "eps_latest_yearly": 7.88,
            "eps_growth_yearly": 58.2
        },
        "20214": {
            "year_quarter": 20214,
            "year": 2021,
            "quarter": 4,
            "eps": 1.98,
            "eps_growth_year": 67.71,
            "eps_4q": 6.18,
            "eps_4q_growth_year": 92.44,
            "roe": 7.75,
            "roe_4q": 25.860000000000003,
            "gross_profit": 247898,
            "gross_margin": 58.81,
            "gross_margin_4q_avg": 56.8,
            "net_income": 123278,
            "net_income_4q": null,
            "revenue": 421531,
            "revenue_4q": null,
            "common_shares": 621970,
            "book_valuer_per_share": 26.55,
            "book_valuer_per_share_4q_avg": 25.07,
            "equity": 1651060,
            "current_ratio": 544.92,
            "debt_ratio": 17.7,
            "inventory_turnover_ratio": 1.27,
            "account_receivable_turnover_ratio": 3.44,
            "reinvestment_rate": -1,
            "research_to_sale_ratio": 9.83,
            "price_fair": 124.69,
            "eps_avg_yearly": 3.56,
            "eps_latest_yearly": 7.92,
            "eps_growth_yearly": 61.26
        },
        "20221": {
            "year_quarter": 20221,
            "year": 2022,
            "quarter": 1,
            "eps": 1.87,
            "eps_growth_year": 66.96,
            "eps_4q": 7.02,
            "eps_4q_growth_year": 119.1,
            "roe": 6.71,
            "roe_4q": 27.380000000000003,
            "gross_profit": 208092,
            "gross_margin": 57.61,
            "gross_margin_4q_avg": 57.45,
            "net_income": 116524,
            "net_income_4q": null,
            "revenue": 361210,
            "revenue_4q": null,
            "common_shares": 621970,
            "book_valuer_per_share": 29.28,
            "book_valuer_per_share_4q_avg": 26.38,
            "equity": 1821391,
            "current_ratio": 595.33,
            "debt_ratio": 16.29,
            "inventory_turnover_ratio": 0.79,
            "account_receivable_turnover_ratio": 2.76,
            "reinvestment_rate": 0.29,
            "research_to_sale_ratio": 10.32,
            "price_fair": 138.6,
            "eps_avg_yearly": 3.96,
            "eps_latest_yearly": 7.48,
            "eps_growth_yearly": 69.32
        },
        "20222": {
            "year_quarter": 20222,
            "year": 2022,
            "quarter": 2,
            "eps": 1.73,
            "eps_growth_year": 41.8,
            "eps_4q": 7.53,
            "eps_4q_growth_year": 96.5,
            "roe": 6.26,
            "roe_4q": 28.65,
            "gross_profit": 207205,
            "gross_margin": 58.36,
            "gross_margin_4q_avg": 58.56,
            "net_income": 107867,
            "net_income_4q": null,
            "revenue": 355044,
            "revenue_4q": null,
            "common_shares": 624270,
            "book_valuer_per_share": 25.99,
            "book_valuer_per_share_4q_avg": 26.6,
            "equity": 1622716,
            "current_ratio": 336.63,
            "debt_ratio": 28.3,
            "inventory_turnover_ratio": 0.61,
            "account_receivable_turnover_ratio": 2.91,
            "reinvestment_rate": 1.72,
            "research_to_sale_ratio": 10.96,
            "price_fair": 148.93,
            "eps_avg_yearly": 4.26,
            "eps_latest_yearly": 6.92,
            "eps_growth_yearly": 43.34
        },
        "20223": {
            "year_quarter": 20223,
            "year": 2022,
            "quarter": 3,
            "eps": 1.62,
            "eps_growth_year": -17.77,
            "eps_4q": 7.19,
            "eps_4q_growth_year": 40.05,
            "roe": 6.04,
            "roe_4q": 26.76,
            "gross_profit": 176324,
            "gross_margin": 56.56,
            "gross_margin_4q_avg": 57.84,
            "net_income": 101367,
            "net_income_4q": null,
            "revenue": 311757,
            "revenue_4q": null,
            "common_shares": 624270,
            "book_valuer_per_share": 27.79,
            "book_valuer_per_share_4q_avg": 27.4,
            "equity": 1734545,
            "current_ratio": 792.18,
            "debt_ratio": 12.28,
            "inventory_turnover_ratio": 0.54,
            "account_receivable_turnover_ratio": 2.92,
            "reinvestment_rate": 1.67,
            "research_to_sale_ratio": 10.73,
            "price_fair": 157.85,
            "eps_avg_yearly": 4.51,
            "eps_latest_yearly": 6.48,
            "eps_growth_yearly": 39.48
        },
        "20224": {
            "year_quarter": 20224,
            "year": 2022,
            "quarter": 4,
            "eps": 1.44,
            "eps_growth_year": -27.33,
            "eps_4q": 6.66,
            "eps_4q_growth_year": 7.81,
            "roe": 5.07,
            "roe_4q": 24.08,
            "gross_profit": 173054,
            "gross_margin": 56.28,
            "gross_margin_4q_avg": 57.2,
            "net_income": 89912,
            "net_income_4q": null,
            "revenue": 307465,
            "revenue_4q": null,
            "common_shares": 624270,
            "book_valuer_per_share": 29.08,
            "book_valuer_per_share_4q_avg": 28.04,
            "equity": 1815389,
            "current_ratio": 690.54,
            "debt_ratio": 14.01,
            "inventory_turnover_ratio": 0.57,
            "account_receivable_turnover_ratio": 3.38,
            "reinvestment_rate": 1.86,
            "research_to_sale_ratio": 10.8,
            "price_fair": 163.28,
            "eps_avg_yearly": 4.67,
            "eps_latest_yearly": 5.76,
            "eps_growth_yearly": 27.53
        },
        "20231": {
            "year_quarter": 20231,
            "year": 2023,
            "quarter": 1,
            "eps": 0.75,
            "eps_growth_year": -59.89,
            "eps_4q": 5.51,
            "eps_4q_growth_year": -21.5,
            "roe": 2.53,
            "roe_4q": 19.9,
            "gross_profit": 111029,
            "gross_margin": 54.17,
            "gross_margin_4q_avg": 56.34,
            "net_income": 47021,
            "net_income_4q": null,
            "revenue": 204972,
            "revenue_4q": null,
            "common_shares": 624270,
            "book_valuer_per_share": 30.47,
            "book_valuer_per_share_4q_avg": 28.33,
            "equity": 1902363,
            "current_ratio": 762.11,
            "debt_ratio": 12.72,
            "inventory_turnover_ratio": 0.43,
            "account_receivable_turnover_ratio": 2.62,
            "reinvestment_rate": 0.85,
            "research_to_sale_ratio": 14.02,
            "price_fair": 147.18,
            "eps_avg_yearly": 4.7,
            "eps_latest_yearly": 3,
            "eps_growth_yearly": 21.35
        },
        "20232": {
            "year_quarter": 20232,
            "year": 2023,
            "quarter": 2,
            "eps": 0.95,
            "eps_growth_year": -45.09,
            "eps_4q": 4.75,
            "eps_4q_growth_year": -36.95,
            "roe": 3.4,
            "roe_4q": 17.04,
            "gross_profit": 115824,
            "gross_margin": 52.27,
            "gross_margin_4q_avg": 54.82,
            "net_income": 59842,
            "net_income_4q": null,
            "revenue": 221583,
            "revenue_4q": null,
            "common_shares": 627770,
            "book_valuer_per_share": 25.81,
            "book_valuer_per_share_4q_avg": 28.29,
            "equity": 1620542,
            "current_ratio": 366.51,
            "debt_ratio": 25.96,
            "inventory_turnover_ratio": 0.52,
            "account_receivable_turnover_ratio": 3.17,
            "reinvestment_rate": 0.65,
            "research_to_sale_ratio": 13.19,
            "price_fair": 166.6,
            "eps_avg_yearly": 4.76,
            "eps_latest_yearly": 3.8,
            "eps_growth_yearly": 25.63
        },
        "20233": {
            "year_quarter": 20233,
            "year": 2023,
            "quarter": 3,
            "eps": 0.91,
            "eps_growth_year": -43.83,
            "eps_4q": 4.05,
            "eps_4q_growth_year": -43.76,
            "roe": 3.46,
            "roe_4q": 14.459999999999999,
            "gross_profit": 117112,
            "gross_margin": 54.28,
            "gross_margin_4q_avg": 54.25,
            "net_income": 57163,
            "net_income_4q": null,
            "revenue": 215762,
            "revenue_4q": null,
            "common_shares": 627770,
            "book_valuer_per_share": 26.82,
            "book_valuer_per_share_4q_avg": 28.05,
            "equity": 1683651,
            "current_ratio": 1087.57,
            "debt_ratio": 9.05,
            "inventory_turnover_ratio": 0.61,
            "account_receivable_turnover_ratio": 2.92,
            "reinvestment_rate": 0.4,
            "research_to_sale_ratio": 13.49,
            "price_fair": 168.79,
            "eps_avg_yearly": 4.82,
            "eps_latest_yearly": 3.64,
            "eps_growth_yearly": 25.67
        }
    },
    "months": {
        "2004-06": {
            "month": "2004-06",
            "price": "15.20",
            "revenue": 16953
        },
        "2004-07": {
            "month": "2004-07",
            "price": "13.50",
            "revenue": 20002
        },
        "2004-08": {
            "month": "2004-08",
            "price": "12.00",
            "revenue": 24444
        },
        "2004-09": {
            "month": "2004-09",
            "price": "8.94",
            "revenue": 20582
        },
        "2004-10": {
            "month": "2004-10",
            "price": "9.17",
            "revenue": 21654
        },
        "2004-11": {
            "month": "2004-11",
            "price": "10.72",
            "revenue": 24386
        },
        "2004-12": {
            "month": "2004-12",
            "price": "12.06",
            "revenue": 21259
        },
        "2005-01": {
            "month": "2005-01",
            "price": "12.50",
            "revenue": 27554
        },
        "2005-02": {
            "month": "2005-02",
            "price": "12.60",
            "revenue": 18208
        },
        "2005-03": {
            "month": "2005-03",
            "price": "12.68",
            "revenue": 19374
        },
        "2005-04": {
            "month": "2005-04",
            "price": "12.00",
            "revenue": 20778
        },
        "2005-05": {
            "month": "2005-05",
            "price": "11.20",
            "revenue": 19693
        },
        "2005-06": {
            "month": "2005-06",
            "price": "11.50",
            "revenue": 20832
        },
        "2005-07": {
            "month": "2005-07",
            "price": "11.44",
            "revenue": 16339
        },
        "2005-08": {
            "month": "2005-08",
            "price": "11.46",
            "revenue": 17466
        },
        "2005-09": {
            "month": "2005-09",
            "price": "11.85",
            "revenue": 21412
        },
        "2005-10": {
            "month": "2005-10",
            "price": "12.45",
            "revenue": 21715
        },
        "2005-11": {
            "month": "2005-11",
            "price": "13.99",
            "revenue": 22427
        },
        "2005-12": {
            "month": "2005-12",
            "price": "13.89",
            "revenue": 29400
        },
        "2006-01": {
            "month": "2006-01",
            "price": "14.16",
            "revenue": 20765
        },
        "2006-02": {
            "month": "2006-02",
            "price": "15.08",
            "revenue": 22975
        },
        "2006-03": {
            "month": "2006-03",
            "price": "16.21",
            "revenue": 20419
        },
        "2006-04": {
            "month": "2006-04",
            "price": "18.22",
            "revenue": 20442
        },
        "2006-05": {
            "month": "2006-05",
            "price": "19.96",
            "revenue": 21421
        },
        "2006-06": {
            "month": "2006-06",
            "price": "21.10",
            "revenue": 22932
        },
        "2006-07": {
            "month": "2006-07",
            "price": "20.65",
            "revenue": 21786
        },
        "2006-08": {
            "month": "2006-08",
            "price": "19.65",
            "revenue": 22155
        },
        "2006-09": {
            "month": "2006-09",
            "price": "20.10",
            "revenue": 20505
        },
        "2006-10": {
            "month": "2006-10",
            "price": "19.76",
            "revenue": 20279
        },
        "2006-11": {
            "month": "2006-11",
            "price": "19.36",
            "revenue": 19789
        },
        "2006-12": {
            "month": "2006-12",
            "price": "19.66",
            "revenue": 31516
        },
        "2007-01": {
            "month": "2007-01",
            "price": "31.05",
            "revenue": 31009
        },
        "2007-02": {
            "month": "2007-02",
            "price": "36.62",
            "revenue": 27290
        },
        "2007-03": {
            "month": "2007-03",
            "price": "36.10",
            "revenue": 30340
        },
        "2007-04": {
            "month": "2007-04",
            "price": "38.45",
            "revenue": 30112
        },
        "2007-05": {
            "month": "2007-05",
            "price": "41.45",
            "revenue": 27421
        },
        "2007-06": {
            "month": "2007-06",
            "price": "53.34",
            "revenue": 25367
        },
        "2007-07": {
            "month": "2007-07",
            "price": "56.89",
            "revenue": 26612
        },
        "2007-08": {
            "month": "2007-08",
            "price": "48.64",
            "revenue": 27238
        },
        "2007-09": {
            "month": "2007-09",
            "price": "42.81",
            "revenue": 30402
        },
        "2007-10": {
            "month": "2007-10",
            "price": "41.77",
            "revenue": 31320
        },
        "2007-11": {
            "month": "2007-11",
            "price": "39.42",
            "revenue": 38587
        },
        "2007-12": {
            "month": "2007-12",
            "price": "36.49",
            "revenue": 32384
        },
        "2008-01": {
            "month": "2008-01",
            "price": "32.32",
            "revenue": 39897
        },
        "2008-02": {
            "month": "2008-02",
            "price": "34.73",
            "revenue": 37428
        },
        "2008-03": {
            "month": "2008-03",
            "price": "32.27",
            "revenue": 38785
        },
        "2008-04": {
            "month": "2008-04",
            "price": "33.09",
            "revenue": 41515
        },
        "2008-05": {
            "month": "2008-05",
            "price": "36.51",
            "revenue": 43791
        },
        "2008-06": {
            "month": "2008-06",
            "price": "37.26",
            "revenue": 45228
        },
        "2008-07": {
            "month": "2008-07",
            "price": "36.51",
            "revenue": 45416
        },
        "2008-08": {
            "month": "2008-08",
            "price": "35.99",
            "revenue": 44086
        },
        "2008-09": {
            "month": "2008-09",
            "price": "30.20",
            "revenue": 46392
        },
        "2008-10": {
            "month": "2008-10",
            "price": "24.14",
            "revenue": 48149
        },
        "2008-11": {
            "month": "2008-11",
            "price": "19.57",
            "revenue": 34912
        },
        "2008-12": {
            "month": "2008-12",
            "price": "20.37",
            "revenue": 33058
        },
        "2009-01": {
            "month": "2009-01",
            "price": "20.17",
            "revenue": 31713
        },
        "2009-02": {
            "month": "2009-02",
            "price": "20.44",
            "revenue": 42235
        },
        "2009-03": {
            "month": "2009-03",
            "price": "26.41",
            "revenue": 44152
        },
        "2009-04": {
            "month": "2009-04",
            "price": "34.38",
            "revenue": 40257
        },
        "2009-05": {
            "month": "2009-05",
            "price": "39.28",
            "revenue": 33483
        },
        "2009-06": {
            "month": "2009-06",
            "price": "41.14",
            "revenue": 41441
        },
        "2009-07": {
            "month": "2009-07",
            "price": "45.53",
            "revenue": 43146
        },
        "2009-08": {
            "month": "2009-08",
            "price": "47.33",
            "revenue": 48912
        },
        "2009-09": {
            "month": "2009-09",
            "price": "48.69",
            "revenue": 51818
        },
        "2009-10": {
            "month": "2009-10",
            "price": "45.88",
            "revenue": 58364
        },
        "2009-11": {
            "month": "2009-11",
            "price": "49.08",
            "revenue": 59404
        },
        "2009-12": {
            "month": "2009-12",
            "price": "61.25",
            "revenue": 50793
        },
        "2010-01": {
            "month": "2010-01",
            "price": "61.60",
            "revenue": 56192
        },
        "2010-02": {
            "month": "2010-02",
            "price": "52.15",
            "revenue": 39800
        },
        "2010-03": {
            "month": "2010-03",
            "price": "57.89",
            "revenue": 54889
        },
        "2010-04": {
            "month": "2010-04",
            "price": "59.72",
            "revenue": 53624
        },
        "2010-05": {
            "month": "2010-05",
            "price": "52.40",
            "revenue": 48701
        },
        "2010-06": {
            "month": "2010-06",
            "price": "53.69",
            "revenue": 44991
        },
        "2010-07": {
            "month": "2010-07",
            "price": "57.46",
            "revenue": 48029
        },
        "2010-08": {
            "month": "2010-08",
            "price": "54.04",
            "revenue": 54760
        },
        "2010-09": {
            "month": "2010-09",
            "price": "54.13",
            "revenue": 58382
        },
        "2010-10": {
            "month": "2010-10",
            "price": "53.48",
            "revenue": 55791
        },
        "2010-11": {
            "month": "2010-11",
            "price": "50.76",
            "revenue": 43127
        },
        "2010-12": {
            "month": "2010-12",
            "price": "49.51",
            "revenue": 42880
        },
        "2011-01": {
            "month": "2011-01",
            "price": "42.08",
            "revenue": 34081
        },
        "2011-02": {
            "month": "2011-02",
            "price": "36.24",
            "revenue": 32641
        },
        "2011-03": {
            "month": "2011-03",
            "price": "37.52",
            "revenue": 46514
        },
        "2011-04": {
            "month": "2011-04",
            "price": "38.24",
            "revenue": 37042
        },
        "2011-05": {
            "month": "2011-05",
            "price": "37.57",
            "revenue": 31783
        },
        "2011-06": {
            "month": "2011-06",
            "price": "35.46",
            "revenue": 28576
        },
        "2011-07": {
            "month": "2011-07",
            "price": "27.15",
            "revenue": 35153
        },
        "2011-08": {
            "month": "2011-08",
            "price": "24.70",
            "revenue": 35361
        },
        "2011-09": {
            "month": "2011-09",
            "price": "26.57",
            "revenue": 47245
        },
        "2011-10": {
            "month": "2011-10",
            "price": "26.42",
            "revenue": 50789
        },
        "2011-11": {
            "month": "2011-11",
            "price": "23.77",
            "revenue": 50937
        },
        "2011-12": {
            "month": "2011-12",
            "price": "22.69",
            "revenue": 55677
        },
        "2012-01": {
            "month": "2012-01",
            "price": "23.55",
            "revenue": 50669
        },
        "2012-02": {
            "month": "2012-02",
            "price": "34.87",
            "revenue": 50785
        },
        "2012-03": {
            "month": "2012-03",
            "price": "43.86",
            "revenue": 50121
        },
        "2012-04": {
            "month": "2012-04",
            "price": "35.27",
            "revenue": 53049
        },
        "2012-05": {
            "month": "2012-05",
            "price": "32.18",
            "revenue": 50273
        },
        "2012-06": {
            "month": "2012-06",
            "price": "31.42",
            "revenue": 48419
        },
        "2012-07": {
            "month": "2012-07",
            "price": "30.83",
            "revenue": 51487
        },
        "2012-08": {
            "month": "2012-08",
            "price": "35.45",
            "revenue": 51767
        },
        "2012-09": {
            "month": "2012-09",
            "price": "35.90",
            "revenue": 49347
        },
        "2012-10": {
            "month": "2012-10",
            "price": "31.54",
            "revenue": 47132
        },
        "2012-11": {
            "month": "2012-11",
            "price": "26.91",
            "revenue": 42798
        },
        "2012-12": {
            "month": "2012-12",
            "price": "27.16",
            "revenue": 42691
        },
        "2013-01": {
            "month": "2013-01",
            "price": "29.92",
            "revenue": 43495
        },
        "2013-02": {
            "month": "2013-02",
            "price": "31.43",
            "revenue": 43084
        },
        "2013-03": {
            "month": "2013-03",
            "price": "30.55",
            "revenue": 45269
        },
        "2013-04": {
            "month": "2013-04",
            "price": "28.74",
            "revenue": 53375
        },
        "2013-05": {
            "month": "2013-05",
            "price": "28.87",
            "revenue": 53688
        },
        "2013-06": {
            "month": "2013-06",
            "price": "27.62",
            "revenue": 45785
        },
        "2013-07": {
            "month": "2013-07",
            "price": "24.60",
            "revenue": 47681
        },
        "2013-08": {
            "month": "2013-08",
            "price": "26.44",
            "revenue": 48776
        },
        "2013-09": {
            "month": "2013-09",
            "price": "26.82",
            "revenue": 43436
        },
        "2013-10": {
            "month": "2013-10",
            "price": "34.60",
            "revenue": 56799
        },
        "2013-11": {
            "month": "2013-11",
            "price": "35.93",
            "revenue": 53409
        },
        "2013-12": {
            "month": "2013-12",
            "price": "49.68",
            "revenue": 45528
        },
        "2014-01": {
            "month": "2014-01",
            "price": "49.58",
            "revenue": 31372
        },
        "2014-02": {
            "month": "2014-02",
            "price": "42.89",
            "revenue": 27705
        },
        "2014-03": {
            "month": "2014-03",
            "price": "39.02",
            "revenue": 32944
        },
        "2014-04": {
            "month": "2014-04",
            "price": "45.63",
            "revenue": 37045
        },
        "2014-05": {
            "month": "2014-05",
            "price": "41.25",
            "revenue": 42549
        },
        "2014-06": {
            "month": "2014-06",
            "price": "42.15",
            "revenue": 38020
        },
        "2014-07": {
            "month": "2014-07",
            "price": "37.78",
            "revenue": 43317
        },
        "2014-08": {
            "month": "2014-08",
            "price": "33.04",
            "revenue": 43476
        },
        "2014-09": {
            "month": "2014-09",
            "price": "32.48",
            "revenue": 41328
        },
        "2014-10": {
            "month": "2014-10",
            "price": "28.55",
            "revenue": 43097
        },
        "2014-11": {
            "month": "2014-11",
            "price": "28.02",
            "revenue": 47509
        },
        "2014-12": {
            "month": "2014-12",
            "price": "32.28",
            "revenue": 41232
        },
        "2015-01": {
            "month": "2015-01",
            "price": "36.77",
            "revenue": 52555
        },
        "2015-02": {
            "month": "2015-02",
            "price": "36.24",
            "revenue": 40833
        },
        "2015-03": {
            "month": "2015-03",
            "price": "38.52",
            "revenue": 46794
        },
        "2015-04": {
            "month": "2015-04",
            "price": "39.37",
            "revenue": 44978
        },
        "2015-05": {
            "month": "2015-05",
            "price": "35.08",
            "revenue": 41273
        },
        "2015-06": {
            "month": "2015-06",
            "price": "28.88",
            "revenue": 43256
        },
        "2015-07": {
            "month": "2015-07",
            "price": "28.76",
            "revenue": 50683
        },
        "2015-08": {
            "month": "2015-08",
            "price": "23.22",
            "revenue": 56895
        },
        "2015-09": {
            "month": "2015-09",
            "price": "25.80",
            "revenue": 55751
        },
        "2015-10": {
            "month": "2015-10",
            "price": "29.75",
            "revenue": 63011
        },
        "2015-11": {
            "month": "2015-11",
            "price": "29.74",
            "revenue": 67272
        },
        "2015-12": {
            "month": "2015-12",
            "price": "29.96",
            "revenue": 62115
        },
        "2016-01": {
            "month": "2016-01",
            "price": "27.29",
            "revenue": 60287
        },
        "2016-02": {
            "month": "2016-02",
            "price": "27.22",
            "revenue": 47337
        },
        "2016-03": {
            "month": "2016-03",
            "price": "28.34",
            "revenue": 51856
        },
        "2016-04": {
            "month": "2016-04",
            "price": "26.62",
            "revenue": 47394
        },
        "2016-05": {
            "month": "2016-05",
            "price": "24.33",
            "revenue": 50643
        },
        "2016-06": {
            "month": "2016-06",
            "price": "24.26",
            "revenue": 53151
        },
        "2016-07": {
            "month": "2016-07",
            "price": "25.17",
            "revenue": 50488
        },
        "2016-08": {
            "month": "2016-08",
            "price": "25.24",
            "revenue": 57782
        },
        "2016-09": {
            "month": "2016-09",
            "price": "24.21",
            "revenue": 59930
        },
        "2016-10": {
            "month": "2016-10",
            "price": "23.97",
            "revenue": 55513
        },
        "2016-11": {
            "month": "2016-11",
            "price": "22.38",
            "revenue": 56294
        },
        "2016-12": {
            "month": "2016-12",
            "price": "22.43",
            "revenue": 55222
        },
        "2017-01": {
            "month": "2017-01",
            "price": "23.24",
            "revenue": 50159
        },
        "2017-02": {
            "month": "2017-02",
            "price": "23.39",
            "revenue": 48376
        },
        "2017-03": {
            "month": "2017-03",
            "price": "23.69",
            "revenue": 67671
        },
        "2017-04": {
            "month": "2017-04",
            "price": "25.01",
            "revenue": 68246
        },
        "2017-05": {
            "month": "2017-05",
            "price": "28.25",
            "revenue": 60306
        },
        "2017-06": {
            "month": "2017-06",
            "price": "28.03",
            "revenue": 61009
        },
        "2017-07": {
            "month": "2017-07",
            "price": "27.67",
            "revenue": 53221
        },
        "2017-08": {
            "month": "2017-08",
            "price": "29.21",
            "revenue": 52870
        },
        "2017-09": {
            "month": "2017-09",
            "price": "30.75",
            "revenue": 62270
        },
        "2017-10": {
            "month": "2017-10",
            "price": "30.19",
            "revenue": 62447
        },
        "2017-11": {
            "month": "2017-11",
            "price": "30.71",
            "revenue": 60431
        },
        "2017-12": {
            "month": "2017-12",
            "price": "29.25",
            "revenue": 53060
        },
        "2018-01": {
            "month": "2018-01",
            "price": "29.69",
            "revenue": 48379
        },
        "2018-02": {
            "month": "2018-02",
            "price": "27.23",
            "revenue": 36289
        },
        "2018-03": {
            "month": "2018-03",
            "price": "26.57",
            "revenue": 47063
        },
        "2018-04": {
            "month": "2018-04",
            "price": "25.93",
            "revenue": 47422
        },
        "2018-05": {
            "month": "2018-05",
            "price": "26.07",
            "revenue": 50522
        },
        "2018-06": {
            "month": "2018-06",
            "price": "27.08",
            "revenue": 50266
        },
        "2018-07": {
            "month": "2018-07",
            "price": "25.06",
            "revenue": 52191
        },
        "2018-08": {
            "month": "2018-08",
            "price": "25.18",
            "revenue": 61127
        },
        "2018-09": {
            "month": "2018-09",
            "price": "26.16",
            "revenue": 63094
        },
        "2018-10": {
            "month": "2018-10",
            "price": "25.94",
            "revenue": 70270
        },
        "2018-11": {
            "month": "2018-11",
            "price": "26.12",
            "revenue": 70629
        },
        "2018-12": {
            "month": "2018-12",
            "price": "28.81",
            "revenue": 50578
        },
        "2019-01": {
            "month": "2019-01",
            "price": "29.75",
            "revenue": 63514
        },
        "2019-02": {
            "month": "2019-02",
            "price": "32.03",
            "revenue": 45776
        },
        "2019-03": {
            "month": "2019-03",
            "price": "39.59",
            "revenue": 57405
        },
        "2019-04": {
            "month": "2019-04",
            "price": "43.00",
            "revenue": 60397
        },
        "2019-05": {
            "month": "2019-05",
            "price": "41.45",
            "revenue": 62633
        },
        "2019-06": {
            "month": "2019-06",
            "price": "41.96",
            "revenue": 67788
        },
        "2019-07": {
            "month": "2019-07",
            "price": "45.40",
            "revenue": 70093
        },
        "2019-08": {
            "month": "2019-08",
            "price": "44.39",
            "revenue": 64254
        },
        "2019-09": {
            "month": "2019-09",
            "price": "44.22",
            "revenue": 51286
        },
        "2019-10": {
            "month": "2019-10",
            "price": "37.97",
            "revenue": 64486
        },
        "2019-11": {
            "month": "2019-11",
            "price": "37.61",
            "revenue": 65351
        },
        "2019-12": {
            "month": "2019-12",
            "price": "36.76",
            "revenue": 50170
        },
        "2020-01": {
            "month": "2020-01",
            "price": "38.08",
            "revenue": 33575
        },
        "2020-02": {
            "month": "2020-02",
            "price": "33.89",
            "revenue": 38002
        },
        "2020-03": {
            "month": "2020-03",
            "price": "28.87",
            "revenue": 53140
        },
        "2020-04": {
            "month": "2020-04",
            "price": "30.40",
            "revenue": 63637
        },
        "2020-05": {
            "month": "2020-05",
            "price": "35.06",
            "revenue": 64410
        },
        "2020-06": {
            "month": "2020-06",
            "price": "37.72",
            "revenue": 63346
        },
        "2020-07": {
            "month": "2020-07",
            "price": "36.12",
            "revenue": 56120
        },
        "2020-08": {
            "month": "2020-08",
            "price": "36.08",
            "revenue": 58044
        },
        "2020-09": {
            "month": "2020-09",
            "price": "36.22",
            "revenue": 71092
        },
        "2020-10": {
            "month": "2020-10",
            "price": "36.65",
            "revenue": 74342
        },
        "2020-11": {
            "month": "2020-11",
            "price": "38.71",
            "revenue": 75206
        },
        "2020-12": {
            "month": "2020-12",
            "price": "48.77",
            "revenue": 74515
        },
        "2021-01": {
            "month": "2021-01",
            "price": "57.84",
            "revenue": 78181
        },
        "2021-02": {
            "month": "2021-02",
            "price": "85.82",
            "revenue": 70752
        },
        "2021-03": {
            "month": "2021-03",
            "price": "146.73",
            "revenue": 88113
        },
        "2021-04": {
            "month": "2021-04",
            "price": "167.92",
            "revenue": 87136
        },
        "2021-05": {
            "month": "2021-05",
            "price": "119.40",
            "revenue": 96560
        },
        "2021-06": {
            "month": "2021-06",
            "price": "156.31",
            "revenue": 105005
        },
        "2021-07": {
            "month": "2021-07",
            "price": "177.93",
            "revenue": 109625
        },
        "2021-08": {
            "month": "2021-08",
            "price": "149.18",
            "revenue": 125025
        },
        "2021-09": {
            "month": "2021-09",
            "price": "134.82",
            "revenue": 136399
        },
        "2021-10": {
            "month": "2021-10",
            "price": "145.18",
            "revenue": 150527
        },
        "2021-11": {
            "month": "2021-11",
            "price": "214.41",
            "revenue": 150750
        },
        "2021-12": {
            "month": "2021-12",
            "price": "277.07",
            "revenue": 120254
        },
        "2022-01": {
            "month": "2022-01",
            "price": "224.53",
            "revenue": 124510
        },
        "2022-02": {
            "month": "2022-02",
            "price": "211.30",
            "revenue": 103635
        },
        "2022-03": {
            "month": "2022-03",
            "price": "210.52",
            "revenue": 133065
        },
        "2022-04": {
            "month": "2022-04",
            "price": "174.21",
            "revenue": 133168
        },
        "2022-05": {
            "month": "2022-05",
            "price": "164.00",
            "revenue": 111159
        },
        "2022-06": {
            "month": "2022-06",
            "price": "146.50",
            "revenue": 110717
        },
        "2022-07": {
            "month": "2022-07",
            "price": "125.64",
            "revenue": 103895
        },
        "2022-08": {
            "month": "2022-08",
            "price": "126.93",
            "revenue": 103802
        },
        "2022-09": {
            "month": "2022-09",
            "price": "106.00",
            "revenue": 104060
        },
        "2022-10": {
            "month": "2022-10",
            "price": "91.02",
            "revenue": 114853
        },
        "2022-11": {
            "month": "2022-11",
            "price": "103.48",
            "revenue": 107220
        },
        "2022-12": {
            "month": "2022-12",
            "price": "108.35",
            "revenue": 85392
        },
        "2023-01": {
            "month": "2023-01",
            "price": "105.15",
            "revenue": 61109
        },
        "2023-02": {
            "month": "2023-02",
            "price": "114.28",
            "revenue": 61025
        },
        "2023-03": {
            "month": "2023-03",
            "price": "122.41",
            "revenue": 82838
        },
        "2023-04": {
            "month": "2023-04",
            "price": "131.26",
            "revenue": 63517
        },
        "2023-05": {
            "month": "2023-05",
            "price": "121.11",
            "revenue": 84613
        },
        "2023-06": {
            "month": "2023-06",
            "price": "126.25",
            "revenue": 73453
        },
        "2023-07": {
            "month": "2023-07",
            "price": "112.86",
            "revenue": 61915
        },
        "2023-08": {
            "month": "2023-08",
            "price": "106.48",
            "revenue": 73673
        },
        "2023-09": {
            "month": "2023-09",
            "price": "120.58",
            "revenue": 80174
        },
        "2023-10": {
            "month": "2023-10",
            "price": "120.18",
            "revenue": 80484
        },
        "2023-11": {
            "month": "2023-11",
            "price": "131.25",
            "revenue": 79364
        }
    }
}
