{
    "summary": {
        "stock_name": "新洲",
        "stock_id": "3171",
        "category": "貿易百貨",
        "main_business": "包裝材料",
        "website_url": "http://www.xinchio.com",
        "ceo": "江文容",
        "pe_ratio": 9,
        "report_year_from": 2002,
        "report_year_to": 2023,
        "age": 21,
        "eps_negative_percentage": 30,
        "eps_growth_avg": {
            "last_all": 8.82,
            "last_2y": 3.8,
            "last_4y": 27.23,
            "last_8y": 21.04,
            "last_12y": 17.22,
            "last_16y": 6.61,
            "last_20y": null,
            "at_2006_last_3y": 2.39,
            "at_2007_last_3y": -15.4,
            "at_2008_last_3y": -54.15,
            "at_2009_last_3y": -22.56,
            "at_2010_last_3y": -35.06,
            "at_2011_last_3y": -29.63,
            "at_2012_last_3y": -0,
            "at_2013_last_3y": 0,
            "at_2014_last_3y": 91.94,
            "at_2015_last_3y": 69.19,
            "at_2016_last_3y": 51.36,
            "at_2017_last_3y": 13.31,
            "at_2018_last_3y": 8.25,
            "at_2019_last_3y": 17.61,
            "at_2020_last_3y": 23.6,
            "at_2021_last_3y": 30.99,
            "at_2022_last_3y": 18.13,
            "at_2023_last_3y": 18.13,
            "at_2006_last_all": 2.39,
            "at_2007_last_all": -8.36,
            "at_2008_last_all": -21.78,
            "at_2009_last_all": -4.38,
            "at_2010_last_all": -16.34,
            "at_2011_last_all": -16.34,
            "at_2012_last_all": -16.34,
            "at_2013_last_all": -3.41,
            "at_2014_last_all": 5.32,
            "at_2015_last_all": 6.99,
            "at_2016_last_all": 6.23,
            "at_2017_last_all": 1.74,
            "at_2018_last_all": 6.16,
            "at_2019_last_all": 9.82,
            "at_2020_last_all": 10.57,
            "at_2021_last_all": 8.62,
            "at_2022_last_all": 8.82,
            "at_2023_last_all": 8.82
        },
        "latest_eps": 2.04,
        "latest_price": 18.75,
        "latest_roe": 14.71,
        "latest_gross_margin": 27.61,
        "latest_equity": 885871,
        "latest_revenue": 347661,
        "latest_gross_profit": 95997,
        "latest_net_income": 26678,
        "latest_debt_ratio": 49.88,
        "latest_current_ratio": 116.19,
        "latest_account_receivable_turnover_ratio": 0.92,
        "latest_inventory_turnover_ratio": 4.35,
        "latest_reinvestment_rate": -3.25,
        "latest_research_to_sale_ratio": null
    },
    "eps_dividends": {
        "2001": {
            "cash": 0,
            "stock": 0,
            "eps": 0
        },
        "2002": {
            "cash": 0,
            "stock": 3,
            "eps": 1.01
        },
        "2003": {
            "cash": 1,
            "stock": 1,
            "eps": 1.21
        },
        "2004": {
            "cash": 1,
            "stock": 1,
            "eps": 2.01
        },
        "2005": {
            "cash": 1,
            "stock": 1,
            "eps": 1.48
        },
        "2006": {
            "cash": 1,
            "stock": 1,
            "eps": 0.74
        },
        "2007": {
            "cash": 0,
            "stock": 1,
            "eps": 0.36
        },
        "2008": {
            "cash": 0,
            "stock": 0,
            "eps": 0.04
        },
        "2009": {
            "cash": 0,
            "stock": 0,
            "eps": 0.08
        },
        "2010": {
            "cash": 0,
            "stock": 0,
            "eps": -0.86
        },
        "2011": {
            "cash": 0,
            "stock": 0,
            "eps": -1.58
        },
        "2012": {
            "cash": 0,
            "stock": 0,
            "eps": 0.03
        },
        "2013": {
            "cash": 0,
            "stock": 0,
            "eps": 0.62
        },
        "2014": {
            "cash": 0,
            "stock": 0,
            "eps": 1.14
        },
        "2015": {
            "cash": 0,
            "stock": 0,
            "eps": 1.41
        },
        "2016": {
            "cash": 0,
            "stock": 0,
            "eps": 1.38
        },
        "2017": {
            "cash": 0,
            "stock": 0,
            "eps": 0.66
        },
        "2018": {
            "cash": 0,
            "stock": 0,
            "eps": 1.08
        },
        "2019": {
            "cash": 1,
            "stock": 0,
            "eps": 1.74
        },
        "2020": {
            "cash": 2,
            "stock": 0,
            "eps": 2.12
        },
        "2021": {
            "cash": 2,
            "stock": 0,
            "eps": 1.64
        },
        "2022": {
            "cash": 2,
            "stock": 0,
            "eps": 1.84
        },
        "2023": {
            "cash": 1,
            "stock": 0,
            "eps": 0.43
        }
    },
    "dividends": {
        "2002-03-08": {
            "cash": 0,
            "stock": 2.5
        },
        "2003-06-12": {
            "cash": 0.5,
            "stock": 0.7
        },
        "2004-03-03": {
            "cash": 0.6,
            "stock": 1.3
        },
        "2005-03-08": {
            "cash": 1,
            "stock": 0.5
        },
        "2006-03-17": {
            "cash": 1.23,
            "stock": 1.23
        },
        "2007-03-21": {
            "cash": 0.2,
            "stock": 0.5
        },
        "2008-03-20": {
            "cash": 0.3,
            "stock": 0
        },
        "2017-08-25": {
            "cash": 0.25,
            "stock": 0
        },
        "2018-07-31": {
            "cash": 0.35,
            "stock": 0
        },
        "2019-08-09": {
            "cash": 0.5,
            "stock": 0
        },
        "2020-09-01": {
            "cash": 1.5,
            "stock": 0
        },
        "2021-08-06": {
            "cash": 1.85,
            "stock": 0
        },
        "2022-08-05": {
            "cash": 1.57,
            "stock": 0
        },
        "2023-03-13": {
            "cash": 1,
            "stock": 0
        }
    },
    "prices": {
        "200101": "無",
        "200102": "無",
        "200103": "無",
        "200104": "無",
        "200105": "無",
        "200106": "無",
        "200107": "無",
        "200108": "無",
        "200109": "無",
        "200110": "無",
        "200111": "無",
        "200112": "無",
        "200201": "無",
        "200202": "無",
        "200203": "無",
        "200204": "無",
        "200205": "無",
        "200206": "無",
        "200207": "無",
        "200208": "無",
        "200209": "無",
        "200210": "無",
        "200211": "無",
        "200212": "無",
        "200301": "無",
        "200302": "無",
        "200303": "無",
        "200304": "無",
        "200305": "無",
        "200306": "無",
        "200307": "無",
        "200308": "無",
        "200309": "無",
        "200310": "無",
        "200311": "31.69",
        "200312": "33.40",
        "200401": "33.00",
        "200402": "38.13",
        "200403": "38.50",
        "200404": "37.95",
        "200405": "34.75",
        "200406": "30.71",
        "200407": "30.50",
        "200408": "29.98",
        "200409": "21.50",
        "200410": "20.15",
        "200411": "19.35",
        "200412": "18.07",
        "200501": "17.96",
        "200502": "20.52",
        "200503": "21.14",
        "200504": "21.87",
        "200505": "27.57",
        "200506": "31.37",
        "200507": "28.28",
        "200508": "24.39",
        "200509": "19.45",
        "200510": "18.28",
        "200511": "17.41",
        "200512": "20.69",
        "200601": "19.92",
        "200602": "18.54",
        "200603": "17.19",
        "200604": "17.83",
        "200605": "18.11",
        "200606": "13.92",
        "200607": "13.45",
        "200608": "14.16",
        "200609": "11.46",
        "200610": "11.84",
        "200611": "13.30",
        "200612": "14.95",
        "200701": "14.43",
        "200702": "15.81",
        "200703": "20.50",
        "200704": "22.69",
        "200705": "20.84",
        "200706": "23.86",
        "200707": "26.48",
        "200708": "21.16",
        "200709": "15.99",
        "200710": "14.88",
        "200711": "12.37",
        "200712": "11.20",
        "200801": "9.46",
        "200802": "8.79",
        "200803": "9.90",
        "200804": "10.35",
        "200805": "10.64",
        "200806": "9.11",
        "200807": "6.20",
        "200808": "6.28",
        "200809": "5.64",
        "200810": "4.85",
        "200811": "4.18",
        "200812": "4.80",
        "200901": "4.30",
        "200902": "5.00",
        "200903": "5.96",
        "200904": "6.32",
        "200905": "7.46",
        "200906": "6.80",
        "200907": "7.12",
        "200908": "8.12",
        "200909": "8.06",
        "200910": "8.95",
        "200911": "9.14",
        "200912": "11.10",
        "201001": "14.80",
        "201002": "13.40",
        "201003": "17.47",
        "201004": "17.31",
        "201005": "15.01",
        "201006": "13.98",
        "201007": "14.88",
        "201008": "14.65",
        "201009": "13.80",
        "201010": "12.89",
        "201011": "10.22",
        "201012": "11.78",
        "201101": "11.63",
        "201102": "15.25",
        "201103": "15.78",
        "201104": "15.68",
        "201105": "15.01",
        "201106": "14.70",
        "201107": "14.17",
        "201108": "12.61",
        "201109": "12.10",
        "201110": "15.56",
        "201111": "14.58",
        "201112": "11.67",
        "201201": "11.64",
        "201202": "13.26",
        "201203": "12.72",
        "201204": "11.36",
        "201205": "12.07",
        "201206": "13.84",
        "201207": "13.60",
        "201208": "13.25",
        "201209": "14.72",
        "201210": "14.67",
        "201211": "13.21",
        "201212": "14.07",
        "201301": "13.79",
        "201302": "13.78",
        "201303": "13.38",
        "201304": "13.58",
        "201305": "16.54",
        "201306": "17.20",
        "201307": "17.51",
        "201308": "16.58",
        "201309": "14.51",
        "201310": "14.23",
        "201311": "15.15",
        "201312": "16.10",
        "201401": "18.82",
        "201402": "21.28",
        "201403": "21.23",
        "201404": "21.63",
        "201405": "20.62",
        "201406": "20.32",
        "201407": "20.07",
        "201408": "18.44",
        "201409": "16.97",
        "201410": "18.52",
        "201411": "17.76",
        "201412": "16.38",
        "201501": "16.72",
        "201502": "16.72",
        "201503": "16.52",
        "201504": "16.65",
        "201505": "18.90",
        "201506": "19.68",
        "201507": "19.52",
        "201508": "17.91",
        "201509": "17.12",
        "201510": "18.59",
        "201511": "20.30",
        "201512": "20.14",
        "201601": "19.51",
        "201602": "19.33",
        "201603": "20.16",
        "201604": "19.96",
        "201605": "19.65",
        "201606": "19.45",
        "201607": "19.30",
        "201608": "19.21",
        "201609": "19.41",
        "201610": "19.10",
        "201611": "19.03",
        "201612": "18.88",
        "201701": "19.20",
        "201702": "18.54",
        "201703": "17.98",
        "201704": "17.05",
        "201705": "16.86",
        "201706": "16.15",
        "201707": "16.15",
        "201708": "15.40",
        "201709": "15.48",
        "201710": "14.86",
        "201711": "14.10",
        "201712": "13.97",
        "201801": "14.10",
        "201802": "13.83",
        "201803": "14.17",
        "201804": "14.83",
        "201805": "14.59",
        "201806": "14.58",
        "201807": "14.45",
        "201808": "13.87",
        "201809": "12.95",
        "201810": "10.71",
        "201811": "10.01",
        "201812": "10.32",
        "201901": "9.84",
        "201902": "10.11",
        "201903": "10.67",
        "201904": "11.12",
        "201905": "13.22",
        "201906": "13.98",
        "201907": "14.13",
        "201908": "13.60",
        "201909": "13.91",
        "201910": "13.89",
        "201911": "13.80",
        "201912": "13.96",
        "202001": "14.00",
        "202002": "13.63",
        "202003": "12.18",
        "202004": "17.02",
        "202005": "18.84",
        "202006": "24.16",
        "202007": "22.81",
        "202008": "22.00",
        "202009": "21.82",
        "202010": "23.96",
        "202011": "22.08",
        "202012": "21.75",
        "202101": "23.16",
        "202102": "23.37",
        "202103": "25.45",
        "202104": "25.98",
        "202105": "24.18",
        "202106": "25.30",
        "202107": "24.28",
        "202108": "21.64",
        "202109": "21.26",
        "202110": "20.77",
        "202111": "20.84",
        "202112": "20.75",
        "202201": "20.74",
        "202202": "20.55",
        "202203": "20.57",
        "202204": "21.26",
        "202205": "18.48",
        "202206": "18.25",
        "202207": "16.55",
        "202208": "16.42",
        "202209": "16.17",
        "202210": "15.18",
        "202211": "15.46",
        "202212": "16.10",
        "202301": "16.49",
        "202302": "17.08",
        "202303": "17.91",
        "202304": "17.70",
        "202305": "17.75"
    },
    "quarters": {
        "20011": {
            "year_quarter": 20011,
            "year": 2001,
            "quarter": 1,
            "eps": null,
            "eps_growth_year": null,
            "eps_4q": null,
            "eps_4q_growth_year": null,
            "roe": null,
            "gross_profit": null,
            "gross_margin": null,
            "net_income": null,
            "revenue": null,
            "common_shares": null,
            "equity": null,
            "current_ratio": null,
            "debt_ratio": null,
            "inventory_turnover_ratio": null,
            "account_receivable_turnover_ratio": null,
            "reinvestment_rate": null,
            "research_to_sale_ratio": null,
            "price_fair": 0,
            "eps_avg_yearly": 0,
            "eps_latest_yearly": 0,
            "eps_growth_yearly": 0
        },
        "20012": {
            "year_quarter": 20012,
            "year": 2001,
            "quarter": 2,
            "eps": null,
            "eps_growth_year": null,
            "eps_4q": null,
            "eps_4q_growth_year": null,
            "roe": null,
            "gross_profit": null,
            "gross_margin": null,
            "net_income": null,
            "revenue": null,
            "common_shares": null,
            "equity": null,
            "current_ratio": null,
            "debt_ratio": null,
            "inventory_turnover_ratio": null,
            "account_receivable_turnover_ratio": null,
            "reinvestment_rate": null,
            "research_to_sale_ratio": null,
            "price_fair": 0,
            "eps_avg_yearly": 0,
            "eps_latest_yearly": 0,
            "eps_growth_yearly": 0
        },
        "20013": {
            "year_quarter": 20013,
            "year": 2001,
            "quarter": 3,
            "eps": null,
            "eps_growth_year": null,
            "eps_4q": null,
            "eps_4q_growth_year": null,
            "roe": null,
            "gross_profit": null,
            "gross_margin": null,
            "net_income": null,
            "revenue": null,
            "common_shares": null,
            "equity": null,
            "current_ratio": null,
            "debt_ratio": null,
            "inventory_turnover_ratio": null,
            "account_receivable_turnover_ratio": null,
            "reinvestment_rate": null,
            "research_to_sale_ratio": null,
            "price_fair": 0,
            "eps_avg_yearly": 0,
            "eps_latest_yearly": 0,
            "eps_growth_yearly": 0
        },
        "20014": {
            "year_quarter": 20014,
            "year": 2001,
            "quarter": 4,
            "eps": null,
            "eps_growth_year": null,
            "eps_4q": null,
            "eps_4q_growth_year": null,
            "roe": null,
            "gross_profit": null,
            "gross_margin": null,
            "net_income": null,
            "revenue": null,
            "common_shares": 206360,
            "equity": 277679,
            "current_ratio": 1009.77,
            "debt_ratio": 9.04,
            "inventory_turnover_ratio": null,
            "account_receivable_turnover_ratio": null,
            "reinvestment_rate": null,
            "research_to_sale_ratio": null,
            "price_fair": 0,
            "eps_avg_yearly": 0,
            "eps_latest_yearly": 0,
            "eps_growth_yearly": 0
        },
        "20021": {
            "year_quarter": 20021,
            "year": 2002,
            "quarter": 1,
            "eps": null,
            "eps_growth_year": null,
            "eps_4q": null,
            "eps_4q_growth_year": null,
            "roe": null,
            "gross_profit": null,
            "gross_margin": null,
            "net_income": null,
            "revenue": null,
            "common_shares": null,
            "equity": null,
            "current_ratio": null,
            "debt_ratio": null,
            "inventory_turnover_ratio": null,
            "account_receivable_turnover_ratio": null,
            "reinvestment_rate": null,
            "research_to_sale_ratio": null,
            "price_fair": 0,
            "eps_avg_yearly": 0,
            "eps_latest_yearly": 0,
            "eps_growth_yearly": 0
        },
        "20022": {
            "year_quarter": 20022,
            "year": 2002,
            "quarter": 2,
            "eps": null,
            "eps_growth_year": null,
            "eps_4q": null,
            "eps_4q_growth_year": null,
            "roe": null,
            "gross_profit": null,
            "gross_margin": null,
            "net_income": null,
            "revenue": null,
            "common_shares": null,
            "equity": null,
            "current_ratio": null,
            "debt_ratio": null,
            "inventory_turnover_ratio": null,
            "account_receivable_turnover_ratio": null,
            "reinvestment_rate": null,
            "research_to_sale_ratio": null,
            "price_fair": 0,
            "eps_avg_yearly": 0,
            "eps_latest_yearly": 0,
            "eps_growth_yearly": 0
        },
        "20023": {
            "year_quarter": 20023,
            "year": 2002,
            "quarter": 3,
            "eps": 0.3,
            "eps_growth_year": null,
            "eps_4q": null,
            "eps_4q_growth_year": null,
            "roe": 2.59,
            "gross_profit": 15223,
            "gross_margin": 45.65,
            "net_income": 8226,
            "revenue": 33347,
            "common_shares": 270690,
            "equity": 317342,
            "current_ratio": 1330.07,
            "debt_ratio": 7.23,
            "inventory_turnover_ratio": 1.13,
            "account_receivable_turnover_ratio": null,
            "reinvestment_rate": null,
            "research_to_sale_ratio": null,
            "price_fair": 0,
            "eps_avg_yearly": 0,
            "eps_latest_yearly": 0,
            "eps_growth_yearly": 0
        },
        "20024": {
            "year_quarter": 20024,
            "year": 2002,
            "quarter": 4,
            "eps": 0.71,
            "eps_growth_year": null,
            "eps_4q": null,
            "eps_4q_growth_year": null,
            "roe": 5.85,
            "gross_profit": 25178,
            "gross_margin": 49.57,
            "net_income": 19122,
            "revenue": 50796,
            "common_shares": 270690,
            "equity": 336464,
            "current_ratio": 1216.26,
            "debt_ratio": 7.85,
            "inventory_turnover_ratio": 1.52,
            "account_receivable_turnover_ratio": null,
            "reinvestment_rate": null,
            "research_to_sale_ratio": null,
            "price_fair": 99.4,
            "eps_avg_yearly": 2.84,
            "eps_latest_yearly": 2.84,
            "eps_growth_yearly": 546.67
        },
        "20031": {
            "year_quarter": 20031,
            "year": 2003,
            "quarter": 1,
            "eps": null,
            "eps_growth_year": null,
            "eps_4q": null,
            "eps_4q_growth_year": null,
            "roe": null,
            "gross_profit": null,
            "gross_margin": null,
            "net_income": null,
            "revenue": null,
            "common_shares": null,
            "equity": null,
            "current_ratio": null,
            "debt_ratio": null,
            "inventory_turnover_ratio": null,
            "account_receivable_turnover_ratio": null,
            "reinvestment_rate": null,
            "research_to_sale_ratio": null,
            "price_fair": 99.4,
            "eps_avg_yearly": 2.84,
            "eps_latest_yearly": 2.84,
            "eps_growth_yearly": 546.67
        },
        "20032": {
            "year_quarter": 20032,
            "year": 2003,
            "quarter": 2,
            "eps": null,
            "eps_growth_year": null,
            "eps_4q": null,
            "eps_4q_growth_year": null,
            "roe": null,
            "gross_profit": null,
            "gross_margin": null,
            "net_income": null,
            "revenue": null,
            "common_shares": null,
            "equity": null,
            "current_ratio": null,
            "debt_ratio": null,
            "inventory_turnover_ratio": null,
            "account_receivable_turnover_ratio": null,
            "reinvestment_rate": null,
            "research_to_sale_ratio": null,
            "price_fair": 99.4,
            "eps_avg_yearly": 2.84,
            "eps_latest_yearly": 2.84,
            "eps_growth_yearly": 546.67
        },
        "20033": {
            "year_quarter": 20033,
            "year": 2003,
            "quarter": 3,
            "eps": 0.66,
            "eps_growth_year": 120,
            "eps_4q": null,
            "eps_4q_growth_year": null,
            "roe": 5.16,
            "gross_profit": 28120,
            "gross_margin": 37.7,
            "net_income": 19176,
            "revenue": 74582,
            "common_shares": 291408,
            "equity": 371352,
            "current_ratio": 1034.4,
            "debt_ratio": 9.27,
            "inventory_turnover_ratio": 2.25,
            "account_receivable_turnover_ratio": null,
            "reinvestment_rate": null,
            "research_to_sale_ratio": null,
            "price_fair": 99.4,
            "eps_avg_yearly": 2.84,
            "eps_latest_yearly": 2.84,
            "eps_growth_yearly": 546.67
        },
        "20034": {
            "year_quarter": 20034,
            "year": 2003,
            "quarter": 4,
            "eps": 0.55,
            "eps_growth_year": -22.54,
            "eps_4q": null,
            "eps_4q_growth_year": null,
            "roe": 4.24,
            "gross_profit": 27902,
            "gross_margin": 44.31,
            "net_income": 16081,
            "revenue": 62964,
            "common_shares": 291408,
            "equity": 387433,
            "current_ratio": 1066.5,
            "debt_ratio": 9,
            "inventory_turnover_ratio": 1.67,
            "account_receivable_turnover_ratio": null,
            "reinvestment_rate": null,
            "research_to_sale_ratio": null,
            "price_fair": 88.2,
            "eps_avg_yearly": 2.52,
            "eps_latest_yearly": 2.2,
            "eps_growth_yearly": 240
        },
        "20041": {
            "year_quarter": 20041,
            "year": 2004,
            "quarter": 1,
            "eps": 0.55,
            "eps_growth_year": null,
            "eps_4q": null,
            "eps_4q_growth_year": null,
            "roe": 4.06,
            "gross_profit": 28452,
            "gross_margin": 39.51,
            "net_income": 16039,
            "revenue": 72013,
            "common_shares": 291408,
            "equity": 403472,
            "current_ratio": 1167.11,
            "debt_ratio": 8.36,
            "inventory_turnover_ratio": 1.94,
            "account_receivable_turnover_ratio": null,
            "reinvestment_rate": null,
            "research_to_sale_ratio": null,
            "price_fair": 84.47,
            "eps_avg_yearly": 2.41,
            "eps_latest_yearly": 2.2,
            "eps_growth_yearly": 160
        },
        "20042": {
            "year_quarter": 20042,
            "year": 2004,
            "quarter": 2,
            "eps": 0.5,
            "eps_growth_year": null,
            "eps_4q": 2.26,
            "eps_4q_growth_year": null,
            "roe": 3.62,
            "gross_profit": 26470,
            "gross_margin": 41.12,
            "net_income": 14554,
            "revenue": 64379,
            "common_shares": 291408,
            "equity": 399948,
            "current_ratio": 836.89,
            "debt_ratio": 11.39,
            "inventory_turnover_ratio": 1.65,
            "account_receivable_turnover_ratio": null,
            "reinvestment_rate": null,
            "research_to_sale_ratio": null,
            "price_fair": 80.85,
            "eps_avg_yearly": 2.31,
            "eps_latest_yearly": 2,
            "eps_growth_yearly": 110.91
        },
        "20043": {
            "year_quarter": 20043,
            "year": 2004,
            "quarter": 3,
            "eps": 0.54,
            "eps_growth_year": -18.18,
            "eps_4q": 2.15,
            "eps_4q_growth_year": null,
            "roe": 3.84,
            "gross_profit": 26364,
            "gross_margin": 40.84,
            "net_income": 15648,
            "revenue": 64559,
            "common_shares": 291408,
            "equity": 415597,
            "current_ratio": 730.94,
            "debt_ratio": 13,
            "inventory_turnover_ratio": 1.6,
            "account_receivable_turnover_ratio": null,
            "reinvestment_rate": null,
            "research_to_sale_ratio": null,
            "price_fair": 79.8,
            "eps_avg_yearly": 2.28,
            "eps_latest_yearly": 2.16,
            "eps_growth_yearly": 95.13
        },
        "20044": {
            "year_quarter": 20044,
            "year": 2004,
            "quarter": 4,
            "eps": 0.42,
            "eps_growth_year": -23.64,
            "eps_4q": 1.81,
            "eps_4q_growth_year": null,
            "roe": 3.32,
            "gross_profit": 31742,
            "gross_margin": 39.76,
            "net_income": 14020,
            "revenue": 79835,
            "common_shares": 332201,
            "equity": 429616,
            "current_ratio": 1105.53,
            "debt_ratio": 8.83,
            "inventory_turnover_ratio": 1.82,
            "account_receivable_turnover_ratio": null,
            "reinvestment_rate": null,
            "research_to_sale_ratio": null,
            "price_fair": 76.3,
            "eps_avg_yearly": 2.18,
            "eps_latest_yearly": 1.68,
            "eps_growth_yearly": 64.46
        },
        "20051": {
            "year_quarter": 20051,
            "year": 2005,
            "quarter": 1,
            "eps": 0.34,
            "eps_growth_year": -38.18,
            "eps_4q": 1.67,
            "eps_4q_growth_year": null,
            "roe": 2.58,
            "gross_profit": 24567,
            "gross_margin": 38.81,
            "net_income": 11318,
            "revenue": 63305,
            "common_shares": 335481,
            "equity": 446510,
            "current_ratio": 1340.65,
            "debt_ratio": 7.47,
            "inventory_turnover_ratio": 1.23,
            "account_receivable_turnover_ratio": null,
            "reinvestment_rate": null,
            "research_to_sale_ratio": null,
            "price_fair": 72.2,
            "eps_avg_yearly": 2.06,
            "eps_latest_yearly": 1.36,
            "eps_growth_yearly": 44.37
        },
        "20052": {
            "year_quarter": 20052,
            "year": 2005,
            "quarter": 2,
            "eps": 0.28,
            "eps_growth_year": -44,
            "eps_4q": 1.49,
            "eps_4q_growth_year": -34.29,
            "roe": 2.19,
            "gross_profit": 20564,
            "gross_margin": 38.97,
            "net_income": 9512,
            "revenue": 52763,
            "common_shares": 335481,
            "equity": 421930,
            "current_ratio": 721.78,
            "debt_ratio": 13.15,
            "inventory_turnover_ratio": 0.86,
            "account_receivable_turnover_ratio": null,
            "reinvestment_rate": null,
            "research_to_sale_ratio": null,
            "price_fair": 68.08,
            "eps_avg_yearly": 1.95,
            "eps_latest_yearly": 1.12,
            "eps_growth_yearly": 30
        },
        "20053": {
            "year_quarter": 20053,
            "year": 2005,
            "quarter": 3,
            "eps": 0.32,
            "eps_growth_year": -40.74,
            "eps_4q": 1.29,
            "eps_4q_growth_year": -39.93,
            "roe": 2.68,
            "gross_profit": 19406,
            "gross_margin": 37.45,
            "net_income": 11473,
            "revenue": 51822,
            "common_shares": 356385,
            "equity": 435547,
            "current_ratio": 1338.47,
            "debt_ratio": 7.52,
            "inventory_turnover_ratio": 0.81,
            "account_receivable_turnover_ratio": null,
            "reinvestment_rate": null,
            "research_to_sale_ratio": null,
            "price_fair": 65.49,
            "eps_avg_yearly": 1.87,
            "eps_latest_yearly": 1.28,
            "eps_growth_yearly": 33.01
        },
        "20054": {
            "year_quarter": 20054,
            "year": 2005,
            "quarter": 4,
            "eps": 0.54,
            "eps_growth_year": 28.57,
            "eps_4q": 1.46,
            "eps_4q_growth_year": -19.31,
            "roe": 4.26,
            "gross_profit": 30297,
            "gross_margin": 33.5,
            "net_income": 19028,
            "revenue": 90449,
            "common_shares": 356385,
            "equity": 458443,
            "current_ratio": 705.63,
            "debt_ratio": 13.46,
            "inventory_turnover_ratio": 1.39,
            "account_receivable_turnover_ratio": null,
            "reinvestment_rate": null,
            "research_to_sale_ratio": null,
            "price_fair": 66.5,
            "eps_avg_yearly": 1.9,
            "eps_latest_yearly": 2.16,
            "eps_growth_yearly": 57.21
        },
        "20061": {
            "year_quarter": 20061,
            "year": 2006,
            "quarter": 1,
            "eps": 0.22,
            "eps_growth_year": -35.29,
            "eps_4q": 1.33,
            "eps_4q_growth_year": -20.05,
            "roe": 1.71,
            "gross_profit": 21724,
            "gross_margin": 37.07,
            "net_income": 7902,
            "revenue": 58603,
            "common_shares": 360145,
            "equity": 466324,
            "current_ratio": 1191.45,
            "debt_ratio": 8.28,
            "inventory_turnover_ratio": 0.72,
            "account_receivable_turnover_ratio": null,
            "reinvestment_rate": null,
            "research_to_sale_ratio": null,
            "price_fair": 63.25,
            "eps_avg_yearly": 1.81,
            "eps_latest_yearly": 0.88,
            "eps_growth_yearly": 30.46
        },
        "20062": {
            "year_quarter": 20062,
            "year": 2006,
            "quarter": 2,
            "eps": -0.11,
            "eps_growth_year": -139.29,
            "eps_4q": 0.96,
            "eps_4q_growth_year": -35.45,
            "roe": -0.88,
            "gross_profit": 11269,
            "gross_margin": 25.91,
            "net_income": -3844,
            "revenue": 43499,
            "common_shares": 360145,
            "equity": 412174,
            "current_ratio": 539.83,
            "debt_ratio": 17.32,
            "inventory_turnover_ratio": 0.59,
            "account_receivable_turnover_ratio": null,
            "reinvestment_rate": null,
            "research_to_sale_ratio": null,
            "price_fair": 63.25,
            "eps_avg_yearly": 1.81,
            "eps_latest_yearly": 0.88,
            "eps_growth_yearly": 30.46
        },
        "20063": {
            "year_quarter": 20063,
            "year": 2006,
            "quarter": 3,
            "eps": 0.38,
            "eps_growth_year": 18.75,
            "eps_4q": 1.03,
            "eps_4q_growth_year": -20.06,
            "roe": 3.24,
            "gross_profit": 22641,
            "gross_margin": 35.62,
            "net_income": 13437,
            "revenue": 63558,
            "common_shares": 360145,
            "equity": 416280,
            "current_ratio": 739.63,
            "debt_ratio": 12.9,
            "inventory_turnover_ratio": 0.65,
            "account_receivable_turnover_ratio": null,
            "reinvestment_rate": null,
            "research_to_sale_ratio": null,
            "price_fair": 63.25,
            "eps_avg_yearly": 1.81,
            "eps_latest_yearly": 0.88,
            "eps_growth_yearly": 30.46
        },
        "20064": {
            "year_quarter": 20064,
            "year": 2006,
            "quarter": 4,
            "eps": 0.25,
            "eps_growth_year": -53.7,
            "eps_4q": 0.74,
            "eps_4q_growth_year": -49.08,
            "roe": 2.11,
            "gross_profit": 23799,
            "gross_margin": 33.89,
            "net_income": 8893,
            "revenue": 70215,
            "common_shares": 360145,
            "equity": 425173,
            "current_ratio": 637.08,
            "debt_ratio": 14.12,
            "inventory_turnover_ratio": 0.62,
            "account_receivable_turnover_ratio": null,
            "reinvestment_rate": null,
            "research_to_sale_ratio": null,
            "price_fair": 4.92,
            "eps_avg_yearly": 1.64,
            "eps_latest_yearly": 1,
            "eps_growth_yearly": -31.68
        },
        "20071": {
            "year_quarter": 20071,
            "year": 2007,
            "quarter": 1,
            "eps": 0.16,
            "eps_growth_year": -27.27,
            "eps_4q": 0.68,
            "eps_4q_growth_year": -49.12,
            "roe": 1.33,
            "gross_profit": 18404,
            "gross_margin": 34.95,
            "net_income": 5702,
            "revenue": 52661,
            "common_shares": 360145,
            "equity": 430875,
            "current_ratio": 1213.58,
            "debt_ratio": 7.72,
            "inventory_turnover_ratio": 0.49,
            "account_receivable_turnover_ratio": null,
            "reinvestment_rate": null,
            "research_to_sale_ratio": null,
            "price_fair": 4.67,
            "eps_avg_yearly": 1.56,
            "eps_latest_yearly": 0.64,
            "eps_growth_yearly": -41.04
        },
        "20072": {
            "year_quarter": 20072,
            "year": 2007,
            "quarter": 2,
            "eps": -0.04,
            "eps_growth_year": null,
            "eps_4q": 0.74,
            "eps_4q_growth_year": -22.69,
            "roe": -0.31,
            "gross_profit": 12638,
            "gross_margin": 28.44,
            "net_income": -1314,
            "revenue": 44434,
            "common_shares": 360145,
            "equity": 422341,
            "current_ratio": 1512.12,
            "debt_ratio": 6.29,
            "inventory_turnover_ratio": 0.56,
            "account_receivable_turnover_ratio": null,
            "reinvestment_rate": 38.87,
            "research_to_sale_ratio": null,
            "price_fair": 4.67,
            "eps_avg_yearly": 1.56,
            "eps_latest_yearly": 0.64,
            "eps_growth_yearly": -41.04
        },
        "20073": {
            "year_quarter": 20073,
            "year": 2007,
            "quarter": 3,
            "eps": 0.18,
            "eps_growth_year": -52.63,
            "eps_4q": 0.55,
            "eps_4q_growth_year": -47,
            "roe": 1.53,
            "gross_profit": 18629,
            "gross_margin": 33.95,
            "net_income": 6507,
            "revenue": 54878,
            "common_shares": 379265,
            "equity": 428847,
            "current_ratio": 1087.17,
            "debt_ratio": 8.3,
            "inventory_turnover_ratio": 0.83,
            "account_receivable_turnover_ratio": null,
            "reinvestment_rate": 20.19,
            "research_to_sale_ratio": null,
            "price_fair": 4.67,
            "eps_avg_yearly": 1.56,
            "eps_latest_yearly": 0.64,
            "eps_growth_yearly": -41.04
        },
        "20074": {
            "year_quarter": 20074,
            "year": 2007,
            "quarter": 4,
            "eps": 0.06,
            "eps_growth_year": -76,
            "eps_4q": 0.37,
            "eps_4q_growth_year": -49.85,
            "roe": 0.49,
            "gross_profit": 15281,
            "gross_margin": 30.33,
            "net_income": 2095,
            "revenue": 50389,
            "common_shares": 379265,
            "equity": 430943,
            "current_ratio": 850.14,
            "debt_ratio": 20.71,
            "inventory_turnover_ratio": 0.94,
            "account_receivable_turnover_ratio": null,
            "reinvestment_rate": 105.79,
            "research_to_sale_ratio": null,
            "price_fair": 4.18,
            "eps_avg_yearly": 1.39,
            "eps_latest_yearly": 0.24,
            "eps_growth_yearly": -57.7
        },
        "20081": {
            "year_quarter": 20081,
            "year": 2008,
            "quarter": 1,
            "eps": -0.07,
            "eps_growth_year": -143.75,
            "eps_4q": 0.12,
            "eps_4q_growth_year": -81.66,
            "roe": -0.62,
            "gross_profit": 17250,
            "gross_margin": 33.47,
            "net_income": -2623,
            "revenue": 51538,
            "common_shares": 379265,
            "equity": 416092,
            "current_ratio": 469.19,
            "debt_ratio": 20.95,
            "inventory_turnover_ratio": 0.89,
            "account_receivable_turnover_ratio": null,
            "reinvestment_rate": 120.66,
            "research_to_sale_ratio": null,
            "price_fair": 3.96,
            "eps_avg_yearly": 1.32,
            "eps_latest_yearly": 0.24,
            "eps_growth_yearly": -62.95
        },
        "20082": {
            "year_quarter": 20082,
            "year": 2008,
            "quarter": 2,
            "eps": -0.03,
            "eps_growth_year": null,
            "eps_4q": 0.13,
            "eps_4q_growth_year": -82.68,
            "roe": -0.27,
            "gross_profit": 9609,
            "gross_margin": 20.65,
            "net_income": -1106,
            "revenue": 46522,
            "common_shares": 379265,
            "equity": 400357,
            "current_ratio": 641.61,
            "debt_ratio": 17.72,
            "inventory_turnover_ratio": 0.99,
            "account_receivable_turnover_ratio": null,
            "reinvestment_rate": 138.47,
            "research_to_sale_ratio": null,
            "price_fair": 3.76,
            "eps_avg_yearly": 1.25,
            "eps_latest_yearly": 0.24,
            "eps_growth_yearly": -65.61
        },
        "20083": {
            "year_quarter": 20083,
            "year": 2008,
            "quarter": 3,
            "eps": 0.14,
            "eps_growth_year": -22.22,
            "eps_4q": 0.09,
            "eps_4q_growth_year": -82.83,
            "roe": 1.24,
            "gross_profit": 17482,
            "gross_margin": 28.09,
            "net_income": 4973,
            "revenue": 62246,
            "common_shares": 379265,
            "equity": 399111,
            "current_ratio": 521.11,
            "debt_ratio": 19.73,
            "inventory_turnover_ratio": 1.2,
            "account_receivable_turnover_ratio": null,
            "reinvestment_rate": 151.07,
            "research_to_sale_ratio": null,
            "price_fair": 3.45,
            "eps_avg_yearly": 1.15,
            "eps_latest_yearly": 0.24,
            "eps_growth_yearly": -76.45
        },
        "20084": {
            "year_quarter": 20084,
            "year": 2008,
            "quarter": 4,
            "eps": 0,
            "eps_growth_year": -100,
            "eps_4q": 0.03,
            "eps_4q_growth_year": -91.94,
            "roe": -0.01,
            "gross_profit": 11201,
            "gross_margin": 26.17,
            "net_income": -35,
            "revenue": 42803,
            "common_shares": 358265,
            "equity": 389720,
            "current_ratio": 1275.21,
            "debt_ratio": 13.87,
            "inventory_turnover_ratio": 0.98,
            "account_receivable_turnover_ratio": 7.54,
            "reinvestment_rate": 171.36,
            "research_to_sale_ratio": null,
            "price_fair": 3.26,
            "eps_avg_yearly": 1.09,
            "eps_latest_yearly": 0.24,
            "eps_growth_yearly": -74.9
        },
        "20091": {
            "year_quarter": 20091,
            "year": 2009,
            "quarter": 1,
            "eps": 0.03,
            "eps_growth_year": null,
            "eps_4q": 0.16,
            "eps_4q_growth_year": 28.08,
            "roe": 0.23,
            "gross_profit": 9748,
            "gross_margin": 34.39,
            "net_income": 888,
            "revenue": 28342,
            "common_shares": 323265,
            "equity": 379541,
            "current_ratio": 1182.03,
            "debt_ratio": 14.31,
            "inventory_turnover_ratio": 0.73,
            "account_receivable_turnover_ratio": 3.28,
            "reinvestment_rate": 192.84,
            "research_to_sale_ratio": null,
            "price_fair": 3.14,
            "eps_avg_yearly": 1.05,
            "eps_latest_yearly": 0.24,
            "eps_growth_yearly": -74.71
        },
        "20092": {
            "year_quarter": 20092,
            "year": 2009,
            "quarter": 2,
            "eps": -0.13,
            "eps_growth_year": null,
            "eps_4q": 0.05,
            "eps_4q_growth_year": -59.74,
            "roe": -1.11,
            "gross_profit": 8418,
            "gross_margin": 29.79,
            "net_income": -4154,
            "revenue": 28261,
            "common_shares": 323265,
            "equity": 367271,
            "current_ratio": 1429.4,
            "debt_ratio": 13,
            "inventory_turnover_ratio": 0.87,
            "account_receivable_turnover_ratio": 4.03,
            "reinvestment_rate": 228.43,
            "research_to_sale_ratio": null,
            "price_fair": 3.1,
            "eps_avg_yearly": 1.03,
            "eps_latest_yearly": 0.24,
            "eps_growth_yearly": -75.4
        },
        "20093": {
            "year_quarter": 20093,
            "year": 2009,
            "quarter": 3,
            "eps": 0.25,
            "eps_growth_year": 78.57,
            "eps_4q": 0.14,
            "eps_4q_growth_year": 49.74,
            "roe": 2.04,
            "gross_profit": 19392,
            "gross_margin": 41.44,
            "net_income": 7554,
            "revenue": 46798,
            "common_shares": 323265,
            "equity": 374824,
            "current_ratio": 890.47,
            "debt_ratio": 15.05,
            "inventory_turnover_ratio": 1.35,
            "account_receivable_turnover_ratio": 4.09,
            "reinvestment_rate": 239.25,
            "research_to_sale_ratio": null,
            "price_fair": 2.95,
            "eps_avg_yearly": 0.98,
            "eps_latest_yearly": 0.24,
            "eps_growth_yearly": -101.91
        },
        "20094": {
            "year_quarter": 20094,
            "year": 2009,
            "quarter": 4,
            "eps": -0.07,
            "eps_growth_year": null,
            "eps_4q": 0.07,
            "eps_4q_growth_year": 146.89,
            "roe": -0.57,
            "gross_profit": 7837,
            "gross_margin": 23.2,
            "net_income": -2125,
            "revenue": 33777,
            "common_shares": 323265,
            "equity": 372699,
            "current_ratio": 1112.72,
            "debt_ratio": 14.03,
            "inventory_turnover_ratio": 1.26,
            "account_receivable_turnover_ratio": 5.91,
            "reinvestment_rate": 356.4,
            "research_to_sale_ratio": null,
            "price_fair": 2.07,
            "eps_avg_yearly": 0.69,
            "eps_latest_yearly": 0.24,
            "eps_growth_yearly": -196.14
        },
        "20101": {
            "year_quarter": 20101,
            "year": 2010,
            "quarter": 1,
            "eps": -0.08,
            "eps_growth_year": -366.67,
            "eps_4q": -0.04,
            "eps_4q_growth_year": -124.42,
            "roe": -0.65,
            "gross_profit": 7881,
            "gross_margin": 29.66,
            "net_income": -2412,
            "revenue": 26572,
            "common_shares": 323265,
            "equity": 370287,
            "current_ratio": 1158.91,
            "debt_ratio": 13.75,
            "inventory_turnover_ratio": 0.85,
            "account_receivable_turnover_ratio": 2.52,
            "reinvestment_rate": 468.06,
            "research_to_sale_ratio": 11.56,
            "price_fair": 1.88,
            "eps_avg_yearly": 0.63,
            "eps_latest_yearly": 0.24,
            "eps_growth_yearly": -182.5
        },
        "20102": {
            "year_quarter": 20102,
            "year": 2010,
            "quarter": 2,
            "eps": -0.08,
            "eps_growth_year": null,
            "eps_4q": 0.02,
            "eps_4q_growth_year": -56.57,
            "roe": -0.64,
            "gross_profit": 8446,
            "gross_margin": 26.83,
            "net_income": -2361,
            "revenue": 31478,
            "common_shares": 323265,
            "equity": 367926,
            "current_ratio": 1147.24,
            "debt_ratio": 13.69,
            "inventory_turnover_ratio": 1.06,
            "account_receivable_turnover_ratio": 2.5,
            "reinvestment_rate": 445.57,
            "research_to_sale_ratio": 11.56,
            "price_fair": 1.88,
            "eps_avg_yearly": 0.63,
            "eps_latest_yearly": 0.24,
            "eps_growth_yearly": -182.5
        },
        "20103": {
            "year_quarter": 20103,
            "year": 2010,
            "quarter": 3,
            "eps": -0.16,
            "eps_growth_year": -164.62,
            "eps_4q": -0.4,
            "eps_4q_growth_year": -382.6,
            "roe": -1.29,
            "gross_profit": 7969,
            "gross_margin": 26.75,
            "net_income": -4718,
            "revenue": 29792,
            "common_shares": 323265,
            "equity": 363208,
            "current_ratio": 888.76,
            "debt_ratio": 14.88,
            "inventory_turnover_ratio": 1.02,
            "account_receivable_turnover_ratio": 2.1,
            "reinvestment_rate": 946.36,
            "research_to_sale_ratio": 12.76,
            "price_fair": 1.88,
            "eps_avg_yearly": 0.63,
            "eps_latest_yearly": 0.24,
            "eps_growth_yearly": -182.5
        },
        "20104": {
            "year_quarter": 20104,
            "year": 2010,
            "quarter": 4,
            "eps": -0.54,
            "eps_growth_year": null,
            "eps_4q": -0.86,
            "eps_4q_growth_year": -1265.93,
            "roe": -4.43,
            "gross_profit": 3555,
            "gross_margin": 17.51,
            "net_income": -15728,
            "revenue": 20308,
            "common_shares": 323265,
            "equity": 347480,
            "current_ratio": 997.42,
            "debt_ratio": 14.36,
            "inventory_turnover_ratio": 0.66,
            "account_receivable_turnover_ratio": 1.95,
            "reinvestment_rate": null,
            "research_to_sale_ratio": 15.92,
            "price_fair": 1.32,
            "eps_avg_yearly": 0.44,
            "eps_latest_yearly": 0.24,
            "eps_growth_yearly": -205.33
        },
        "20111": {
            "year_quarter": 20111,
            "year": 2011,
            "quarter": 1,
            "eps": -0.48,
            "eps_growth_year": null,
            "eps_4q": -0.75,
            "eps_4q_growth_year": null,
            "roe": -3.2,
            "gross_profit": 1257,
            "gross_margin": 8.04,
            "net_income": -14082,
            "revenue": 15635,
            "common_shares": 323265,
            "equity": 533398,
            "current_ratio": 1847.06,
            "debt_ratio": 9.81,
            "inventory_turnover_ratio": 0.5,
            "account_receivable_turnover_ratio": 1.84,
            "reinvestment_rate": null,
            "research_to_sale_ratio": 27.07,
            "price_fair": 0.72,
            "eps_avg_yearly": 0.24,
            "eps_latest_yearly": 0.24,
            "eps_growth_yearly": -266.67
        },
        "20112": {
            "year_quarter": 20112,
            "year": 2011,
            "quarter": 2,
            "eps": -0.45,
            "eps_growth_year": null,
            "eps_4q": -1.15,
            "eps_4q_growth_year": -5238.98,
            "roe": -4.26,
            "gross_profit": -7146,
            "gross_margin": -34.9,
            "net_income": -22271,
            "revenue": 20478,
            "common_shares": 523265,
            "equity": 511127,
            "current_ratio": 1079.9,
            "debt_ratio": 5.99,
            "inventory_turnover_ratio": 0.76,
            "account_receivable_turnover_ratio": 2.82,
            "reinvestment_rate": null,
            "research_to_sale_ratio": 7.57,
            "price_fair": 0.72,
            "eps_avg_yearly": 0.24,
            "eps_latest_yearly": 0.24,
            "eps_growth_yearly": -266.67
        },
        "20113": {
            "year_quarter": 20113,
            "year": 2011,
            "quarter": 3,
            "eps": -0.18,
            "eps_growth_year": null,
            "eps_4q": -1.24,
            "eps_4q_growth_year": null,
            "roe": -1.62,
            "gross_profit": 5881,
            "gross_margin": 28.67,
            "net_income": -8974,
            "revenue": 20515,
            "common_shares": 523265,
            "equity": 596254,
            "current_ratio": 414.18,
            "debt_ratio": 17.3,
            "inventory_turnover_ratio": 0.24,
            "account_receivable_turnover_ratio": 5.61,
            "reinvestment_rate": null,
            "research_to_sale_ratio": 0,
            "price_fair": 0.72,
            "eps_avg_yearly": 0.24,
            "eps_latest_yearly": 0.24,
            "eps_growth_yearly": -266.67
        },
        "20114": {
            "year_quarter": 20114,
            "year": 2011,
            "quarter": 4,
            "eps": -0.47,
            "eps_growth_year": null,
            "eps_4q": -1.39,
            "eps_4q_growth_year": null,
            "roe": -4.26,
            "gross_profit": 4004,
            "gross_margin": 2.64,
            "net_income": -22957,
            "revenue": 151869,
            "common_shares": 523265,
            "equity": 482722,
            "current_ratio": 325.83,
            "debt_ratio": 20.08,
            "inventory_turnover_ratio": 2.61,
            "account_receivable_turnover_ratio": 2.47,
            "reinvestment_rate": null,
            "research_to_sale_ratio": 0.15,
            "price_fair": 0,
            "eps_avg_yearly": 0,
            "eps_latest_yearly": 0,
            "eps_growth_yearly": 0
        },
        "20121": {
            "year_quarter": 20121,
            "year": 2012,
            "quarter": 1,
            "eps": -0.18,
            "eps_growth_year": null,
            "eps_4q": -1.27,
            "eps_4q_growth_year": null,
            "roe": -1.77,
            "gross_profit": 13605,
            "gross_margin": 11.8,
            "net_income": -8460,
            "revenue": 115283,
            "common_shares": 523265,
            "equity": 472756,
            "current_ratio": 277.47,
            "debt_ratio": 24.24,
            "inventory_turnover_ratio": 2.75,
            "account_receivable_turnover_ratio": 0.97,
            "reinvestment_rate": null,
            "research_to_sale_ratio": 2.24,
            "price_fair": 0,
            "eps_avg_yearly": 0,
            "eps_latest_yearly": 0,
            "eps_growth_yearly": 0
        },
        "20122": {
            "year_quarter": 20122,
            "year": 2012,
            "quarter": 2,
            "eps": -0,
            "eps_growth_year": null,
            "eps_4q": -0.82,
            "eps_4q_growth_year": null,
            "roe": -0.02,
            "gross_profit": 22035,
            "gross_margin": 12.51,
            "net_income": -114,
            "revenue": 176208,
            "common_shares": 492035,
            "equity": 472782,
            "current_ratio": 223.35,
            "debt_ratio": 31.39,
            "inventory_turnover_ratio": 3.55,
            "account_receivable_turnover_ratio": 1.12,
            "reinvestment_rate": null,
            "research_to_sale_ratio": 0.17,
            "price_fair": 0,
            "eps_avg_yearly": 0,
            "eps_latest_yearly": 0,
            "eps_growth_yearly": 0
        },
        "20123": {
            "year_quarter": 20123,
            "year": 2012,
            "quarter": 3,
            "eps": -0.15,
            "eps_growth_year": null,
            "eps_4q": -0.79,
            "eps_4q_growth_year": null,
            "roe": -1.56,
            "gross_profit": 19068,
            "gross_margin": 11.14,
            "net_income": -7315,
            "revenue": 171158,
            "common_shares": 492035,
            "equity": 465103,
            "current_ratio": 213.67,
            "debt_ratio": 32.91,
            "inventory_turnover_ratio": 2.79,
            "account_receivable_turnover_ratio": 0.87,
            "reinvestment_rate": null,
            "research_to_sale_ratio": 3.89,
            "price_fair": 0,
            "eps_avg_yearly": 0,
            "eps_latest_yearly": 0,
            "eps_growth_yearly": 0
        },
        "20124": {
            "year_quarter": 20124,
            "year": 2012,
            "quarter": 4,
            "eps": 0.36,
            "eps_growth_year": null,
            "eps_4q": 0.04,
            "eps_4q_growth_year": null,
            "roe": 3.76,
            "gross_profit": 19440,
            "gross_margin": 10.66,
            "net_income": 17837,
            "revenue": 182333,
            "common_shares": 492035,
            "equity": 482988,
            "current_ratio": 272.67,
            "debt_ratio": 35.11,
            "inventory_turnover_ratio": 3,
            "account_receivable_turnover_ratio": 0.89,
            "reinvestment_rate": null,
            "research_to_sale_ratio": 1.95,
            "price_fair": 0,
            "eps_avg_yearly": 0,
            "eps_latest_yearly": 0,
            "eps_growth_yearly": 0
        },
        "20131": {
            "year_quarter": 20131,
            "year": 2013,
            "quarter": 1,
            "eps": 0.86,
            "eps_growth_year": null,
            "eps_4q": 1.07,
            "eps_4q_growth_year": null,
            "roe": 8.35,
            "gross_profit": 19441,
            "gross_margin": 15.28,
            "net_income": 42341,
            "revenue": 127239,
            "common_shares": 492035,
            "equity": 530994,
            "current_ratio": 393.74,
            "debt_ratio": 24.44,
            "inventory_turnover_ratio": 2.02,
            "account_receivable_turnover_ratio": 0.63,
            "reinvestment_rate": null,
            "research_to_sale_ratio": 0,
            "price_fair": 120.4,
            "eps_avg_yearly": 3.44,
            "eps_latest_yearly": 3.44,
            "eps_growth_yearly": 555.56
        },
        "20132": {
            "year_quarter": 20132,
            "year": 2013,
            "quarter": 2,
            "eps": -0.12,
            "eps_growth_year": null,
            "eps_4q": 0.95,
            "eps_4q_growth_year": null,
            "roe": -1.12,
            "gross_profit": 17480,
            "gross_margin": 12.14,
            "net_income": -5922,
            "revenue": 143976,
            "common_shares": 492035,
            "equity": 526193,
            "current_ratio": 412.89,
            "debt_ratio": 23.32,
            "inventory_turnover_ratio": 2.37,
            "account_receivable_turnover_ratio": 0.82,
            "reinvestment_rate": null,
            "research_to_sale_ratio": 0,
            "price_fair": 120.4,
            "eps_avg_yearly": 3.44,
            "eps_latest_yearly": 3.44,
            "eps_growth_yearly": 555.56
        },
        "20133": {
            "year_quarter": 20133,
            "year": 2013,
            "quarter": 3,
            "eps": -0.02,
            "eps_growth_year": null,
            "eps_4q": 1.08,
            "eps_4q_growth_year": null,
            "roe": -0.21,
            "gross_profit": 19942,
            "gross_margin": 15.43,
            "net_income": -1086,
            "revenue": 129222,
            "common_shares": 492035,
            "equity": 524645,
            "current_ratio": 437.29,
            "debt_ratio": 21.84,
            "inventory_turnover_ratio": 2.23,
            "account_receivable_turnover_ratio": 0.84,
            "reinvestment_rate": null,
            "research_to_sale_ratio": 0,
            "price_fair": 120.4,
            "eps_avg_yearly": 3.44,
            "eps_latest_yearly": 3.44,
            "eps_growth_yearly": 555.56
        },
        "20134": {
            "year_quarter": 20134,
            "year": 2013,
            "quarter": 4,
            "eps": -0.1,
            "eps_growth_year": -128.51,
            "eps_4q": 0.61,
            "eps_4q_growth_year": 1452.71,
            "roe": -0.97,
            "gross_profit": 17705,
            "gross_margin": 12.88,
            "net_income": -5086,
            "revenue": 137486,
            "common_shares": 492035,
            "equity": 520557,
            "current_ratio": 371.49,
            "debt_ratio": 20.39,
            "inventory_turnover_ratio": 3.18,
            "account_receivable_turnover_ratio": 0.91,
            "reinvestment_rate": null,
            "research_to_sale_ratio": 0,
            "price_fair": 120.4,
            "eps_avg_yearly": 3.44,
            "eps_latest_yearly": 3.44,
            "eps_growth_yearly": 555.56
        },
        "20141": {
            "year_quarter": 20141,
            "year": 2014,
            "quarter": 1,
            "eps": 0.33,
            "eps_growth_year": -61.63,
            "eps_4q": 0.09,
            "eps_4q_growth_year": -91.94,
            "roe": 3.89,
            "gross_profit": 71939,
            "gross_margin": 17.52,
            "net_income": 16348,
            "revenue": 410493,
            "common_shares": 492035,
            "equity": 320655,
            "current_ratio": 139.55,
            "debt_ratio": 69.72,
            "inventory_turnover_ratio": 3.96,
            "account_receivable_turnover_ratio": 1.17,
            "reinvestment_rate": null,
            "research_to_sale_ratio": null,
            "price_fair": 120.4,
            "eps_avg_yearly": 3.44,
            "eps_latest_yearly": 3.44,
            "eps_growth_yearly": 555.56
        },
        "20142": {
            "year_quarter": 20142,
            "year": 2014,
            "quarter": 2,
            "eps": 0.37,
            "eps_growth_year": null,
            "eps_4q": 0.57,
            "eps_4q_growth_year": -39.95,
            "roe": 5.47,
            "gross_profit": 81198,
            "gross_margin": 17.83,
            "net_income": 18011,
            "revenue": 455460,
            "common_shares": 492035,
            "equity": 337684,
            "current_ratio": 143.99,
            "debt_ratio": 67.98,
            "inventory_turnover_ratio": 2.74,
            "account_receivable_turnover_ratio": 0.81,
            "reinvestment_rate": null,
            "research_to_sale_ratio": null,
            "price_fair": 86.1,
            "eps_avg_yearly": 2.46,
            "eps_latest_yearly": 1.48,
            "eps_growth_yearly": 302.02
        },
        "20143": {
            "year_quarter": 20143,
            "year": 2014,
            "quarter": 3,
            "eps": 0.29,
            "eps_growth_year": null,
            "eps_4q": 0.89,
            "eps_4q_growth_year": -18.02,
            "roe": 4.14,
            "gross_profit": 84842,
            "gross_margin": 19.22,
            "net_income": 14316,
            "revenue": 441533,
            "common_shares": 492035,
            "equity": 353278,
            "current_ratio": 152.98,
            "debt_ratio": 63.99,
            "inventory_turnover_ratio": 2.86,
            "account_receivable_turnover_ratio": 0.79,
            "reinvestment_rate": -16980.93,
            "research_to_sale_ratio": null,
            "price_fair": 70.93,
            "eps_avg_yearly": 2.03,
            "eps_latest_yearly": 1.16,
            "eps_growth_yearly": 172.52
        },
        "20144": {
            "year_quarter": 20144,
            "year": 2014,
            "quarter": 4,
            "eps": 0.15,
            "eps_growth_year": null,
            "eps_4q": 0.97,
            "eps_4q_growth_year": 58.49,
            "roe": 2.04,
            "gross_profit": 101029,
            "gross_margin": 21.76,
            "net_income": 9008,
            "revenue": 464235,
            "common_shares": 592035,
            "equity": 531555,
            "current_ratio": 218.27,
            "debt_ratio": 59.51,
            "inventory_turnover_ratio": 3.62,
            "account_receivable_turnover_ratio": 0.87,
            "reinvestment_rate": -673.62,
            "research_to_sale_ratio": null,
            "price_fair": 58.45,
            "eps_avg_yearly": 1.67,
            "eps_latest_yearly": 0.6,
            "eps_growth_yearly": 81.11
        },
        "20151": {
            "year_quarter": 20151,
            "year": 2015,
            "quarter": 1,
            "eps": 0.38,
            "eps_growth_year": 15.15,
            "eps_4q": 1.08,
            "eps_4q_growth_year": 1151.35,
            "roe": 4.19,
            "gross_profit": 92041,
            "gross_margin": 23.7,
            "net_income": 22716,
            "revenue": 388324,
            "common_shares": 592035,
            "equity": 553969,
            "current_ratio": 235.73,
            "debt_ratio": 56.69,
            "inventory_turnover_ratio": 3.52,
            "account_receivable_turnover_ratio": 0.77,
            "reinvestment_rate": -279.11,
            "research_to_sale_ratio": null,
            "price_fair": 57.4,
            "eps_avg_yearly": 1.64,
            "eps_latest_yearly": 1.52,
            "eps_growth_yearly": 187.56
        },
        "20152": {
            "year_quarter": 20152,
            "year": 2015,
            "quarter": 2,
            "eps": 0.49,
            "eps_growth_year": 32.43,
            "eps_4q": 1.27,
            "eps_4q_growth_year": 121.15,
            "roe": 5.1,
            "gross_profit": 90158,
            "gross_margin": 20.34,
            "net_income": 28964,
            "revenue": 443175,
            "common_shares": 592035,
            "equity": 582746,
            "current_ratio": 226.6,
            "debt_ratio": 54.17,
            "inventory_turnover_ratio": 4.35,
            "account_receivable_turnover_ratio": 0.87,
            "reinvestment_rate": -152.72,
            "research_to_sale_ratio": null,
            "price_fair": 59.27,
            "eps_avg_yearly": 1.69,
            "eps_latest_yearly": 1.96,
            "eps_growth_yearly": 175.6
        },
        "20153": {
            "year_quarter": 20153,
            "year": 2015,
            "quarter": 3,
            "eps": 0.4,
            "eps_growth_year": 37.93,
            "eps_4q": 1.42,
            "eps_4q_growth_year": 60.49,
            "roe": 3.94,
            "gross_profit": 93964,
            "gross_margin": 20.73,
            "net_income": 23484,
            "revenue": 453265,
            "common_shares": 592035,
            "equity": 610493,
            "current_ratio": 155.97,
            "debt_ratio": 58.75,
            "inventory_turnover_ratio": 4.87,
            "account_receivable_turnover_ratio": 0.83,
            "reinvestment_rate": 147.06,
            "research_to_sale_ratio": null,
            "price_fair": 58.8,
            "eps_avg_yearly": 1.68,
            "eps_latest_yearly": 1.6,
            "eps_growth_yearly": 140.01
        },
        "20154": {
            "year_quarter": 20154,
            "year": 2015,
            "quarter": 4,
            "eps": 0.14,
            "eps_growth_year": -10.93,
            "eps_4q": 1.41,
            "eps_4q_growth_year": 44.21,
            "roe": 1.31,
            "gross_profit": 91073,
            "gross_margin": 20.28,
            "net_income": 8023,
            "revenue": 449035,
            "common_shares": 592035,
            "equity": 613994,
            "current_ratio": 158.16,
            "debt_ratio": 65.05,
            "inventory_turnover_ratio": 5.63,
            "account_receivable_turnover_ratio": 0.85,
            "reinvestment_rate": 253.23,
            "research_to_sale_ratio": null,
            "price_fair": 53.9,
            "eps_avg_yearly": 1.54,
            "eps_latest_yearly": 0.56,
            "eps_growth_yearly": 90.01
        },
        "20161": {
            "year_quarter": 20161,
            "year": 2016,
            "quarter": 1,
            "eps": 0.33,
            "eps_growth_year": -13.16,
            "eps_4q": 1.35,
            "eps_4q_growth_year": 25.12,
            "roe": 3.15,
            "gross_profit": 91088,
            "gross_margin": 22.11,
            "net_income": 19669,
            "revenue": 412038,
            "common_shares": 592035,
            "equity": 633078,
            "current_ratio": 174.03,
            "debt_ratio": 62.05,
            "inventory_turnover_ratio": 4.93,
            "account_receivable_turnover_ratio": 0.85,
            "reinvestment_rate": 267.06,
            "research_to_sale_ratio": null,
            "price_fair": 53.04,
            "eps_avg_yearly": 1.52,
            "eps_latest_yearly": 1.32,
            "eps_growth_yearly": 140.33
        },
        "20162": {
            "year_quarter": 20162,
            "year": 2016,
            "quarter": 2,
            "eps": 0.45,
            "eps_growth_year": -8.16,
            "eps_4q": 1.32,
            "eps_4q_growth_year": 3.81,
            "roe": 4.14,
            "gross_profit": 90190,
            "gross_margin": 20.91,
            "net_income": 26685,
            "revenue": 431374,
            "common_shares": 592035,
            "equity": 657012,
            "current_ratio": 161.51,
            "debt_ratio": 61.95,
            "inventory_turnover_ratio": 4.69,
            "account_receivable_turnover_ratio": 0.88,
            "reinvestment_rate": 269.67,
            "research_to_sale_ratio": null,
            "price_fair": 54.04,
            "eps_avg_yearly": 1.54,
            "eps_latest_yearly": 1.8,
            "eps_growth_yearly": 140.84
        },
        "20163": {
            "year_quarter": 20163,
            "year": 2016,
            "quarter": 3,
            "eps": 0.32,
            "eps_growth_year": -20,
            "eps_4q": 1.24,
            "eps_4q_growth_year": -12.54,
            "roe": 2.89,
            "gross_profit": 90353,
            "gross_margin": 22.29,
            "net_income": 19239,
            "revenue": 405334,
            "common_shares": 592035,
            "equity": 673059,
            "current_ratio": 165.04,
            "debt_ratio": 61.14,
            "inventory_turnover_ratio": 4.19,
            "account_receivable_turnover_ratio": 0.83,
            "reinvestment_rate": 261.45,
            "research_to_sale_ratio": null,
            "price_fair": 53.2,
            "eps_avg_yearly": 1.52,
            "eps_latest_yearly": 1.28,
            "eps_growth_yearly": 117.53
        },
        "20164": {
            "year_quarter": 20164,
            "year": 2016,
            "quarter": 4,
            "eps": 0.28,
            "eps_growth_year": 109.41,
            "eps_4q": 1.39,
            "eps_4q_growth_year": -0.95,
            "roe": 2.47,
            "gross_profit": 93085,
            "gross_margin": 20.92,
            "net_income": 16801,
            "revenue": 445031,
            "common_shares": 592035,
            "equity": 688316,
            "current_ratio": 137.3,
            "debt_ratio": 59.39,
            "inventory_turnover_ratio": 4.85,
            "account_receivable_turnover_ratio": 0.89,
            "reinvestment_rate": 269.59,
            "research_to_sale_ratio": null,
            "price_fair": 52.03,
            "eps_avg_yearly": 1.49,
            "eps_latest_yearly": 1.12,
            "eps_growth_yearly": 103.57
        },
        "20171": {
            "year_quarter": 20171,
            "year": 2017,
            "quarter": 1,
            "eps": 0.08,
            "eps_growth_year": -75.76,
            "eps_4q": 1.14,
            "eps_4q_growth_year": -16.03,
            "roe": 0.66,
            "gross_profit": 81349,
            "gross_margin": 21.49,
            "net_income": 4565,
            "revenue": 378547,
            "common_shares": 592035,
            "equity": 688316,
            "current_ratio": 139.37,
            "debt_ratio": 58.58,
            "inventory_turnover_ratio": 4.39,
            "account_receivable_turnover_ratio": 0.78,
            "reinvestment_rate": 329.97,
            "research_to_sale_ratio": null,
            "price_fair": 42.93,
            "eps_avg_yearly": 1.23,
            "eps_latest_yearly": 0.32,
            "eps_growth_yearly": 33.47
        },
        "20172": {
            "year_quarter": 20172,
            "year": 2017,
            "quarter": 2,
            "eps": 0.19,
            "eps_growth_year": -57.78,
            "eps_4q": 0.87,
            "eps_4q_growth_year": -33.67,
            "roe": 1.61,
            "gross_profit": 88332,
            "gross_margin": 22.21,
            "net_income": 11040,
            "revenue": 397676,
            "common_shares": 592035,
            "equity": 686265,
            "current_ratio": 132.44,
            "debt_ratio": 56.96,
            "inventory_turnover_ratio": 4.67,
            "account_receivable_turnover_ratio": 0.86,
            "reinvestment_rate": 305.6,
            "research_to_sale_ratio": null,
            "price_fair": 41.68,
            "eps_avg_yearly": 1.19,
            "eps_latest_yearly": 0.76,
            "eps_growth_yearly": 73.2
        },
        "20173": {
            "year_quarter": 20173,
            "year": 2017,
            "quarter": 3,
            "eps": 0.27,
            "eps_growth_year": -15.62,
            "eps_4q": 0.82,
            "eps_4q_growth_year": -34.22,
            "roe": 2.31,
            "gross_profit": 91876,
            "gross_margin": 23.19,
            "net_income": 16021,
            "revenue": 396252,
            "common_shares": 592035,
            "equity": 703682,
            "current_ratio": 133.82,
            "debt_ratio": 57.22,
            "inventory_turnover_ratio": 4.92,
            "account_receivable_turnover_ratio": 0.82,
            "reinvestment_rate": 284.28,
            "research_to_sale_ratio": null,
            "price_fair": 41.4,
            "eps_avg_yearly": 1.18,
            "eps_latest_yearly": 1.08,
            "eps_growth_yearly": 80
        },
        "20174": {
            "year_quarter": 20174,
            "year": 2017,
            "quarter": 4,
            "eps": 0.12,
            "eps_growth_year": -57.56,
            "eps_4q": 0.65,
            "eps_4q_growth_year": -52.96,
            "roe": 1.01,
            "gross_profit": 92980,
            "gross_margin": 21.18,
            "net_income": 7130,
            "revenue": 438946,
            "common_shares": 592035,
            "equity": 711270,
            "current_ratio": 137.67,
            "debt_ratio": 54.18,
            "inventory_turnover_ratio": 5.8,
            "account_receivable_turnover_ratio": 0.89,
            "reinvestment_rate": 270.6,
            "research_to_sale_ratio": null,
            "price_fair": 39.76,
            "eps_avg_yearly": 1.14,
            "eps_latest_yearly": 0.48,
            "eps_growth_yearly": 59.85
        },
        "20181": {
            "year_quarter": 20181,
            "year": 2018,
            "quarter": 1,
            "eps": 0.15,
            "eps_growth_year": 87.5,
            "eps_4q": 0.73,
            "eps_4q_growth_year": -36.05,
            "roe": 1.24,
            "gross_profit": 80028,
            "gross_margin": 22.14,
            "net_income": 8844,
            "revenue": 361534,
            "common_shares": 592035,
            "equity": 716413,
            "current_ratio": 141.39,
            "debt_ratio": 52.51,
            "inventory_turnover_ratio": 4.51,
            "account_receivable_turnover_ratio": 0.79,
            "reinvestment_rate": 273.44,
            "research_to_sale_ratio": null,
            "price_fair": 38.59,
            "eps_avg_yearly": 1.1,
            "eps_latest_yearly": 0.6,
            "eps_growth_yearly": 62.36
        },
        "20182": {
            "year_quarter": 20182,
            "year": 2018,
            "quarter": 2,
            "eps": 0.26,
            "eps_growth_year": 36.84,
            "eps_4q": 0.8,
            "eps_4q_growth_year": -8.02,
            "roe": 2.17,
            "gross_profit": 86296,
            "gross_margin": 23.48,
            "net_income": 15507,
            "revenue": 367528,
            "common_shares": 592035,
            "equity": 709989,
            "current_ratio": 131.93,
            "debt_ratio": 56.68,
            "inventory_turnover_ratio": 4.13,
            "account_receivable_turnover_ratio": 0.85,
            "reinvestment_rate": 276.45,
            "research_to_sale_ratio": null,
            "price_fair": 37.63,
            "eps_avg_yearly": 1.08,
            "eps_latest_yearly": 1.04,
            "eps_growth_yearly": 77.66
        },
        "20183": {
            "year_quarter": 20183,
            "year": 2018,
            "quarter": 3,
            "eps": 0.38,
            "eps_growth_year": 40.74,
            "eps_4q": 0.91,
            "eps_4q_growth_year": 11.67,
            "roe": 3.14,
            "gross_profit": 83162,
            "gross_margin": 22.5,
            "net_income": 22597,
            "revenue": 369656,
            "common_shares": 592035,
            "equity": 729021,
            "current_ratio": 139.32,
            "debt_ratio": 53.62,
            "inventory_turnover_ratio": 4.58,
            "account_receivable_turnover_ratio": 0.81,
            "reinvestment_rate": 268.66,
            "research_to_sale_ratio": null,
            "price_fair": 38.41,
            "eps_avg_yearly": 1.1,
            "eps_latest_yearly": 1.52,
            "eps_growth_yearly": 94.61
        },
        "20184": {
            "year_quarter": 20184,
            "year": 2018,
            "quarter": 4,
            "eps": 0.29,
            "eps_growth_year": 144.46,
            "eps_4q": 1.09,
            "eps_4q_growth_year": 66.11,
            "roe": 2.36,
            "gross_profit": 89081,
            "gross_margin": 23.36,
            "net_income": 17430,
            "revenue": 381290,
            "common_shares": 592035,
            "equity": 747163,
            "current_ratio": 147.79,
            "debt_ratio": 50.64,
            "inventory_turnover_ratio": 5.93,
            "account_receivable_turnover_ratio": 0.85,
            "reinvestment_rate": 259.35,
            "research_to_sale_ratio": null,
            "price_fair": 39.64,
            "eps_avg_yearly": 1.13,
            "eps_latest_yearly": 1.16,
            "eps_growth_yearly": 100.76
        },
        "20191": {
            "year_quarter": 20191,
            "year": 2019,
            "quarter": 1,
            "eps": 0.42,
            "eps_growth_year": 180,
            "eps_4q": 1.36,
            "eps_4q_growth_year": 87.2,
            "roe": 3.29,
            "gross_profit": 86731,
            "gross_margin": 25.44,
            "net_income": 25029,
            "revenue": 340930,
            "common_shares": 592035,
            "equity": 774768,
            "current_ratio": 161.76,
            "debt_ratio": 47.15,
            "inventory_turnover_ratio": 5.84,
            "account_receivable_turnover_ratio": 0.79,
            "reinvestment_rate": 257.04,
            "research_to_sale_ratio": null,
            "price_fair": 39.99,
            "eps_avg_yearly": 1.14,
            "eps_latest_yearly": 1.68,
            "eps_growth_yearly": 73.63
        },
        "20192": {
            "year_quarter": 20192,
            "year": 2019,
            "quarter": 2,
            "eps": 0.35,
            "eps_growth_year": 34.62,
            "eps_4q": 1.46,
            "eps_4q_growth_year": 82.29,
            "roe": 2.73,
            "gross_profit": 86586,
            "gross_margin": 24.57,
            "net_income": 20920,
            "revenue": 352382,
            "common_shares": 592035,
            "equity": 758615,
            "current_ratio": 151.94,
            "debt_ratio": 49.63,
            "inventory_turnover_ratio": 6.11,
            "account_receivable_turnover_ratio": 0.84,
            "reinvestment_rate": 264.97,
            "research_to_sale_ratio": null,
            "price_fair": 38.76,
            "eps_avg_yearly": 1.11,
            "eps_latest_yearly": 1.4,
            "eps_growth_yearly": 62.23
        },
        "20193": {
            "year_quarter": 20193,
            "year": 2019,
            "quarter": 3,
            "eps": 0.44,
            "eps_growth_year": 15.79,
            "eps_4q": 1.52,
            "eps_4q_growth_year": 66.5,
            "roe": 3.36,
            "gross_profit": 89854,
            "gross_margin": 24.99,
            "net_income": 25814,
            "revenue": 359548,
            "common_shares": 592035,
            "equity": 778048,
            "current_ratio": 158.69,
            "debt_ratio": 47.81,
            "inventory_turnover_ratio": 6.13,
            "account_receivable_turnover_ratio": 0.85,
            "reinvestment_rate": 115.41,
            "research_to_sale_ratio": null,
            "price_fair": 39.11,
            "eps_avg_yearly": 1.12,
            "eps_latest_yearly": 1.76,
            "eps_growth_yearly": 73.25
        },
        "20194": {
            "year_quarter": 20194,
            "year": 2019,
            "quarter": 4,
            "eps": 0.53,
            "eps_growth_year": 80.13,
            "eps_4q": 1.75,
            "eps_4q_growth_year": 61.3,
            "roe": 3.92,
            "gross_profit": 97158,
            "gross_margin": 25.65,
            "net_income": 31101,
            "revenue": 378749,
            "common_shares": 592035,
            "equity": 808068,
            "current_ratio": 167.76,
            "debt_ratio": 46.19,
            "inventory_turnover_ratio": 6.39,
            "account_receivable_turnover_ratio": 0.89,
            "reinvestment_rate": -5.47,
            "research_to_sale_ratio": null,
            "price_fair": 42.53,
            "eps_avg_yearly": 1.22,
            "eps_latest_yearly": 2.12,
            "eps_growth_yearly": 94.61
        },
        "20201": {
            "year_quarter": 20201,
            "year": 2020,
            "quarter": 1,
            "eps": 0.45,
            "eps_growth_year": 7.14,
            "eps_4q": 1.78,
            "eps_4q_growth_year": 30.93,
            "roe": 3.39,
            "gross_profit": 93695,
            "gross_margin": 27.18,
            "net_income": 26592,
            "revenue": 344782,
            "common_shares": 592035,
            "equity": 762385,
            "current_ratio": 150.24,
            "debt_ratio": 49.77,
            "inventory_turnover_ratio": 5.72,
            "account_receivable_turnover_ratio": 0.84,
            "reinvestment_rate": -5.63,
            "research_to_sale_ratio": null,
            "price_fair": 43.58,
            "eps_avg_yearly": 1.25,
            "eps_latest_yearly": 1.8,
            "eps_growth_yearly": 56.91
        },
        "20202": {
            "year_quarter": 20202,
            "year": 2020,
            "quarter": 2,
            "eps": 0.6,
            "eps_growth_year": 71.43,
            "eps_4q": 2.12,
            "eps_4q_growth_year": 45.29,
            "roe": 4.61,
            "gross_profit": 102960,
            "gross_margin": 27.84,
            "net_income": 33869,
            "revenue": 369783,
            "common_shares": 592035,
            "equity": 706420,
            "current_ratio": 123.56,
            "debt_ratio": 55.54,
            "inventory_turnover_ratio": 5.72,
            "account_receivable_turnover_ratio": 0.92,
            "reinvestment_rate": -28.68,
            "research_to_sale_ratio": null,
            "price_fair": 44.89,
            "eps_avg_yearly": 1.28,
            "eps_latest_yearly": 2.4,
            "eps_growth_yearly": 56.15
        },
        "20203": {
            "year_quarter": 20203,
            "year": 2020,
            "quarter": 3,
            "eps": 0.68,
            "eps_growth_year": 54.55,
            "eps_4q": 2.37,
            "eps_4q_growth_year": 55.99,
            "roe": 5.2,
            "gross_profit": 104928,
            "gross_margin": 26.12,
            "net_income": 36871,
            "revenue": 401750,
            "common_shares": 592035,
            "equity": 710818,
            "current_ratio": 124.61,
            "debt_ratio": 54.92,
            "inventory_turnover_ratio": 6.02,
            "account_receivable_turnover_ratio": 0.95,
            "reinvestment_rate": -28.27,
            "research_to_sale_ratio": null,
            "price_fair": 48.04,
            "eps_avg_yearly": 1.37,
            "eps_latest_yearly": 2.72,
            "eps_growth_yearly": 66.71
        },
        "20204": {
            "year_quarter": 20204,
            "year": 2020,
            "quarter": 4,
            "eps": 0.39,
            "eps_growth_year": -26.41,
            "eps_4q": 1.97,
            "eps_4q_growth_year": 12.28,
            "roe": 2.98,
            "gross_profit": 107536,
            "gross_margin": 24.17,
            "net_income": 24053,
            "revenue": 444949,
            "common_shares": 667035,
            "equity": 906122,
            "current_ratio": 154.79,
            "debt_ratio": 47.61,
            "inventory_turnover_ratio": 5.96,
            "account_receivable_turnover_ratio": 0.97,
            "reinvestment_rate": -4.78,
            "research_to_sale_ratio": null,
            "price_fair": 49,
            "eps_avg_yearly": 1.4,
            "eps_latest_yearly": 1.56,
            "eps_growth_yearly": 59.17
        },
        "20211": {
            "year_quarter": 20211,
            "year": 2021,
            "quarter": 1,
            "eps": 0.45,
            "eps_growth_year": 0,
            "eps_4q": 1.99,
            "eps_4q_growth_year": 11.44,
            "roe": 3.2,
            "gross_profit": 102513,
            "gross_margin": 23.5,
            "net_income": 27589,
            "revenue": 436244,
            "common_shares": 667035,
            "equity": 818766,
            "current_ratio": 133.84,
            "debt_ratio": 53.84,
            "inventory_turnover_ratio": 5.01,
            "account_receivable_turnover_ratio": 0.92,
            "reinvestment_rate": -4.14,
            "research_to_sale_ratio": null,
            "price_fair": 52.24,
            "eps_avg_yearly": 1.49,
            "eps_latest_yearly": 1.8,
            "eps_growth_yearly": 80.87
        },
        "20212": {
            "year_quarter": 20212,
            "year": 2021,
            "quarter": 2,
            "eps": 0.52,
            "eps_growth_year": -13.33,
            "eps_4q": 1.96,
            "eps_4q_growth_year": -7.73,
            "roe": 3.82,
            "gross_profit": 104409,
            "gross_margin": 22.19,
            "net_income": 32339,
            "revenue": 470476,
            "common_shares": 667035,
            "equity": 875324,
            "current_ratio": 116.21,
            "debt_ratio": 56.42,
            "inventory_turnover_ratio": 5.52,
            "account_receivable_turnover_ratio": 0.97,
            "reinvestment_rate": 39.16,
            "research_to_sale_ratio": null,
            "price_fair": 55.13,
            "eps_avg_yearly": 1.58,
            "eps_latest_yearly": 2.08,
            "eps_growth_yearly": 50.39
        },
        "20213": {
            "year_quarter": 20213,
            "year": 2021,
            "quarter": 3,
            "eps": 0.38,
            "eps_growth_year": -44.12,
            "eps_4q": 1.74,
            "eps_4q_growth_year": -26.68,
            "roe": 2.63,
            "gross_profit": 99644,
            "gross_margin": 22.08,
            "net_income": 23229,
            "revenue": 451264,
            "common_shares": 667035,
            "equity": 894144,
            "current_ratio": 117.94,
            "debt_ratio": 56.07,
            "inventory_turnover_ratio": 5.46,
            "account_receivable_turnover_ratio": 0.92,
            "reinvestment_rate": 39.64,
            "research_to_sale_ratio": null,
            "price_fair": 56.09,
            "eps_avg_yearly": 1.6,
            "eps_latest_yearly": 1.52,
            "eps_growth_yearly": 33.13
        },
        "20214": {
            "year_quarter": 20214,
            "year": 2021,
            "quarter": 4,
            "eps": 0.29,
            "eps_growth_year": -26.15,
            "eps_4q": 1.64,
            "eps_4q_growth_year": -16.86,
            "roe": 1.98,
            "gross_profit": 100925,
            "gross_margin": 20.99,
            "net_income": 17762,
            "revenue": 480923,
            "common_shares": 667035,
            "equity": 899781,
            "current_ratio": 144.65,
            "debt_ratio": 51.89,
            "inventory_turnover_ratio": 5.45,
            "account_receivable_turnover_ratio": 0.96,
            "reinvestment_rate": -3.56,
            "research_to_sale_ratio": null,
            "price_fair": 57.58,
            "eps_avg_yearly": 1.65,
            "eps_latest_yearly": 1.16,
            "eps_growth_yearly": 41.1
        },
        "20221": {
            "year_quarter": 20221,
            "year": 2022,
            "quarter": 1,
            "eps": 0.23,
            "eps_growth_year": -48.89,
            "eps_4q": 1.42,
            "eps_4q_growth_year": -28.53,
            "roe": 1.64,
            "gross_profit": 97590,
            "gross_margin": 22.51,
            "net_income": 14141,
            "revenue": 433466,
            "common_shares": 667035,
            "equity": 821514,
            "current_ratio": 132.4,
            "debt_ratio": 55.55,
            "inventory_turnover_ratio": 4.27,
            "account_receivable_turnover_ratio": 0.9,
            "reinvestment_rate": -3.63,
            "research_to_sale_ratio": null,
            "price_fair": 58.28,
            "eps_avg_yearly": 1.67,
            "eps_latest_yearly": 0.92,
            "eps_growth_yearly": 29.68
        },
        "20222": {
            "year_quarter": 20222,
            "year": 2022,
            "quarter": 2,
            "eps": 0.37,
            "eps_growth_year": -28.85,
            "eps_4q": 1.26,
            "eps_4q_growth_year": -35.53,
            "roe": 2.74,
            "gross_profit": 95564,
            "gross_margin": 21.79,
            "net_income": 22776,
            "revenue": 438506,
            "common_shares": 667035,
            "equity": 842579,
            "current_ratio": 136.41,
            "debt_ratio": 54.27,
            "inventory_turnover_ratio": 4.57,
            "account_receivable_turnover_ratio": 0.99,
            "reinvestment_rate": -3.39,
            "research_to_sale_ratio": null,
            "price_fair": 59.24,
            "eps_avg_yearly": 1.69,
            "eps_latest_yearly": 1.48,
            "eps_growth_yearly": 26.56
        },
        "20223": {
            "year_quarter": 20223,
            "year": 2022,
            "quarter": 3,
            "eps": 0.52,
            "eps_growth_year": 36.84,
            "eps_4q": 1.41,
            "eps_4q_growth_year": -19.13,
            "roe": 3.73,
            "gross_profit": 99133,
            "gross_margin": 24.83,
            "net_income": 32022,
            "revenue": 399203,
            "common_shares": 667035,
            "equity": 875517,
            "current_ratio": 143.91,
            "debt_ratio": 51.96,
            "inventory_turnover_ratio": 4.77,
            "account_receivable_turnover_ratio": 0.95,
            "reinvestment_rate": -3.48,
            "research_to_sale_ratio": null,
            "price_fair": 60.46,
            "eps_avg_yearly": 1.73,
            "eps_latest_yearly": 2.08,
            "eps_growth_yearly": 25.16
        },
        "20224": {
            "year_quarter": 20224,
            "year": 2022,
            "quarter": 4,
            "eps": 0.72,
            "eps_growth_year": 148.36,
            "eps_4q": 1.83,
            "eps_4q_growth_year": 12.02,
            "roe": 4.91,
            "gross_profit": 105122,
            "gross_margin": 26.42,
            "net_income": 44113,
            "revenue": 397894,
            "common_shares": 667035,
            "equity": 920206,
            "current_ratio": 121.21,
            "debt_ratio": 47.47,
            "inventory_turnover_ratio": 5.02,
            "account_receivable_turnover_ratio": 0.99,
            "reinvestment_rate": -3.39,
            "research_to_sale_ratio": null,
            "price_fair": 64.23,
            "eps_avg_yearly": 1.84,
            "eps_latest_yearly": 2.88,
            "eps_growth_yearly": 40.69
        },
        "20231": {
            "year_quarter": 20231,
            "year": 2023,
            "quarter": 1,
            "eps": 0.43,
            "eps_growth_year": 86.96,
            "eps_4q": 2.04,
            "eps_4q_growth_year": 43.58,
            "roe": 2.95,
            "gross_profit": 95997,
            "gross_margin": 27.61,
            "net_income": 26678,
            "revenue": 347661,
            "common_shares": 667035,
            "equity": 885871,
            "current_ratio": 116.19,
            "debt_ratio": 49.88,
            "inventory_turnover_ratio": 4.35,
            "account_receivable_turnover_ratio": 0.92,
            "reinvestment_rate": -3.25,
            "research_to_sale_ratio": null,
            "price_fair": 54.05,
            "eps_avg_yearly": 1.84,
            "eps_latest_yearly": 1.72,
            "eps_growth_yearly": 19.42
        }
    },
    "months": {
        "2003-11": {
            "month": "2003-11",
            "price": "31.69",
            "revenue": 14893
        },
        "2003-12": {
            "month": "2003-12",
            "price": "33.40",
            "revenue": 23878
        },
        "2004-01": {
            "month": "2004-01",
            "price": "33.00",
            "revenue": 30033
        },
        "2004-02": {
            "month": "2004-02",
            "price": "38.13",
            "revenue": 20483
        },
        "2004-03": {
            "month": "2004-03",
            "price": "38.50",
            "revenue": 21496
        },
        "2004-04": {
            "month": "2004-04",
            "price": "37.95",
            "revenue": 20543
        },
        "2004-05": {
            "month": "2004-05",
            "price": "34.75",
            "revenue": 21336
        },
        "2004-06": {
            "month": "2004-06",
            "price": "30.71",
            "revenue": 22500
        },
        "2004-07": {
            "month": "2004-07",
            "price": "30.50",
            "revenue": 20306
        },
        "2004-08": {
            "month": "2004-08",
            "price": "29.98",
            "revenue": 20312
        },
        "2004-09": {
            "month": "2004-09",
            "price": "21.50",
            "revenue": 23941
        },
        "2004-10": {
            "month": "2004-10",
            "price": "20.15",
            "revenue": 25439
        },
        "2004-11": {
            "month": "2004-11",
            "price": "19.35",
            "revenue": 31292
        },
        "2004-12": {
            "month": "2004-12",
            "price": "18.07",
            "revenue": 23104
        },
        "2005-01": {
            "month": "2005-01",
            "price": "17.96",
            "revenue": 20095
        },
        "2005-02": {
            "month": "2005-02",
            "price": "20.52",
            "revenue": 22969
        },
        "2005-03": {
            "month": "2005-03",
            "price": "21.14",
            "revenue": 20242
        },
        "2005-04": {
            "month": "2005-04",
            "price": "21.87",
            "revenue": 20027
        },
        "2005-05": {
            "month": "2005-05",
            "price": "27.57",
            "revenue": 20505
        },
        "2005-06": {
            "month": "2005-06",
            "price": "31.37",
            "revenue": 12231
        },
        "2005-07": {
            "month": "2005-07",
            "price": "28.28",
            "revenue": 13985
        },
        "2005-08": {
            "month": "2005-08",
            "price": "24.39",
            "revenue": 16670
        },
        "2005-09": {
            "month": "2005-09",
            "price": "19.45",
            "revenue": 21167
        },
        "2005-10": {
            "month": "2005-10",
            "price": "18.28",
            "revenue": 13201
        },
        "2005-11": {
            "month": "2005-11",
            "price": "17.41",
            "revenue": 35090
        },
        "2005-12": {
            "month": "2005-12",
            "price": "20.69",
            "revenue": 42159
        },
        "2006-01": {
            "month": "2006-01",
            "price": "19.92",
            "revenue": 20583
        },
        "2006-02": {
            "month": "2006-02",
            "price": "18.54",
            "revenue": 17439
        },
        "2006-03": {
            "month": "2006-03",
            "price": "17.19",
            "revenue": 20580
        },
        "2006-04": {
            "month": "2006-04",
            "price": "17.83",
            "revenue": 14272
        },
        "2006-05": {
            "month": "2006-05",
            "price": "18.11",
            "revenue": 11746
        },
        "2006-06": {
            "month": "2006-06",
            "price": "13.92",
            "revenue": 17227
        },
        "2006-07": {
            "month": "2006-07",
            "price": "13.45",
            "revenue": 11037
        },
        "2006-08": {
            "month": "2006-08",
            "price": "14.16",
            "revenue": 29537
        },
        "2006-09": {
            "month": "2006-09",
            "price": "11.46",
            "revenue": 22944
        },
        "2006-10": {
            "month": "2006-10",
            "price": "11.84",
            "revenue": 24593
        },
        "2006-11": {
            "month": "2006-11",
            "price": "13.30",
            "revenue": 28811
        },
        "2006-12": {
            "month": "2006-12",
            "price": "14.95",
            "revenue": 17106
        },
        "2007-01": {
            "month": "2007-01",
            "price": "14.43",
            "revenue": 11729
        },
        "2007-02": {
            "month": "2007-02",
            "price": "15.81",
            "revenue": 23712
        },
        "2007-03": {
            "month": "2007-03",
            "price": "20.50",
            "revenue": 17220
        },
        "2007-04": {
            "month": "2007-04",
            "price": "22.69",
            "revenue": 11906
        },
        "2007-05": {
            "month": "2007-05",
            "price": "20.84",
            "revenue": 15770
        },
        "2007-06": {
            "month": "2007-06",
            "price": "23.86",
            "revenue": 16759
        },
        "2007-07": {
            "month": "2007-07",
            "price": "26.48",
            "revenue": 19717
        },
        "2007-08": {
            "month": "2007-08",
            "price": "21.16",
            "revenue": 21155
        },
        "2007-09": {
            "month": "2007-09",
            "price": "15.99",
            "revenue": 14005
        },
        "2007-10": {
            "month": "2007-10",
            "price": "14.88",
            "revenue": 18031
        },
        "2007-11": {
            "month": "2007-11",
            "price": "12.37",
            "revenue": 21703
        },
        "2007-12": {
            "month": "2007-12",
            "price": "11.20",
            "revenue": 10655
        },
        "2008-01": {
            "month": "2008-01",
            "price": "9.46",
            "revenue": 14553
        },
        "2008-02": {
            "month": "2008-02",
            "price": "8.79",
            "revenue": 18790
        },
        "2008-03": {
            "month": "2008-03",
            "price": "9.90",
            "revenue": 18195
        },
        "2008-04": {
            "month": "2008-04",
            "price": "10.35",
            "revenue": 14535
        },
        "2008-05": {
            "month": "2008-05",
            "price": "10.64",
            "revenue": 12453
        },
        "2008-06": {
            "month": "2008-06",
            "price": "9.11",
            "revenue": 19535
        },
        "2008-07": {
            "month": "2008-07",
            "price": "6.20",
            "revenue": 21423
        },
        "2008-08": {
            "month": "2008-08",
            "price": "6.28",
            "revenue": 19138
        },
        "2008-09": {
            "month": "2008-09",
            "price": "5.64",
            "revenue": 21684
        },
        "2008-10": {
            "month": "2008-10",
            "price": "4.85",
            "revenue": 17550
        },
        "2008-11": {
            "month": "2008-11",
            "price": "4.18",
            "revenue": 13461
        },
        "2008-12": {
            "month": "2008-12",
            "price": "4.80",
            "revenue": 11792
        },
        "2009-01": {
            "month": "2009-01",
            "price": "4.30",
            "revenue": 7854
        },
        "2009-02": {
            "month": "2009-02",
            "price": "5.00",
            "revenue": 9770
        },
        "2009-03": {
            "month": "2009-03",
            "price": "5.96",
            "revenue": 10718
        },
        "2009-04": {
            "month": "2009-04",
            "price": "6.32",
            "revenue": 9714
        },
        "2009-05": {
            "month": "2009-05",
            "price": "7.46",
            "revenue": 7419
        },
        "2009-06": {
            "month": "2009-06",
            "price": "6.80",
            "revenue": 11128
        },
        "2009-07": {
            "month": "2009-07",
            "price": "7.12",
            "revenue": 11250
        },
        "2009-08": {
            "month": "2009-08",
            "price": "8.12",
            "revenue": 15255
        },
        "2009-09": {
            "month": "2009-09",
            "price": "8.06",
            "revenue": 20293
        },
        "2009-10": {
            "month": "2009-10",
            "price": "8.95",
            "revenue": 9234
        },
        "2009-11": {
            "month": "2009-11",
            "price": "9.14",
            "revenue": 14845
        },
        "2009-12": {
            "month": "2009-12",
            "price": "11.10",
            "revenue": 9698
        },
        "2010-01": {
            "month": "2010-01",
            "price": "14.80",
            "revenue": 9212
        },
        "2010-02": {
            "month": "2010-02",
            "price": "13.40",
            "revenue": 7889
        },
        "2010-03": {
            "month": "2010-03",
            "price": "17.47",
            "revenue": 9471
        },
        "2010-04": {
            "month": "2010-04",
            "price": "17.31",
            "revenue": 7422
        },
        "2010-05": {
            "month": "2010-05",
            "price": "15.01",
            "revenue": 12287
        },
        "2010-06": {
            "month": "2010-06",
            "price": "13.98",
            "revenue": 11784
        },
        "2010-07": {
            "month": "2010-07",
            "price": "14.88",
            "revenue": 7851
        },
        "2010-08": {
            "month": "2010-08",
            "price": "14.65",
            "revenue": 7927
        },
        "2010-09": {
            "month": "2010-09",
            "price": "13.80",
            "revenue": 14000
        },
        "2010-10": {
            "month": "2010-10",
            "price": "12.89",
            "revenue": 7024
        },
        "2010-11": {
            "month": "2010-11",
            "price": "10.22",
            "revenue": 8196
        },
        "2010-12": {
            "month": "2010-12",
            "price": "11.78",
            "revenue": 5088
        },
        "2011-01": {
            "month": "2011-01",
            "price": "11.63",
            "revenue": 4402
        },
        "2011-02": {
            "month": "2011-02",
            "price": "15.25",
            "revenue": 5096
        },
        "2011-03": {
            "month": "2011-03",
            "price": "15.78",
            "revenue": 6137
        },
        "2011-04": {
            "month": "2011-04",
            "price": "15.68",
            "revenue": 7410
        },
        "2011-05": {
            "month": "2011-05",
            "price": "15.01",
            "revenue": 4318
        },
        "2011-06": {
            "month": "2011-06",
            "price": "14.70",
            "revenue": 8750
        },
        "2011-07": {
            "month": "2011-07",
            "price": "14.17",
            "revenue": 8504
        },
        "2011-08": {
            "month": "2011-08",
            "price": "12.61",
            "revenue": 3648
        },
        "2011-09": {
            "month": "2011-09",
            "price": "12.10",
            "revenue": 8363
        },
        "2011-10": {
            "month": "2011-10",
            "price": "15.56",
            "revenue": 6804
        },
        "2011-11": {
            "month": "2011-11",
            "price": "14.58",
            "revenue": 5303
        },
        "2011-12": {
            "month": "2011-12",
            "price": "11.67",
            "revenue": 20457
        },
        "2012-01": {
            "month": "2012-01",
            "price": "11.64",
            "revenue": 3046
        },
        "2012-02": {
            "month": "2012-02",
            "price": "13.26",
            "revenue": 4656
        },
        "2012-03": {
            "month": "2012-03",
            "price": "12.72",
            "revenue": 9053
        },
        "2012-04": {
            "month": "2012-04",
            "price": "11.36",
            "revenue": 6127
        },
        "2012-05": {
            "month": "2012-05",
            "price": "12.07",
            "revenue": 5848
        },
        "2012-06": {
            "month": "2012-06",
            "price": "13.84",
            "revenue": 9210
        },
        "2012-07": {
            "month": "2012-07",
            "price": "13.60",
            "revenue": 34728
        },
        "2012-08": {
            "month": "2012-08",
            "price": "13.25",
            "revenue": 37446
        },
        "2012-09": {
            "month": "2012-09",
            "price": "14.72",
            "revenue": 35374
        },
        "2012-10": {
            "month": "2012-10",
            "price": "14.67",
            "revenue": 36194
        },
        "2012-11": {
            "month": "2012-11",
            "price": "13.21",
            "revenue": 32723
        },
        "2012-12": {
            "month": "2012-12",
            "price": "14.07",
            "revenue": 31712
        },
        "2013-01": {
            "month": "2013-01",
            "price": "13.79",
            "revenue": 47495
        },
        "2013-02": {
            "month": "2013-02",
            "price": "13.78",
            "revenue": 34413
        },
        "2013-03": {
            "month": "2013-03",
            "price": "13.38",
            "revenue": 45290
        },
        "2013-04": {
            "month": "2013-04",
            "price": "13.58",
            "revenue": 48607
        },
        "2013-05": {
            "month": "2013-05",
            "price": "16.54",
            "revenue": 47645
        },
        "2013-06": {
            "month": "2013-06",
            "price": "17.20",
            "revenue": 47815
        },
        "2013-07": {
            "month": "2013-07",
            "price": "17.51",
            "revenue": 47258
        },
        "2013-08": {
            "month": "2013-08",
            "price": "16.58",
            "revenue": 43205
        },
        "2013-09": {
            "month": "2013-09",
            "price": "14.51",
            "revenue": 38708
        },
        "2013-10": {
            "month": "2013-10",
            "price": "14.23",
            "revenue": 44265
        },
        "2013-11": {
            "month": "2013-11",
            "price": "15.15",
            "revenue": 50567
        },
        "2013-12": {
            "month": "2013-12",
            "price": "16.10",
            "revenue": 42596
        },
        "2014-01": {
            "month": "2014-01",
            "price": "18.82",
            "revenue": 149272
        },
        "2014-02": {
            "month": "2014-02",
            "price": "21.28",
            "revenue": 119735
        },
        "2014-03": {
            "month": "2014-03",
            "price": "21.23",
            "revenue": 141486
        },
        "2014-04": {
            "month": "2014-04",
            "price": "21.63",
            "revenue": 149745
        },
        "2014-05": {
            "month": "2014-05",
            "price": "20.62",
            "revenue": 153147
        },
        "2014-06": {
            "month": "2014-06",
            "price": "20.32",
            "revenue": 152657
        },
        "2014-07": {
            "month": "2014-07",
            "price": "20.07",
            "revenue": 141040
        },
        "2014-08": {
            "month": "2014-08",
            "price": "18.44",
            "revenue": 147975
        },
        "2014-09": {
            "month": "2014-09",
            "price": "16.97",
            "revenue": 150921
        },
        "2014-10": {
            "month": "2014-10",
            "price": "18.52",
            "revenue": 146028
        },
        "2014-11": {
            "month": "2014-11",
            "price": "17.76",
            "revenue": 166829
        },
        "2014-12": {
            "month": "2014-12",
            "price": "16.38",
            "revenue": 159995
        },
        "2015-01": {
            "month": "2015-01",
            "price": "16.72",
            "revenue": 139083
        },
        "2015-02": {
            "month": "2015-02",
            "price": "16.72",
            "revenue": 115140
        },
        "2015-03": {
            "month": "2015-03",
            "price": "16.52",
            "revenue": 134101
        },
        "2015-04": {
            "month": "2015-04",
            "price": "16.65",
            "revenue": 141782
        },
        "2015-05": {
            "month": "2015-05",
            "price": "18.90",
            "revenue": 147008
        },
        "2015-06": {
            "month": "2015-06",
            "price": "19.68",
            "revenue": 154386
        },
        "2015-07": {
            "month": "2015-07",
            "price": "19.52",
            "revenue": 147492
        },
        "2015-08": {
            "month": "2015-08",
            "price": "17.91",
            "revenue": 150608
        },
        "2015-09": {
            "month": "2015-09",
            "price": "17.12",
            "revenue": 155164
        },
        "2015-10": {
            "month": "2015-10",
            "price": "18.59",
            "revenue": 141505
        },
        "2015-11": {
            "month": "2015-11",
            "price": "20.30",
            "revenue": 152893
        },
        "2015-12": {
            "month": "2015-12",
            "price": "20.14",
            "revenue": 154637
        },
        "2016-01": {
            "month": "2016-01",
            "price": "19.51",
            "revenue": 157832
        },
        "2016-02": {
            "month": "2016-02",
            "price": "19.33",
            "revenue": 107564
        },
        "2016-03": {
            "month": "2016-03",
            "price": "20.16",
            "revenue": 146642
        },
        "2016-04": {
            "month": "2016-04",
            "price": "19.96",
            "revenue": 150897
        },
        "2016-05": {
            "month": "2016-05",
            "price": "19.65",
            "revenue": 140771
        },
        "2016-06": {
            "month": "2016-06",
            "price": "19.45",
            "revenue": 139706
        },
        "2016-07": {
            "month": "2016-07",
            "price": "19.30",
            "revenue": 128456
        },
        "2016-08": {
            "month": "2016-08",
            "price": "19.21",
            "revenue": 140364
        },
        "2016-09": {
            "month": "2016-09",
            "price": "19.41",
            "revenue": 136514
        },
        "2016-10": {
            "month": "2016-10",
            "price": "19.10",
            "revenue": 125000
        },
        "2016-11": {
            "month": "2016-11",
            "price": "19.03",
            "revenue": 155163
        },
        "2016-12": {
            "month": "2016-12",
            "price": "18.88",
            "revenue": 164879
        },
        "2017-01": {
            "month": "2017-01",
            "price": "19.20",
            "revenue": 137318
        },
        "2017-02": {
            "month": "2017-02",
            "price": "18.54",
            "revenue": 108064
        },
        "2017-03": {
            "month": "2017-03",
            "price": "17.98",
            "revenue": 133166
        },
        "2017-04": {
            "month": "2017-04",
            "price": "17.05",
            "revenue": 131690
        },
        "2017-05": {
            "month": "2017-05",
            "price": "16.86",
            "revenue": 128423
        },
        "2017-06": {
            "month": "2017-06",
            "price": "16.15",
            "revenue": 137562
        },
        "2017-07": {
            "month": "2017-07",
            "price": "16.15",
            "revenue": 125866
        },
        "2017-08": {
            "month": "2017-08",
            "price": "15.40",
            "revenue": 137124
        },
        "2017-09": {
            "month": "2017-09",
            "price": "15.48",
            "revenue": 133262
        },
        "2017-10": {
            "month": "2017-10",
            "price": "14.86",
            "revenue": 133763
        },
        "2017-11": {
            "month": "2017-11",
            "price": "14.10",
            "revenue": 151793
        },
        "2017-12": {
            "month": "2017-12",
            "price": "13.97",
            "revenue": 153390
        },
        "2018-01": {
            "month": "2018-01",
            "price": "14.10",
            "revenue": 145529
        },
        "2018-02": {
            "month": "2018-02",
            "price": "13.83",
            "revenue": 97094
        },
        "2018-03": {
            "month": "2018-03",
            "price": "14.17",
            "revenue": 118911
        },
        "2018-04": {
            "month": "2018-04",
            "price": "14.83",
            "revenue": 120556
        },
        "2018-05": {
            "month": "2018-05",
            "price": "14.59",
            "revenue": 125401
        },
        "2018-06": {
            "month": "2018-06",
            "price": "14.58",
            "revenue": 121571
        },
        "2018-07": {
            "month": "2018-07",
            "price": "14.45",
            "revenue": 127176
        },
        "2018-08": {
            "month": "2018-08",
            "price": "13.87",
            "revenue": 124283
        },
        "2018-09": {
            "month": "2018-09",
            "price": "12.95",
            "revenue": 118197
        },
        "2018-10": {
            "month": "2018-10",
            "price": "10.71",
            "revenue": 123143
        },
        "2018-11": {
            "month": "2018-11",
            "price": "10.01",
            "revenue": 127450
        },
        "2018-12": {
            "month": "2018-12",
            "price": "10.32",
            "revenue": 130697
        },
        "2019-01": {
            "month": "2019-01",
            "price": "9.84",
            "revenue": 137372
        },
        "2019-02": {
            "month": "2019-02",
            "price": "10.11",
            "revenue": 92308
        },
        "2019-03": {
            "month": "2019-03",
            "price": "10.67",
            "revenue": 111250
        },
        "2019-04": {
            "month": "2019-04",
            "price": "11.12",
            "revenue": 118486
        },
        "2019-05": {
            "month": "2019-05",
            "price": "13.22",
            "revenue": 116063
        },
        "2019-06": {
            "month": "2019-06",
            "price": "13.98",
            "revenue": 117833
        },
        "2019-07": {
            "month": "2019-07",
            "price": "14.13",
            "revenue": 118080
        },
        "2019-08": {
            "month": "2019-08",
            "price": "13.60",
            "revenue": 119468
        },
        "2019-09": {
            "month": "2019-09",
            "price": "13.91",
            "revenue": 122000
        },
        "2019-10": {
            "month": "2019-10",
            "price": "13.89",
            "revenue": 118810
        },
        "2019-11": {
            "month": "2019-11",
            "price": "13.80",
            "revenue": 127591
        },
        "2019-12": {
            "month": "2019-12",
            "price": "13.96",
            "revenue": 132348
        },
        "2020-01": {
            "month": "2020-01",
            "price": "14.00",
            "revenue": 111681
        },
        "2020-02": {
            "month": "2020-02",
            "price": "13.63",
            "revenue": 110164
        },
        "2020-03": {
            "month": "2020-03",
            "price": "12.18",
            "revenue": 122937
        },
        "2020-04": {
            "month": "2020-04",
            "price": "17.02",
            "revenue": 122467
        },
        "2020-05": {
            "month": "2020-05",
            "price": "18.84",
            "revenue": 118151
        },
        "2020-06": {
            "month": "2020-06",
            "price": "24.16",
            "revenue": 129165
        },
        "2020-07": {
            "month": "2020-07",
            "price": "22.81",
            "revenue": 124465
        },
        "2020-08": {
            "month": "2020-08",
            "price": "22.00",
            "revenue": 130939
        },
        "2020-09": {
            "month": "2020-09",
            "price": "21.82",
            "revenue": 146346
        },
        "2020-10": {
            "month": "2020-10",
            "price": "23.96",
            "revenue": 133730
        },
        "2020-11": {
            "month": "2020-11",
            "price": "22.08",
            "revenue": 152449
        },
        "2020-12": {
            "month": "2020-12",
            "price": "21.75",
            "revenue": 158769
        },
        "2021-01": {
            "month": "2021-01",
            "price": "23.16",
            "revenue": 157215
        },
        "2021-02": {
            "month": "2021-02",
            "price": "23.37",
            "revenue": 128303
        },
        "2021-03": {
            "month": "2021-03",
            "price": "25.45",
            "revenue": 150726
        },
        "2021-04": {
            "month": "2021-04",
            "price": "25.98",
            "revenue": 157823
        },
        "2021-05": {
            "month": "2021-05",
            "price": "24.18",
            "revenue": 158423
        },
        "2021-06": {
            "month": "2021-06",
            "price": "25.30",
            "revenue": 154229
        },
        "2021-07": {
            "month": "2021-07",
            "price": "24.28",
            "revenue": 146480
        },
        "2021-08": {
            "month": "2021-08",
            "price": "21.64",
            "revenue": 155430
        },
        "2021-09": {
            "month": "2021-09",
            "price": "21.26",
            "revenue": 149355
        },
        "2021-10": {
            "month": "2021-10",
            "price": "20.77",
            "revenue": 148456
        },
        "2021-11": {
            "month": "2021-11",
            "price": "20.84",
            "revenue": 172697
        },
        "2021-12": {
            "month": "2021-12",
            "price": "20.75",
            "revenue": 159770
        },
        "2022-01": {
            "month": "2022-01",
            "price": "20.74",
            "revenue": 162890
        },
        "2022-02": {
            "month": "2022-02",
            "price": "20.55",
            "revenue": 119187
        },
        "2022-03": {
            "month": "2022-03",
            "price": "20.57",
            "revenue": 151389
        },
        "2022-04": {
            "month": "2022-04",
            "price": "21.26",
            "revenue": 151378
        },
        "2022-05": {
            "month": "2022-05",
            "price": "18.48",
            "revenue": 146318
        },
        "2022-06": {
            "month": "2022-06",
            "price": "18.25",
            "revenue": 140810
        },
        "2022-07": {
            "month": "2022-07",
            "price": "16.55",
            "revenue": 135153
        },
        "2022-08": {
            "month": "2022-08",
            "price": "16.42",
            "revenue": 135633
        },
        "2022-09": {
            "month": "2022-09",
            "price": "16.17",
            "revenue": 128417
        },
        "2022-10": {
            "month": "2022-10",
            "price": "15.18",
            "revenue": 128881
        },
        "2022-11": {
            "month": "2022-11",
            "price": "15.46",
            "revenue": 140524
        },
        "2022-12": {
            "month": "2022-12",
            "price": "16.10",
            "revenue": 128489
        },
        "2023-01": {
            "month": "2023-01",
            "price": "16.49",
            "revenue": 107739
        },
        "2023-02": {
            "month": "2023-02",
            "price": "17.08",
            "revenue": 117118
        },
        "2023-03": {
            "month": "2023-03",
            "price": "17.91",
            "revenue": 122804
        },
        "2023-04": {
            "month": "2023-04",
            "price": "17.70",
            "revenue": 112689
        }
    }
}
