{
    "summary": {
        "stock_name": "基亞",
        "stock_id": "3176",
        "category": "生技醫療",
        "main_business": "生物製藥研發業務<br>中 、西藥之批發、零售業<br>醫療器材、動物用藥之批發、零售業及國際貿易業",
        "website_url": "http://www.medigen.com.tw",
        "ceo": "張世忠",
        "pe_ratio": -10,
        "report_year_from": 2002,
        "report_year_to": 2023,
        "age": 22,
        "eps_negative_percentage": 81,
        "eps_growth_avg": {
            "last_all": -93.7,
            "last_2y": null,
            "last_4y": null,
            "last_8y": null,
            "last_12y": -100,
            "last_16y": null,
            "last_20y": null,
            "at_2006_last_3y": null,
            "at_2007_last_3y": null,
            "at_2008_last_3y": null,
            "at_2009_last_3y": null,
            "at_2010_last_3y": null,
            "at_2011_last_3y": null,
            "at_2012_last_3y": null,
            "at_2013_last_3y": null,
            "at_2014_last_3y": -100,
            "at_2015_last_3y": -100,
            "at_2016_last_3y": -100,
            "at_2017_last_3y": null,
            "at_2018_last_3y": null,
            "at_2019_last_3y": null,
            "at_2020_last_3y": null,
            "at_2021_last_3y": null,
            "at_2022_last_3y": null,
            "at_2023_last_3y": null,
            "at_2024_last_3y": null,
            "at_2006_last_all": null,
            "at_2007_last_all": null,
            "at_2008_last_all": null,
            "at_2009_last_all": null,
            "at_2010_last_all": -90.55,
            "at_2011_last_all": -90.55,
            "at_2012_last_all": -90.55,
            "at_2013_last_all": -93.7,
            "at_2014_last_all": -93.7,
            "at_2015_last_all": -93.7,
            "at_2016_last_all": -93.7,
            "at_2017_last_all": -93.7,
            "at_2018_last_all": -93.7,
            "at_2019_last_all": -93.7,
            "at_2020_last_all": -93.7,
            "at_2021_last_all": -93.7,
            "at_2022_last_all": -93.7,
            "at_2023_last_all": -93.7,
            "at_2024_last_all": -93.7
        },
        "latest_eps": -4.27,
        "latest_price": 41.35,
        "latest_roe": -25.64,
        "latest_gross_margin": 52.47,
        "latest_equity": 5715362,
        "latest_revenue": 416881,
        "latest_gross_profit": 218750,
        "latest_net_income": -73894,
        "latest_debt_ratio": 37.34,
        "latest_current_ratio": 229.84,
        "latest_account_receivable_turnover_ratio": 1.71,
        "latest_inventory_turnover_ratio": 0.19,
        "latest_reinvestment_rate": null,
        "latest_research_to_sale_ratio": 39.74
    },
    "eps_dividends": {
        "2001": {
            "cash": 0,
            "stock": 0,
            "eps": 0
        },
        "2002": {
            "cash": 0,
            "stock": 0,
            "eps": 0
        },
        "2003": {
            "cash": 0,
            "stock": 0,
            "eps": 0
        },
        "2004": {
            "cash": 0,
            "stock": 0,
            "eps": 0
        },
        "2005": {
            "cash": 0,
            "stock": 0,
            "eps": 0
        },
        "2006": {
            "cash": 0,
            "stock": 0,
            "eps": 0
        },
        "2007": {
            "cash": 0,
            "stock": 0,
            "eps": 4.34
        },
        "2008": {
            "cash": 0,
            "stock": 0,
            "eps": 0.82
        },
        "2009": {
            "cash": 0,
            "stock": 0,
            "eps": 0
        },
        "2010": {
            "cash": 0,
            "stock": 0,
            "eps": -0.18
        },
        "2011": {
            "cash": 0,
            "stock": 0,
            "eps": -1.86
        },
        "2012": {
            "cash": 0,
            "stock": 0,
            "eps": 2.05
        },
        "2013": {
            "cash": 0,
            "stock": 0,
            "eps": -2.77
        },
        "2014": {
            "cash": 0,
            "stock": 0,
            "eps": -5.06
        },
        "2015": {
            "cash": 0,
            "stock": 0,
            "eps": -3.9
        },
        "2016": {
            "cash": 0,
            "stock": 0,
            "eps": -4.1
        },
        "2017": {
            "cash": 0,
            "stock": 0,
            "eps": -3.37
        },
        "2018": {
            "cash": 0,
            "stock": 0,
            "eps": -3.19
        },
        "2019": {
            "cash": 0,
            "stock": 0,
            "eps": -1.84
        },
        "2020": {
            "cash": 0,
            "stock": 0,
            "eps": -2.43
        },
        "2021": {
            "cash": 0,
            "stock": 0,
            "eps": -0.38
        },
        "2022": {
            "cash": 0,
            "stock": 0,
            "eps": -4.86
        },
        "2023": {
            "cash": 0,
            "stock": 0,
            "eps": -1.72
        }
    },
    "dividends": [],
    "prices": {
        "200101": "無",
        "200102": "無",
        "200103": "無",
        "200104": "無",
        "200105": "無",
        "200106": "無",
        "200107": "無",
        "200108": "無",
        "200109": "無",
        "200110": "無",
        "200111": "無",
        "200112": "無",
        "200201": "無",
        "200202": "無",
        "200203": "無",
        "200204": "無",
        "200205": "無",
        "200206": "無",
        "200207": "無",
        "200208": "無",
        "200209": "無",
        "200210": "無",
        "200211": "無",
        "200212": "無",
        "200301": "無",
        "200302": "無",
        "200303": "無",
        "200304": "無",
        "200305": "無",
        "200306": "無",
        "200307": "無",
        "200308": "無",
        "200309": "無",
        "200310": "無",
        "200311": "無",
        "200312": "19.10",
        "200401": "15.89",
        "200402": "14.93",
        "200403": "13.80",
        "200404": "17.00",
        "200405": "14.06",
        "200406": "13.75",
        "200407": "13.01",
        "200408": "無",
        "200409": "無",
        "200410": "9.96",
        "200411": "8.99",
        "200412": "9.67",
        "200501": "8.69",
        "200502": "9.62",
        "200503": "8.97",
        "200504": "8.25",
        "200505": "6.89",
        "200506": "6.56",
        "200507": "7.25",
        "200508": "7.06",
        "200509": "7.18",
        "200510": "7.15",
        "200511": "6.99",
        "200512": "6.52",
        "200601": "5.92",
        "200602": "5.46",
        "200603": "5.11",
        "200604": "5.06",
        "200605": "10.07",
        "200606": "11.66",
        "200607": "10.48",
        "200608": "10.48",
        "200609": "10.41",
        "200610": "11.17",
        "200611": "11.74",
        "200612": "12.26",
        "200701": "14.75",
        "200702": "14.44",
        "200703": "12.40",
        "200704": "14.88",
        "200705": "16.96",
        "200706": "24.12",
        "200707": "53.38",
        "200708": "61.49",
        "200709": "63.08",
        "200710": "60.01",
        "200711": "47.77",
        "200712": "43.33",
        "200801": "37.31",
        "200802": "35.94",
        "200803": "39.86",
        "200804": "40.76",
        "200805": "49.37",
        "200806": "43.27",
        "200807": "36.78",
        "200808": "35.86",
        "200809": "25.54",
        "200810": "16.60",
        "200811": "12.42",
        "200812": "11.07",
        "200901": "15.81",
        "200902": "16.01",
        "200903": "16.88",
        "200904": "17.53",
        "200905": "15.23",
        "200906": "15.87",
        "200907": "21.83",
        "200908": "20.10",
        "200909": "21.45",
        "200910": "18.90",
        "200911": "18.77",
        "200912": "20.18",
        "201001": "21.62",
        "201002": "20.00",
        "201003": "20.37",
        "201004": "22.54",
        "201005": "25.26",
        "201006": "27.55",
        "201007": "28.22",
        "201008": "28.28",
        "201009": "27.71",
        "201010": "28.74",
        "201011": "28.02",
        "201012": "27.65",
        "201101": "27.47",
        "201102": "26.99",
        "201103": "27.02",
        "201104": "27.30",
        "201105": "28.91",
        "201106": "29.61",
        "201107": "30.15",
        "201108": "28.19",
        "201109": "27.72",
        "201110": "27.86",
        "201111": "24.37",
        "201112": "36.42",
        "201201": "40.67",
        "201202": "59.05",
        "201203": "62.21",
        "201204": "63.16",
        "201205": "59.31",
        "201206": "62.59",
        "201207": "62.95",
        "201208": "64.70",
        "201209": "79.38",
        "201210": "119.39",
        "201211": "143.05",
        "201212": "171.81",
        "201301": "173.02",
        "201302": "206.19",
        "201303": "201.90",
        "201304": "186.82",
        "201305": "173.80",
        "201306": "173.24",
        "201307": "178.80",
        "201308": "177.02",
        "201309": "196.12",
        "201310": "200.36",
        "201311": "200.90",
        "201312": "187.66",
        "201401": "194.58",
        "201402": "206.50",
        "201403": "236.45",
        "201404": "300.81",
        "201405": "414.69",
        "201406": "447.68",
        "201407": "412.25",
        "201408": "175.12",
        "201409": "173.10",
        "201410": "144.02",
        "201411": "124.95",
        "201412": "156.96",
        "201501": "160.82",
        "201502": "158.38",
        "201503": "156.20",
        "201504": "131.28",
        "201505": "119.18",
        "201506": "96.31",
        "201507": "102.95",
        "201508": "89.82",
        "201509": "93.76",
        "201510": "95.53",
        "201511": "90.63",
        "201512": "90.06",
        "201601": "73.45",
        "201602": "75.78",
        "201603": "72.84",
        "201604": "63.76",
        "201605": "64.14",
        "201606": "81.91",
        "201607": "80.17",
        "201608": "77.35",
        "201609": "70.16",
        "201610": "67.92",
        "201611": "66.96",
        "201612": "78.88",
        "201701": "74.39",
        "201702": "74.48",
        "201703": "63.83",
        "201704": "57.17",
        "201705": "54.28",
        "201706": "54.12",
        "201707": "49.90",
        "201708": "47.51",
        "201709": "45.71",
        "201710": "41.30",
        "201711": "38.15",
        "201712": "35.21",
        "201801": "36.96",
        "201802": "33.43",
        "201803": "36.16",
        "201804": "36.99",
        "201805": "33.73",
        "201806": "33.37",
        "201807": "29.92",
        "201808": "26.72",
        "201809": "40.77",
        "201810": "43.53",
        "201811": "40.46",
        "201812": "41.79",
        "201901": "54.09",
        "201902": "64.21",
        "201903": "62.41",
        "201904": "75.82",
        "201905": "73.14",
        "201906": "74.17",
        "201907": "76.30",
        "201908": "62.39",
        "201909": "62.77",
        "201910": "61.46",
        "201911": "61.89",
        "201912": "62.68",
        "202001": "58.62",
        "202002": "58.81",
        "202003": "49.78",
        "202004": "52.45",
        "202005": "61.58",
        "202006": "72.22",
        "202007": "83.89",
        "202008": "72.97",
        "202009": "70.06",
        "202010": "61.51",
        "202011": "59.57",
        "202012": "59.14",
        "202101": "53.57",
        "202102": "59.62",
        "202103": "65.95",
        "202104": "65.59",
        "202105": "66.16",
        "202106": "70.24",
        "202107": "64.58",
        "202108": "63.16",
        "202109": "58.69",
        "202110": "51.96",
        "202111": "52.12",
        "202112": "55.59",
        "202201": "55.28",
        "202202": "52.77",
        "202203": "51.33",
        "202204": "54.44",
        "202205": "48.51",
        "202206": "45.53",
        "202207": "40.23",
        "202208": "40.97",
        "202209": "40.20",
        "202210": "31.80",
        "202211": "33.84",
        "202212": "36.15",
        "202301": "32.10",
        "202302": "32.38",
        "202303": "32.60",
        "202304": "33.90",
        "202305": "33.60",
        "202306": "33.46",
        "202307": "32.80",
        "202308": "31.63",
        "202309": "33.56",
        "202310": "38.36",
        "202311": "54.46",
        "202312": "47.07"
    },
    "quarters": {
        "20011": {
            "year_quarter": 20011,
            "year": 2001,
            "quarter": 1,
            "eps": null,
            "eps_growth_year": null,
            "eps_4q": null,
            "eps_4q_growth_year": null,
            "roe": null,
            "roe_4q": 0,
            "gross_profit": null,
            "gross_margin": null,
            "gross_margin_4q_avg": 0,
            "net_income": null,
            "net_income_4q": null,
            "revenue": null,
            "revenue_4q": null,
            "common_shares": null,
            "book_valuer_per_share": null,
            "book_valuer_per_share_4q_avg": 0,
            "equity": null,
            "current_ratio": null,
            "debt_ratio": null,
            "inventory_turnover_ratio": null,
            "account_receivable_turnover_ratio": null,
            "reinvestment_rate": null,
            "research_to_sale_ratio": null,
            "price_fair": 0,
            "eps_avg_yearly": 0,
            "eps_latest_yearly": 0,
            "eps_growth_yearly": 0
        },
        "20012": {
            "year_quarter": 20012,
            "year": 2001,
            "quarter": 2,
            "eps": null,
            "eps_growth_year": null,
            "eps_4q": null,
            "eps_4q_growth_year": null,
            "roe": null,
            "roe_4q": 0,
            "gross_profit": null,
            "gross_margin": null,
            "gross_margin_4q_avg": 0,
            "net_income": null,
            "net_income_4q": null,
            "revenue": null,
            "revenue_4q": null,
            "common_shares": null,
            "book_valuer_per_share": null,
            "book_valuer_per_share_4q_avg": 0,
            "equity": null,
            "current_ratio": null,
            "debt_ratio": null,
            "inventory_turnover_ratio": null,
            "account_receivable_turnover_ratio": null,
            "reinvestment_rate": null,
            "research_to_sale_ratio": null,
            "price_fair": 0,
            "eps_avg_yearly": 0,
            "eps_latest_yearly": 0,
            "eps_growth_yearly": 0
        },
        "20013": {
            "year_quarter": 20013,
            "year": 2001,
            "quarter": 3,
            "eps": null,
            "eps_growth_year": null,
            "eps_4q": null,
            "eps_4q_growth_year": null,
            "roe": null,
            "roe_4q": 0,
            "gross_profit": null,
            "gross_margin": null,
            "gross_margin_4q_avg": 0,
            "net_income": null,
            "net_income_4q": null,
            "revenue": null,
            "revenue_4q": null,
            "common_shares": null,
            "book_valuer_per_share": null,
            "book_valuer_per_share_4q_avg": 0,
            "equity": null,
            "current_ratio": null,
            "debt_ratio": null,
            "inventory_turnover_ratio": null,
            "account_receivable_turnover_ratio": null,
            "reinvestment_rate": null,
            "research_to_sale_ratio": null,
            "price_fair": 0,
            "eps_avg_yearly": 0,
            "eps_latest_yearly": 0,
            "eps_growth_yearly": 0
        },
        "20014": {
            "year_quarter": 20014,
            "year": 2001,
            "quarter": 4,
            "eps": null,
            "eps_growth_year": null,
            "eps_4q": null,
            "eps_4q_growth_year": null,
            "roe": null,
            "roe_4q": 0,
            "gross_profit": null,
            "gross_margin": null,
            "gross_margin_4q_avg": 0,
            "net_income": null,
            "net_income_4q": null,
            "revenue": null,
            "revenue_4q": null,
            "common_shares": 762618,
            "book_valuer_per_share": 12.79,
            "book_valuer_per_share_4q_avg": 3.2,
            "equity": 975652,
            "current_ratio": 1579.07,
            "debt_ratio": 2.3,
            "inventory_turnover_ratio": null,
            "account_receivable_turnover_ratio": null,
            "reinvestment_rate": null,
            "research_to_sale_ratio": null,
            "price_fair": 0,
            "eps_avg_yearly": 0,
            "eps_latest_yearly": 0,
            "eps_growth_yearly": 0
        },
        "20021": {
            "year_quarter": 20021,
            "year": 2002,
            "quarter": 1,
            "eps": null,
            "eps_growth_year": null,
            "eps_4q": null,
            "eps_4q_growth_year": null,
            "roe": null,
            "roe_4q": 0,
            "gross_profit": null,
            "gross_margin": null,
            "gross_margin_4q_avg": 0,
            "net_income": null,
            "net_income_4q": null,
            "revenue": null,
            "revenue_4q": null,
            "common_shares": null,
            "book_valuer_per_share": null,
            "book_valuer_per_share_4q_avg": 3.2,
            "equity": null,
            "current_ratio": null,
            "debt_ratio": null,
            "inventory_turnover_ratio": null,
            "account_receivable_turnover_ratio": null,
            "reinvestment_rate": null,
            "research_to_sale_ratio": null,
            "price_fair": 0,
            "eps_avg_yearly": 0,
            "eps_latest_yearly": 0,
            "eps_growth_yearly": 0
        },
        "20022": {
            "year_quarter": 20022,
            "year": 2002,
            "quarter": 2,
            "eps": null,
            "eps_growth_year": null,
            "eps_4q": null,
            "eps_4q_growth_year": null,
            "roe": null,
            "roe_4q": 0,
            "gross_profit": null,
            "gross_margin": null,
            "gross_margin_4q_avg": 0,
            "net_income": null,
            "net_income_4q": null,
            "revenue": null,
            "revenue_4q": null,
            "common_shares": null,
            "book_valuer_per_share": null,
            "book_valuer_per_share_4q_avg": 3.2,
            "equity": null,
            "current_ratio": null,
            "debt_ratio": null,
            "inventory_turnover_ratio": null,
            "account_receivable_turnover_ratio": null,
            "reinvestment_rate": null,
            "research_to_sale_ratio": null,
            "price_fair": 0,
            "eps_avg_yearly": 0,
            "eps_latest_yearly": 0,
            "eps_growth_yearly": 0
        },
        "20023": {
            "year_quarter": 20023,
            "year": 2002,
            "quarter": 3,
            "eps": null,
            "eps_growth_year": null,
            "eps_4q": null,
            "eps_4q_growth_year": null,
            "roe": null,
            "roe_4q": 0,
            "gross_profit": null,
            "gross_margin": null,
            "gross_margin_4q_avg": 0,
            "net_income": null,
            "net_income_4q": null,
            "revenue": null,
            "revenue_4q": null,
            "common_shares": null,
            "book_valuer_per_share": null,
            "book_valuer_per_share_4q_avg": 3.2,
            "equity": null,
            "current_ratio": null,
            "debt_ratio": null,
            "inventory_turnover_ratio": null,
            "account_receivable_turnover_ratio": null,
            "reinvestment_rate": null,
            "research_to_sale_ratio": null,
            "price_fair": 0,
            "eps_avg_yearly": 0,
            "eps_latest_yearly": 0,
            "eps_growth_yearly": 0
        },
        "20024": {
            "year_quarter": 20024,
            "year": 2002,
            "quarter": 4,
            "eps": null,
            "eps_growth_year": null,
            "eps_4q": null,
            "eps_4q_growth_year": null,
            "roe": null,
            "roe_4q": 0,
            "gross_profit": null,
            "gross_margin": null,
            "gross_margin_4q_avg": 0,
            "net_income": null,
            "net_income_4q": null,
            "revenue": null,
            "revenue_4q": null,
            "common_shares": 762618,
            "book_valuer_per_share": 11.15,
            "book_valuer_per_share_4q_avg": 2.79,
            "equity": 850531,
            "current_ratio": 2286.55,
            "debt_ratio": 1.67,
            "inventory_turnover_ratio": null,
            "account_receivable_turnover_ratio": null,
            "reinvestment_rate": null,
            "research_to_sale_ratio": null,
            "price_fair": 0,
            "eps_avg_yearly": 0,
            "eps_latest_yearly": 0,
            "eps_growth_yearly": 0
        },
        "20031": {
            "year_quarter": 20031,
            "year": 2003,
            "quarter": 1,
            "eps": null,
            "eps_growth_year": null,
            "eps_4q": null,
            "eps_4q_growth_year": null,
            "roe": null,
            "roe_4q": 0,
            "gross_profit": null,
            "gross_margin": null,
            "gross_margin_4q_avg": 0,
            "net_income": null,
            "net_income_4q": null,
            "revenue": null,
            "revenue_4q": null,
            "common_shares": null,
            "book_valuer_per_share": null,
            "book_valuer_per_share_4q_avg": 2.79,
            "equity": null,
            "current_ratio": null,
            "debt_ratio": null,
            "inventory_turnover_ratio": null,
            "account_receivable_turnover_ratio": null,
            "reinvestment_rate": null,
            "research_to_sale_ratio": null,
            "price_fair": 0,
            "eps_avg_yearly": 0,
            "eps_latest_yearly": 0,
            "eps_growth_yearly": 0
        },
        "20032": {
            "year_quarter": 20032,
            "year": 2003,
            "quarter": 2,
            "eps": null,
            "eps_growth_year": null,
            "eps_4q": null,
            "eps_4q_growth_year": null,
            "roe": null,
            "roe_4q": 0,
            "gross_profit": null,
            "gross_margin": null,
            "gross_margin_4q_avg": 0,
            "net_income": null,
            "net_income_4q": null,
            "revenue": null,
            "revenue_4q": null,
            "common_shares": null,
            "book_valuer_per_share": null,
            "book_valuer_per_share_4q_avg": 2.79,
            "equity": null,
            "current_ratio": null,
            "debt_ratio": null,
            "inventory_turnover_ratio": null,
            "account_receivable_turnover_ratio": null,
            "reinvestment_rate": null,
            "research_to_sale_ratio": null,
            "price_fair": 0,
            "eps_avg_yearly": 0,
            "eps_latest_yearly": 0,
            "eps_growth_yearly": 0
        },
        "20033": {
            "year_quarter": 20033,
            "year": 2003,
            "quarter": 3,
            "eps": null,
            "eps_growth_year": null,
            "eps_4q": null,
            "eps_4q_growth_year": null,
            "roe": null,
            "roe_4q": 0,
            "gross_profit": null,
            "gross_margin": null,
            "gross_margin_4q_avg": 0,
            "net_income": null,
            "net_income_4q": null,
            "revenue": null,
            "revenue_4q": null,
            "common_shares": null,
            "book_valuer_per_share": null,
            "book_valuer_per_share_4q_avg": 2.79,
            "equity": null,
            "current_ratio": null,
            "debt_ratio": null,
            "inventory_turnover_ratio": null,
            "account_receivable_turnover_ratio": null,
            "reinvestment_rate": null,
            "research_to_sale_ratio": null,
            "price_fair": 0,
            "eps_avg_yearly": 0,
            "eps_latest_yearly": 0,
            "eps_growth_yearly": 0
        },
        "20034": {
            "year_quarter": 20034,
            "year": 2003,
            "quarter": 4,
            "eps": null,
            "eps_growth_year": null,
            "eps_4q": null,
            "eps_4q_growth_year": null,
            "roe": null,
            "roe_4q": 0,
            "gross_profit": null,
            "gross_margin": null,
            "gross_margin_4q_avg": 0,
            "net_income": null,
            "net_income_4q": null,
            "revenue": null,
            "revenue_4q": null,
            "common_shares": 762618,
            "book_valuer_per_share": 11.23,
            "book_valuer_per_share_4q_avg": 2.81,
            "equity": 856652,
            "current_ratio": 461.31,
            "debt_ratio": 11.39,
            "inventory_turnover_ratio": null,
            "account_receivable_turnover_ratio": null,
            "reinvestment_rate": null,
            "research_to_sale_ratio": null,
            "price_fair": 0,
            "eps_avg_yearly": 0,
            "eps_latest_yearly": 0,
            "eps_growth_yearly": 0
        },
        "20041": {
            "year_quarter": 20041,
            "year": 2004,
            "quarter": 1,
            "eps": null,
            "eps_growth_year": null,
            "eps_4q": null,
            "eps_4q_growth_year": null,
            "roe": null,
            "roe_4q": 0,
            "gross_profit": null,
            "gross_margin": null,
            "gross_margin_4q_avg": 0,
            "net_income": null,
            "net_income_4q": null,
            "revenue": null,
            "revenue_4q": null,
            "common_shares": null,
            "book_valuer_per_share": null,
            "book_valuer_per_share_4q_avg": 2.81,
            "equity": null,
            "current_ratio": null,
            "debt_ratio": null,
            "inventory_turnover_ratio": null,
            "account_receivable_turnover_ratio": null,
            "reinvestment_rate": null,
            "research_to_sale_ratio": null,
            "price_fair": 0,
            "eps_avg_yearly": 0,
            "eps_latest_yearly": 0,
            "eps_growth_yearly": 0
        },
        "20042": {
            "year_quarter": 20042,
            "year": 2004,
            "quarter": 2,
            "eps": null,
            "eps_growth_year": null,
            "eps_4q": null,
            "eps_4q_growth_year": null,
            "roe": null,
            "roe_4q": 0,
            "gross_profit": null,
            "gross_margin": null,
            "gross_margin_4q_avg": 0,
            "net_income": null,
            "net_income_4q": null,
            "revenue": null,
            "revenue_4q": null,
            "common_shares": null,
            "book_valuer_per_share": null,
            "book_valuer_per_share_4q_avg": 2.81,
            "equity": null,
            "current_ratio": null,
            "debt_ratio": null,
            "inventory_turnover_ratio": null,
            "account_receivable_turnover_ratio": null,
            "reinvestment_rate": null,
            "research_to_sale_ratio": null,
            "price_fair": 0,
            "eps_avg_yearly": 0,
            "eps_latest_yearly": 0,
            "eps_growth_yearly": 0
        },
        "20043": {
            "year_quarter": 20043,
            "year": 2004,
            "quarter": 3,
            "eps": null,
            "eps_growth_year": null,
            "eps_4q": null,
            "eps_4q_growth_year": null,
            "roe": null,
            "roe_4q": 0,
            "gross_profit": null,
            "gross_margin": null,
            "gross_margin_4q_avg": 0,
            "net_income": null,
            "net_income_4q": null,
            "revenue": null,
            "revenue_4q": null,
            "common_shares": null,
            "book_valuer_per_share": null,
            "book_valuer_per_share_4q_avg": 2.81,
            "equity": null,
            "current_ratio": null,
            "debt_ratio": null,
            "inventory_turnover_ratio": null,
            "account_receivable_turnover_ratio": null,
            "reinvestment_rate": null,
            "research_to_sale_ratio": null,
            "price_fair": 0,
            "eps_avg_yearly": 0,
            "eps_latest_yearly": 0,
            "eps_growth_yearly": 0
        },
        "20044": {
            "year_quarter": 20044,
            "year": 2004,
            "quarter": 4,
            "eps": null,
            "eps_growth_year": null,
            "eps_4q": null,
            "eps_4q_growth_year": null,
            "roe": null,
            "roe_4q": 0,
            "gross_profit": null,
            "gross_margin": null,
            "gross_margin_4q_avg": 0,
            "net_income": null,
            "net_income_4q": null,
            "revenue": null,
            "revenue_4q": null,
            "common_shares": 752265,
            "book_valuer_per_share": 9.83,
            "book_valuer_per_share_4q_avg": 2.46,
            "equity": 739263,
            "current_ratio": 2353.89,
            "debt_ratio": 3.68,
            "inventory_turnover_ratio": null,
            "account_receivable_turnover_ratio": null,
            "reinvestment_rate": null,
            "research_to_sale_ratio": null,
            "price_fair": 0,
            "eps_avg_yearly": 0,
            "eps_latest_yearly": 0,
            "eps_growth_yearly": 0
        },
        "20051": {
            "year_quarter": 20051,
            "year": 2005,
            "quarter": 1,
            "eps": null,
            "eps_growth_year": null,
            "eps_4q": null,
            "eps_4q_growth_year": null,
            "roe": null,
            "roe_4q": 0,
            "gross_profit": null,
            "gross_margin": null,
            "gross_margin_4q_avg": 0,
            "net_income": null,
            "net_income_4q": null,
            "revenue": null,
            "revenue_4q": null,
            "common_shares": null,
            "book_valuer_per_share": null,
            "book_valuer_per_share_4q_avg": 2.46,
            "equity": null,
            "current_ratio": null,
            "debt_ratio": null,
            "inventory_turnover_ratio": null,
            "account_receivable_turnover_ratio": null,
            "reinvestment_rate": null,
            "research_to_sale_ratio": null,
            "price_fair": 0,
            "eps_avg_yearly": 0,
            "eps_latest_yearly": 0,
            "eps_growth_yearly": 0
        },
        "20052": {
            "year_quarter": 20052,
            "year": 2005,
            "quarter": 2,
            "eps": null,
            "eps_growth_year": null,
            "eps_4q": null,
            "eps_4q_growth_year": null,
            "roe": null,
            "roe_4q": 0,
            "gross_profit": null,
            "gross_margin": null,
            "gross_margin_4q_avg": 0,
            "net_income": null,
            "net_income_4q": null,
            "revenue": null,
            "revenue_4q": null,
            "common_shares": null,
            "book_valuer_per_share": null,
            "book_valuer_per_share_4q_avg": 2.46,
            "equity": null,
            "current_ratio": null,
            "debt_ratio": null,
            "inventory_turnover_ratio": null,
            "account_receivable_turnover_ratio": null,
            "reinvestment_rate": null,
            "research_to_sale_ratio": null,
            "price_fair": 0,
            "eps_avg_yearly": 0,
            "eps_latest_yearly": 0,
            "eps_growth_yearly": 0
        },
        "20053": {
            "year_quarter": 20053,
            "year": 2005,
            "quarter": 3,
            "eps": null,
            "eps_growth_year": null,
            "eps_4q": null,
            "eps_4q_growth_year": null,
            "roe": null,
            "roe_4q": 0,
            "gross_profit": null,
            "gross_margin": null,
            "gross_margin_4q_avg": 0,
            "net_income": null,
            "net_income_4q": null,
            "revenue": null,
            "revenue_4q": null,
            "common_shares": null,
            "book_valuer_per_share": null,
            "book_valuer_per_share_4q_avg": 2.46,
            "equity": null,
            "current_ratio": null,
            "debt_ratio": null,
            "inventory_turnover_ratio": null,
            "account_receivable_turnover_ratio": null,
            "reinvestment_rate": null,
            "research_to_sale_ratio": null,
            "price_fair": 0,
            "eps_avg_yearly": 0,
            "eps_latest_yearly": 0,
            "eps_growth_yearly": 0
        },
        "20054": {
            "year_quarter": 20054,
            "year": 2005,
            "quarter": 4,
            "eps": null,
            "eps_growth_year": null,
            "eps_4q": null,
            "eps_4q_growth_year": null,
            "roe": null,
            "roe_4q": 0,
            "gross_profit": null,
            "gross_margin": null,
            "gross_margin_4q_avg": 0,
            "net_income": null,
            "net_income_4q": null,
            "revenue": null,
            "revenue_4q": null,
            "common_shares": 752265,
            "book_valuer_per_share": 8.65,
            "book_valuer_per_share_4q_avg": 2.16,
            "equity": 650387,
            "current_ratio": 1630.45,
            "debt_ratio": 7.37,
            "inventory_turnover_ratio": null,
            "account_receivable_turnover_ratio": null,
            "reinvestment_rate": null,
            "research_to_sale_ratio": null,
            "price_fair": 0,
            "eps_avg_yearly": 0,
            "eps_latest_yearly": 0,
            "eps_growth_yearly": 0
        },
        "20061": {
            "year_quarter": 20061,
            "year": 2006,
            "quarter": 1,
            "eps": null,
            "eps_growth_year": null,
            "eps_4q": null,
            "eps_4q_growth_year": null,
            "roe": null,
            "roe_4q": 0,
            "gross_profit": null,
            "gross_margin": null,
            "gross_margin_4q_avg": 0,
            "net_income": null,
            "net_income_4q": null,
            "revenue": null,
            "revenue_4q": null,
            "common_shares": null,
            "book_valuer_per_share": null,
            "book_valuer_per_share_4q_avg": 2.16,
            "equity": null,
            "current_ratio": null,
            "debt_ratio": null,
            "inventory_turnover_ratio": null,
            "account_receivable_turnover_ratio": null,
            "reinvestment_rate": null,
            "research_to_sale_ratio": null,
            "price_fair": 0,
            "eps_avg_yearly": 0,
            "eps_latest_yearly": 0,
            "eps_growth_yearly": 0
        },
        "20062": {
            "year_quarter": 20062,
            "year": 2006,
            "quarter": 2,
            "eps": null,
            "eps_growth_year": null,
            "eps_4q": null,
            "eps_4q_growth_year": null,
            "roe": null,
            "roe_4q": 0,
            "gross_profit": null,
            "gross_margin": null,
            "gross_margin_4q_avg": 0,
            "net_income": null,
            "net_income_4q": null,
            "revenue": null,
            "revenue_4q": null,
            "common_shares": null,
            "book_valuer_per_share": null,
            "book_valuer_per_share_4q_avg": 2.16,
            "equity": null,
            "current_ratio": null,
            "debt_ratio": null,
            "inventory_turnover_ratio": null,
            "account_receivable_turnover_ratio": null,
            "reinvestment_rate": null,
            "research_to_sale_ratio": null,
            "price_fair": 0,
            "eps_avg_yearly": 0,
            "eps_latest_yearly": 0,
            "eps_growth_yearly": 0
        },
        "20063": {
            "year_quarter": 20063,
            "year": 2006,
            "quarter": 3,
            "eps": null,
            "eps_growth_year": null,
            "eps_4q": null,
            "eps_4q_growth_year": null,
            "roe": null,
            "roe_4q": 0,
            "gross_profit": null,
            "gross_margin": null,
            "gross_margin_4q_avg": 0,
            "net_income": null,
            "net_income_4q": null,
            "revenue": null,
            "revenue_4q": null,
            "common_shares": null,
            "book_valuer_per_share": null,
            "book_valuer_per_share_4q_avg": 2.16,
            "equity": null,
            "current_ratio": null,
            "debt_ratio": null,
            "inventory_turnover_ratio": null,
            "account_receivable_turnover_ratio": null,
            "reinvestment_rate": null,
            "research_to_sale_ratio": null,
            "price_fair": 0,
            "eps_avg_yearly": 0,
            "eps_latest_yearly": 0,
            "eps_growth_yearly": 0
        },
        "20064": {
            "year_quarter": 20064,
            "year": 2006,
            "quarter": 4,
            "eps": null,
            "eps_growth_year": null,
            "eps_4q": null,
            "eps_4q_growth_year": null,
            "roe": null,
            "roe_4q": 0,
            "gross_profit": null,
            "gross_margin": null,
            "gross_margin_4q_avg": 0,
            "net_income": null,
            "net_income_4q": null,
            "revenue": null,
            "revenue_4q": null,
            "common_shares": 752265,
            "book_valuer_per_share": 8.71,
            "book_valuer_per_share_4q_avg": 2.18,
            "equity": 667930,
            "current_ratio": 1346.9,
            "debt_ratio": 10.09,
            "inventory_turnover_ratio": null,
            "account_receivable_turnover_ratio": null,
            "reinvestment_rate": null,
            "research_to_sale_ratio": null,
            "price_fair": 0,
            "eps_avg_yearly": 0,
            "eps_latest_yearly": 0,
            "eps_growth_yearly": 0
        },
        "20071": {
            "year_quarter": 20071,
            "year": 2007,
            "quarter": 1,
            "eps": 3.66,
            "eps_growth_year": null,
            "eps_4q": null,
            "eps_4q_growth_year": null,
            "roe": 35.39,
            "roe_4q": 35.39,
            "gross_profit": 226452,
            "gross_margin": 100,
            "gross_margin_4q_avg": 25,
            "net_income": 229044,
            "net_income_4q": null,
            "revenue": 226452,
            "revenue_4q": null,
            "common_shares": 752265,
            "book_valuer_per_share": 8.33,
            "book_valuer_per_share_4q_avg": 4.26,
            "equity": 626591,
            "current_ratio": 2315.34,
            "debt_ratio": 10.01,
            "inventory_turnover_ratio": null,
            "account_receivable_turnover_ratio": null,
            "reinvestment_rate": null,
            "research_to_sale_ratio": null,
            "price_fair": 0,
            "eps_avg_yearly": 0,
            "eps_latest_yearly": 0,
            "eps_growth_yearly": 0
        },
        "20072": {
            "year_quarter": 20072,
            "year": 2007,
            "quarter": 2,
            "eps": 0.68,
            "eps_growth_year": null,
            "eps_4q": null,
            "eps_4q_growth_year": null,
            "roe": 6.97,
            "roe_4q": 42.36,
            "gross_profit": 47500,
            "gross_margin": 100,
            "gross_margin_4q_avg": 50,
            "net_income": 41673,
            "net_income_4q": null,
            "revenue": 47500,
            "revenue_4q": null,
            "common_shares": 600500,
            "book_valuer_per_share": 9.47,
            "book_valuer_per_share_4q_avg": 6.63,
            "equity": 568797,
            "current_ratio": 4130.51,
            "debt_ratio": 11.66,
            "inventory_turnover_ratio": null,
            "account_receivable_turnover_ratio": null,
            "reinvestment_rate": null,
            "research_to_sale_ratio": null,
            "price_fair": 8.16,
            "eps_avg_yearly": 2.72,
            "eps_latest_yearly": 2.72,
            "eps_growth_yearly": -325.68
        },
        "20073": {
            "year_quarter": 20073,
            "year": 2007,
            "quarter": 3,
            "eps": null,
            "eps_growth_year": null,
            "eps_4q": null,
            "eps_4q_growth_year": null,
            "roe": null,
            "roe_4q": 42.36,
            "gross_profit": null,
            "gross_margin": null,
            "gross_margin_4q_avg": 50,
            "net_income": null,
            "net_income_4q": null,
            "revenue": null,
            "revenue_4q": null,
            "common_shares": null,
            "book_valuer_per_share": null,
            "book_valuer_per_share_4q_avg": 6.63,
            "equity": null,
            "current_ratio": null,
            "debt_ratio": null,
            "inventory_turnover_ratio": null,
            "account_receivable_turnover_ratio": null,
            "reinvestment_rate": null,
            "research_to_sale_ratio": null,
            "price_fair": 8.16,
            "eps_avg_yearly": 2.72,
            "eps_latest_yearly": 2.72,
            "eps_growth_yearly": -325.68
        },
        "20074": {
            "year_quarter": 20074,
            "year": 2007,
            "quarter": 4,
            "eps": null,
            "eps_growth_year": null,
            "eps_4q": null,
            "eps_4q_growth_year": null,
            "roe": null,
            "roe_4q": 42.36,
            "gross_profit": null,
            "gross_margin": null,
            "gross_margin_4q_avg": 50,
            "net_income": null,
            "net_income_4q": null,
            "revenue": null,
            "revenue_4q": null,
            "common_shares": 640500,
            "book_valuer_per_share": 7.07,
            "book_valuer_per_share_4q_avg": 6.22,
            "equity": 468682,
            "current_ratio": 418.12,
            "debt_ratio": 20.97,
            "inventory_turnover_ratio": null,
            "account_receivable_turnover_ratio": null,
            "reinvestment_rate": null,
            "research_to_sale_ratio": null,
            "price_fair": 8.16,
            "eps_avg_yearly": 2.72,
            "eps_latest_yearly": 2.72,
            "eps_growth_yearly": -325.68
        },
        "20081": {
            "year_quarter": 20081,
            "year": 2008,
            "quarter": 1,
            "eps": 0.46,
            "eps_growth_year": -87.43,
            "eps_4q": null,
            "eps_4q_growth_year": null,
            "roe": 4.87,
            "roe_4q": 11.84,
            "gross_profit": 60186,
            "gross_margin": 96.68,
            "gross_margin_4q_avg": 49.17,
            "net_income": 22777,
            "net_income_4q": null,
            "revenue": 62252,
            "revenue_4q": null,
            "common_shares": 652520,
            "book_valuer_per_share": 6.85,
            "book_valuer_per_share_4q_avg": 5.85,
            "equity": 466395,
            "current_ratio": 172.38,
            "debt_ratio": 29.87,
            "inventory_turnover_ratio": 0.33,
            "account_receivable_turnover_ratio": null,
            "reinvestment_rate": null,
            "research_to_sale_ratio": null,
            "price_fair": 8.16,
            "eps_avg_yearly": 2.72,
            "eps_latest_yearly": 2.72,
            "eps_growth_yearly": -325.68
        },
        "20082": {
            "year_quarter": 20082,
            "year": 2008,
            "quarter": 2,
            "eps": 0.36,
            "eps_growth_year": -47.06,
            "eps_4q": null,
            "eps_4q_growth_year": null,
            "roe": 4.77,
            "roe_4q": 9.64,
            "gross_profit": 44805,
            "gross_margin": 90.78,
            "gross_margin_4q_avg": 46.87,
            "net_income": 22618,
            "net_income_4q": null,
            "revenue": 49357,
            "revenue_4q": null,
            "common_shares": 662005,
            "book_valuer_per_share": 6.98,
            "book_valuer_per_share_4q_avg": 5.23,
            "equity": 481318,
            "current_ratio": 148.31,
            "debt_ratio": 30.16,
            "inventory_turnover_ratio": 0.38,
            "account_receivable_turnover_ratio": null,
            "reinvestment_rate": null,
            "research_to_sale_ratio": null,
            "price_fair": 6.24,
            "eps_avg_yearly": 2.08,
            "eps_latest_yearly": 1.44,
            "eps_growth_yearly": -206.32
        },
        "20083": {
            "year_quarter": 20083,
            "year": 2008,
            "quarter": 3,
            "eps": null,
            "eps_growth_year": null,
            "eps_4q": null,
            "eps_4q_growth_year": null,
            "roe": null,
            "roe_4q": 9.64,
            "gross_profit": null,
            "gross_margin": null,
            "gross_margin_4q_avg": 46.87,
            "net_income": null,
            "net_income_4q": null,
            "revenue": null,
            "revenue_4q": null,
            "common_shares": null,
            "book_valuer_per_share": null,
            "book_valuer_per_share_4q_avg": 5.23,
            "equity": null,
            "current_ratio": null,
            "debt_ratio": null,
            "inventory_turnover_ratio": null,
            "account_receivable_turnover_ratio": null,
            "reinvestment_rate": null,
            "research_to_sale_ratio": null,
            "price_fair": 6.24,
            "eps_avg_yearly": 2.08,
            "eps_latest_yearly": 1.44,
            "eps_growth_yearly": -206.32
        },
        "20084": {
            "year_quarter": 20084,
            "year": 2008,
            "quarter": 4,
            "eps": null,
            "eps_growth_year": null,
            "eps_4q": null,
            "eps_4q_growth_year": null,
            "roe": null,
            "roe_4q": 9.64,
            "gross_profit": null,
            "gross_margin": null,
            "gross_margin_4q_avg": 46.87,
            "net_income": null,
            "net_income_4q": null,
            "revenue": null,
            "revenue_4q": null,
            "common_shares": 716275,
            "book_valuer_per_share": 7.14,
            "book_valuer_per_share_4q_avg": 5.24,
            "equity": 539653,
            "current_ratio": 267.38,
            "debt_ratio": 20.75,
            "inventory_turnover_ratio": null,
            "account_receivable_turnover_ratio": null,
            "reinvestment_rate": null,
            "research_to_sale_ratio": null,
            "price_fair": 6.24,
            "eps_avg_yearly": 2.08,
            "eps_latest_yearly": 1.44,
            "eps_growth_yearly": -206.32
        },
        "20091": {
            "year_quarter": 20091,
            "year": 2009,
            "quarter": 1,
            "eps": null,
            "eps_growth_year": null,
            "eps_4q": null,
            "eps_4q_growth_year": null,
            "roe": null,
            "roe_4q": 4.77,
            "gross_profit": null,
            "gross_margin": null,
            "gross_margin_4q_avg": 22.7,
            "net_income": null,
            "net_income_4q": null,
            "revenue": null,
            "revenue_4q": null,
            "common_shares": null,
            "book_valuer_per_share": null,
            "book_valuer_per_share_4q_avg": 3.53,
            "equity": null,
            "current_ratio": null,
            "debt_ratio": null,
            "inventory_turnover_ratio": null,
            "account_receivable_turnover_ratio": null,
            "reinvestment_rate": null,
            "research_to_sale_ratio": null,
            "price_fair": 6.24,
            "eps_avg_yearly": 2.08,
            "eps_latest_yearly": 1.44,
            "eps_growth_yearly": -206.32
        },
        "20092": {
            "year_quarter": 20092,
            "year": 2009,
            "quarter": 2,
            "eps": null,
            "eps_growth_year": null,
            "eps_4q": null,
            "eps_4q_growth_year": null,
            "roe": null,
            "roe_4q": 0,
            "gross_profit": null,
            "gross_margin": null,
            "gross_margin_4q_avg": 0,
            "net_income": null,
            "net_income_4q": null,
            "revenue": null,
            "revenue_4q": null,
            "common_shares": 716900,
            "book_valuer_per_share": null,
            "book_valuer_per_share_4q_avg": 1.79,
            "equity": 513394,
            "current_ratio": null,
            "debt_ratio": null,
            "inventory_turnover_ratio": null,
            "account_receivable_turnover_ratio": null,
            "reinvestment_rate": null,
            "research_to_sale_ratio": null,
            "price_fair": 6.24,
            "eps_avg_yearly": 2.08,
            "eps_latest_yearly": 1.44,
            "eps_growth_yearly": -206.32
        },
        "20093": {
            "year_quarter": 20093,
            "year": 2009,
            "quarter": 3,
            "eps": null,
            "eps_growth_year": null,
            "eps_4q": null,
            "eps_4q_growth_year": null,
            "roe": null,
            "roe_4q": 0,
            "gross_profit": null,
            "gross_margin": null,
            "gross_margin_4q_avg": 0,
            "net_income": null,
            "net_income_4q": null,
            "revenue": null,
            "revenue_4q": null,
            "common_shares": null,
            "book_valuer_per_share": null,
            "book_valuer_per_share_4q_avg": 1.79,
            "equity": null,
            "current_ratio": null,
            "debt_ratio": null,
            "inventory_turnover_ratio": null,
            "account_receivable_turnover_ratio": null,
            "reinvestment_rate": null,
            "research_to_sale_ratio": null,
            "price_fair": 6.24,
            "eps_avg_yearly": 2.08,
            "eps_latest_yearly": 1.44,
            "eps_growth_yearly": -206.32
        },
        "20094": {
            "year_quarter": 20094,
            "year": 2009,
            "quarter": 4,
            "eps": null,
            "eps_growth_year": null,
            "eps_4q": null,
            "eps_4q_growth_year": null,
            "roe": null,
            "roe_4q": 0,
            "gross_profit": null,
            "gross_margin": null,
            "gross_margin_4q_avg": 0,
            "net_income": null,
            "net_income_4q": null,
            "revenue": null,
            "revenue_4q": null,
            "common_shares": 803130,
            "book_valuer_per_share": 7.04,
            "book_valuer_per_share_4q_avg": 1.76,
            "equity": 597016,
            "current_ratio": 396.44,
            "debt_ratio": 12.11,
            "inventory_turnover_ratio": null,
            "account_receivable_turnover_ratio": null,
            "reinvestment_rate": null,
            "research_to_sale_ratio": null,
            "price_fair": 6.24,
            "eps_avg_yearly": 2.08,
            "eps_latest_yearly": 1.44,
            "eps_growth_yearly": -206.32
        },
        "20101": {
            "year_quarter": 20101,
            "year": 2010,
            "quarter": 1,
            "eps": null,
            "eps_growth_year": null,
            "eps_4q": null,
            "eps_4q_growth_year": null,
            "roe": null,
            "roe_4q": 0,
            "gross_profit": 6426,
            "gross_margin": null,
            "gross_margin_4q_avg": 0,
            "net_income": -21224,
            "net_income_4q": null,
            "revenue": 10842,
            "revenue_4q": null,
            "common_shares": 803150,
            "book_valuer_per_share": 6.86,
            "book_valuer_per_share_4q_avg": 3.48,
            "equity": 590543,
            "current_ratio": 624.39,
            "debt_ratio": 7.39,
            "inventory_turnover_ratio": null,
            "account_receivable_turnover_ratio": null,
            "reinvestment_rate": null,
            "research_to_sale_ratio": null,
            "price_fair": 6.24,
            "eps_avg_yearly": 2.08,
            "eps_latest_yearly": 1.44,
            "eps_growth_yearly": -206.32
        },
        "20102": {
            "year_quarter": 20102,
            "year": 2010,
            "quarter": 2,
            "eps": -0.18,
            "eps_growth_year": null,
            "eps_4q": null,
            "eps_4q_growth_year": null,
            "roe": -2.49,
            "roe_4q": -2.49,
            "gross_profit": 10145,
            "gross_margin": 54.47,
            "gross_margin_4q_avg": 13.62,
            "net_income": -14442,
            "net_income_4q": null,
            "revenue": 18624,
            "revenue_4q": null,
            "common_shares": 803150,
            "book_valuer_per_share": 6.54,
            "book_valuer_per_share_4q_avg": 5.11,
            "equity": 571501,
            "current_ratio": 206.62,
            "debt_ratio": 20.81,
            "inventory_turnover_ratio": 0.56,
            "account_receivable_turnover_ratio": 1.31,
            "reinvestment_rate": null,
            "research_to_sale_ratio": null,
            "price_fair": 6.24,
            "eps_avg_yearly": 2.08,
            "eps_latest_yearly": 1.44,
            "eps_growth_yearly": -206.32
        },
        "20103": {
            "year_quarter": 20103,
            "year": 2010,
            "quarter": 3,
            "eps": null,
            "eps_growth_year": null,
            "eps_4q": null,
            "eps_4q_growth_year": null,
            "roe": null,
            "roe_4q": -2.49,
            "gross_profit": 17228,
            "gross_margin": null,
            "gross_margin_4q_avg": 13.62,
            "net_income": -37875,
            "net_income_4q": null,
            "revenue": 22076,
            "revenue_4q": null,
            "common_shares": 810904,
            "book_valuer_per_share": 6.36,
            "book_valuer_per_share_4q_avg": 6.7,
            "equity": 552198,
            "current_ratio": 204.34,
            "debt_ratio": 21.23,
            "inventory_turnover_ratio": null,
            "account_receivable_turnover_ratio": null,
            "reinvestment_rate": null,
            "research_to_sale_ratio": null,
            "price_fair": 6.24,
            "eps_avg_yearly": 2.08,
            "eps_latest_yearly": 1.44,
            "eps_growth_yearly": -206.32
        },
        "20104": {
            "year_quarter": 20104,
            "year": 2010,
            "quarter": 4,
            "eps": null,
            "eps_growth_year": null,
            "eps_4q": null,
            "eps_4q_growth_year": null,
            "roe": null,
            "roe_4q": -2.49,
            "gross_profit": 9615,
            "gross_margin": null,
            "gross_margin_4q_avg": 13.62,
            "net_income": -48900,
            "net_income_4q": null,
            "revenue": 18966,
            "revenue_4q": null,
            "common_shares": 965009,
            "book_valuer_per_share": 8.03,
            "book_valuer_per_share_4q_avg": 6.95,
            "equity": 807902,
            "current_ratio": 931.99,
            "debt_ratio": 7.11,
            "inventory_turnover_ratio": null,
            "account_receivable_turnover_ratio": null,
            "reinvestment_rate": null,
            "research_to_sale_ratio": null,
            "price_fair": 6.24,
            "eps_avg_yearly": 2.08,
            "eps_latest_yearly": 1.44,
            "eps_growth_yearly": -206.32
        },
        "20111": {
            "year_quarter": 20111,
            "year": 2011,
            "quarter": 1,
            "eps": -0.24,
            "eps_growth_year": null,
            "eps_4q": -0.39,
            "eps_4q_growth_year": null,
            "roe": -3.33,
            "roe_4q": -5.82,
            "gross_profit": 14304,
            "gross_margin": 81.45,
            "gross_margin_4q_avg": 33.98,
            "net_income": -26533,
            "net_income_4q": null,
            "revenue": 17561,
            "revenue_4q": null,
            "common_shares": 965009,
            "book_valuer_per_share": 7.71,
            "book_valuer_per_share_4q_avg": 7.16,
            "equity": 783498,
            "current_ratio": 1225.62,
            "debt_ratio": 5.44,
            "inventory_turnover_ratio": 0.08,
            "account_receivable_turnover_ratio": 0.86,
            "reinvestment_rate": null,
            "research_to_sale_ratio": 79.83,
            "price_fair": 6.24,
            "eps_avg_yearly": 2.08,
            "eps_latest_yearly": 1.44,
            "eps_growth_yearly": -206.32
        },
        "20112": {
            "year_quarter": 20112,
            "year": 2011,
            "quarter": 2,
            "eps": -0.41,
            "eps_growth_year": null,
            "eps_4q": -0.65,
            "eps_4q_growth_year": null,
            "roe": -5.92,
            "roe_4q": -9.25,
            "gross_profit": 7535,
            "gross_margin": 38.22,
            "gross_margin_4q_avg": 29.92,
            "net_income": -44739,
            "net_income_4q": null,
            "revenue": 19713,
            "revenue_4q": null,
            "common_shares": 965408,
            "book_valuer_per_share": 7.19,
            "book_valuer_per_share_4q_avg": 7.32,
            "equity": 728188,
            "current_ratio": 313.85,
            "debt_ratio": 18.7,
            "inventory_turnover_ratio": 0.29,
            "account_receivable_turnover_ratio": 0.79,
            "reinvestment_rate": null,
            "research_to_sale_ratio": 162.05,
            "price_fair": 4.32,
            "eps_avg_yearly": 1.44,
            "eps_latest_yearly": 1.44,
            "eps_growth_yearly": -86.96
        },
        "20113": {
            "year_quarter": 20113,
            "year": 2011,
            "quarter": 3,
            "eps": -0.39,
            "eps_growth_year": null,
            "eps_4q": -1.04,
            "eps_4q_growth_year": null,
            "roe": -5.62,
            "roe_4q": -14.87,
            "gross_profit": 17826,
            "gross_margin": 60.62,
            "gross_margin_4q_avg": 45.07,
            "net_income": -40140,
            "net_income_4q": null,
            "revenue": 29407,
            "revenue_4q": null,
            "common_shares": 965408,
            "book_valuer_per_share": 6.89,
            "book_valuer_per_share_4q_avg": 7.46,
            "equity": 699185,
            "current_ratio": 246.71,
            "debt_ratio": 20.62,
            "inventory_turnover_ratio": 0.24,
            "account_receivable_turnover_ratio": 0.9,
            "reinvestment_rate": null,
            "research_to_sale_ratio": 129.38,
            "price_fair": 4.32,
            "eps_avg_yearly": 1.44,
            "eps_latest_yearly": 1.44,
            "eps_growth_yearly": -86.96
        },
        "20114": {
            "year_quarter": 20114,
            "year": 2011,
            "quarter": 4,
            "eps": -0.82,
            "eps_growth_year": null,
            "eps_4q": -1.73,
            "eps_4q_growth_year": null,
            "roe": -11.55,
            "roe_4q": -26.42,
            "gross_profit": 27219,
            "gross_margin": 57.88,
            "gross_margin_4q_avg": 59.54,
            "net_income": -93254,
            "net_income_4q": null,
            "revenue": 47030,
            "revenue_4q": null,
            "common_shares": 1098335,
            "book_valuer_per_share": 7.98,
            "book_valuer_per_share_4q_avg": 7.44,
            "equity": 915794,
            "current_ratio": 264.89,
            "debt_ratio": 24.6,
            "inventory_turnover_ratio": 0.4,
            "account_receivable_turnover_ratio": 0.89,
            "reinvestment_rate": null,
            "research_to_sale_ratio": 243.29,
            "price_fair": 4.32,
            "eps_avg_yearly": 1.44,
            "eps_latest_yearly": 1.44,
            "eps_growth_yearly": -86.96
        },
        "20121": {
            "year_quarter": 20121,
            "year": 2012,
            "quarter": 1,
            "eps": -0.34,
            "eps_growth_year": null,
            "eps_4q": -1.87,
            "eps_4q_growth_year": null,
            "roe": -4.87,
            "roe_4q": -27.96,
            "gross_profit": 16439,
            "gross_margin": 73,
            "gross_margin_4q_avg": 57.43,
            "net_income": -43398,
            "net_income_4q": null,
            "revenue": 22520,
            "revenue_4q": null,
            "common_shares": 1106743,
            "book_valuer_per_share": 7.6,
            "book_valuer_per_share_4q_avg": 7.42,
            "equity": 867832,
            "current_ratio": 329.76,
            "debt_ratio": 18.09,
            "inventory_turnover_ratio": 0.13,
            "account_receivable_turnover_ratio": 0.32,
            "reinvestment_rate": null,
            "research_to_sale_ratio": 138,
            "price_fair": 4.32,
            "eps_avg_yearly": 1.44,
            "eps_latest_yearly": 1.44,
            "eps_growth_yearly": -86.96
        },
        "20122": {
            "year_quarter": 20122,
            "year": 2012,
            "quarter": 2,
            "eps": -0.6,
            "eps_growth_year": null,
            "eps_4q": -1.9,
            "eps_4q_growth_year": null,
            "roe": -6.39,
            "roe_4q": -28.430000000000003,
            "gross_profit": 19011,
            "gross_margin": 63.8,
            "gross_margin_4q_avg": 63.83,
            "net_income": -79888,
            "net_income_4q": null,
            "revenue": 29796,
            "revenue_4q": null,
            "common_shares": 1286743,
            "book_valuer_per_share": 12.51,
            "book_valuer_per_share_4q_avg": 8.75,
            "equity": 1633389,
            "current_ratio": 1375.76,
            "debt_ratio": 5.54,
            "inventory_turnover_ratio": 0.22,
            "account_receivable_turnover_ratio": 0.42,
            "reinvestment_rate": null,
            "research_to_sale_ratio": 228.35,
            "price_fair": 0,
            "eps_avg_yearly": 0,
            "eps_latest_yearly": 0,
            "eps_growth_yearly": 0
        },
        "20123": {
            "year_quarter": 20123,
            "year": 2012,
            "quarter": 3,
            "eps": -0.25,
            "eps_growth_year": null,
            "eps_4q": -1.86,
            "eps_4q_growth_year": null,
            "roe": -2.21,
            "roe_4q": -25.02,
            "gross_profit": 17689,
            "gross_margin": 61.81,
            "gross_margin_4q_avg": 64.12,
            "net_income": -35808,
            "net_income_4q": null,
            "revenue": 28619,
            "revenue_4q": null,
            "common_shares": 1286743,
            "book_valuer_per_share": 12.3,
            "book_valuer_per_share_4q_avg": 10.1,
            "equity": 1602127,
            "current_ratio": 1045.93,
            "debt_ratio": 6.76,
            "inventory_turnover_ratio": 0.22,
            "account_receivable_turnover_ratio": 0.45,
            "reinvestment_rate": null,
            "research_to_sale_ratio": 257.42,
            "price_fair": 0,
            "eps_avg_yearly": 0,
            "eps_latest_yearly": 0,
            "eps_growth_yearly": 0
        },
        "20124": {
            "year_quarter": 20124,
            "year": 2012,
            "quarter": 4,
            "eps": 3.24,
            "eps_growth_year": null,
            "eps_4q": 2.09,
            "eps_4q_growth_year": null,
            "roe": 22.09,
            "roe_4q": 8.619999999999997,
            "gross_profit": 40659,
            "gross_margin": 134.58,
            "gross_margin_4q_avg": 83.3,
            "net_income": 403767,
            "net_income_4q": null,
            "revenue": 30211,
            "revenue_4q": null,
            "common_shares": 1286743,
            "book_valuer_per_share": 15.48,
            "book_valuer_per_share_4q_avg": 11.97,
            "equity": 2054065,
            "current_ratio": 1135.67,
            "debt_ratio": 8.32,
            "inventory_turnover_ratio": -0.27,
            "account_receivable_turnover_ratio": 0.5,
            "reinvestment_rate": null,
            "research_to_sale_ratio": 429.37,
            "price_fair": 0,
            "eps_avg_yearly": 0,
            "eps_latest_yearly": 0,
            "eps_growth_yearly": 0
        },
        "20131": {
            "year_quarter": 20131,
            "year": 2013,
            "quarter": 1,
            "eps": -0.28,
            "eps_growth_year": null,
            "eps_4q": 2.1,
            "eps_4q_growth_year": null,
            "roe": -2.04,
            "roe_4q": 11.45,
            "gross_profit": 9624,
            "gross_margin": 38.24,
            "gross_margin_4q_avg": 74.61,
            "net_income": -40999,
            "net_income_4q": null,
            "revenue": 25170,
            "revenue_4q": null,
            "common_shares": 1286743,
            "book_valuer_per_share": 14.85,
            "book_valuer_per_share_4q_avg": 13.79,
            "equity": 1969593,
            "current_ratio": 1606.27,
            "debt_ratio": 7.77,
            "inventory_turnover_ratio": 0.69,
            "account_receivable_turnover_ratio": 0.41,
            "reinvestment_rate": null,
            "research_to_sale_ratio": 285.06,
            "price_fair": 0,
            "eps_avg_yearly": 0,
            "eps_latest_yearly": 0,
            "eps_growth_yearly": 0
        },
        "20132": {
            "year_quarter": 20132,
            "year": 2013,
            "quarter": 2,
            "eps": -0.68,
            "eps_growth_year": null,
            "eps_4q": 2.02,
            "eps_4q_growth_year": null,
            "roe": -4.76,
            "roe_4q": 13.079999999999998,
            "gross_profit": 10254,
            "gross_margin": 67.67,
            "gross_margin_4q_avg": 75.58,
            "net_income": -92357,
            "net_income_4q": null,
            "revenue": 15152,
            "revenue_4q": null,
            "common_shares": 1286743,
            "book_valuer_per_share": 14.14,
            "book_valuer_per_share_4q_avg": 14.19,
            "equity": 1911545,
            "current_ratio": 931.42,
            "debt_ratio": 10.55,
            "inventory_turnover_ratio": 0.27,
            "account_receivable_turnover_ratio": 0.45,
            "reinvestment_rate": null,
            "research_to_sale_ratio": 818.76,
            "price_fair": 0,
            "eps_avg_yearly": 0,
            "eps_latest_yearly": 0,
            "eps_growth_yearly": 0
        },
        "20133": {
            "year_quarter": 20133,
            "year": 2013,
            "quarter": 3,
            "eps": -0.82,
            "eps_growth_year": null,
            "eps_4q": 0.82,
            "eps_4q_growth_year": null,
            "roe": -5.26,
            "roe_4q": 10.030000000000001,
            "gross_profit": 11296,
            "gross_margin": 53.56,
            "gross_margin_4q_avg": 73.51,
            "net_income": -123665,
            "net_income_4q": null,
            "revenue": 21089,
            "revenue_4q": null,
            "common_shares": 1286743,
            "book_valuer_per_share": 20.09,
            "book_valuer_per_share_4q_avg": 16.14,
            "equity": 2793083,
            "current_ratio": 1010.13,
            "debt_ratio": 9.76,
            "inventory_turnover_ratio": 0.65,
            "account_receivable_turnover_ratio": 1.49,
            "reinvestment_rate": null,
            "research_to_sale_ratio": 767.58,
            "price_fair": 0,
            "eps_avg_yearly": 0,
            "eps_latest_yearly": 0,
            "eps_growth_yearly": 0
        },
        "20134": {
            "year_quarter": 20134,
            "year": 2013,
            "quarter": 4,
            "eps": -0.99,
            "eps_growth_year": -130.66,
            "eps_4q": -2.67,
            "eps_4q_growth_year": -227.65,
            "roe": -4.95,
            "roe_4q": -17.01,
            "gross_profit": 9023,
            "gross_margin": 77.99,
            "gross_margin_4q_avg": 59.37,
            "net_income": -145003,
            "net_income_4q": null,
            "revenue": 11569,
            "revenue_4q": null,
            "common_shares": 1366743,
            "book_valuer_per_share": 20.73,
            "book_valuer_per_share_4q_avg": 17.45,
            "equity": 3067489,
            "current_ratio": 1035.26,
            "debt_ratio": 6.89,
            "inventory_turnover_ratio": 0.2,
            "account_receivable_turnover_ratio": 1.01,
            "reinvestment_rate": null,
            "research_to_sale_ratio": 1391.84,
            "price_fair": 0,
            "eps_avg_yearly": 0,
            "eps_latest_yearly": 0,
            "eps_growth_yearly": 0
        },
        "20141": {
            "year_quarter": 20141,
            "year": 2014,
            "quarter": 1,
            "eps": -0.75,
            "eps_growth_year": null,
            "eps_4q": -3.11,
            "eps_4q_growth_year": -248.14,
            "roe": -3.47,
            "roe_4q": -18.439999999999998,
            "gross_profit": 18593,
            "gross_margin": 21.5,
            "gross_margin_4q_avg": 55.18,
            "net_income": -118724,
            "net_income_4q": null,
            "revenue": 86464,
            "revenue_4q": null,
            "common_shares": 1386743,
            "book_valuer_per_share": 24.36,
            "book_valuer_per_share_4q_avg": 19.83,
            "equity": 3779853,
            "current_ratio": 462.3,
            "debt_ratio": 12.86,
            "inventory_turnover_ratio": 1.15,
            "account_receivable_turnover_ratio": 2.06,
            "reinvestment_rate": null,
            "research_to_sale_ratio": 149.38,
            "price_fair": 0,
            "eps_avg_yearly": 0,
            "eps_latest_yearly": 0,
            "eps_growth_yearly": 0
        },
        "20142": {
            "year_quarter": 20142,
            "year": 2014,
            "quarter": 2,
            "eps": -0.9,
            "eps_growth_year": null,
            "eps_4q": -3.38,
            "eps_4q_growth_year": -267.18,
            "roe": -3.92,
            "roe_4q": -17.6,
            "gross_profit": 22407,
            "gross_margin": 24.51,
            "gross_margin_4q_avg": 44.39,
            "net_income": -143624,
            "net_income_4q": null,
            "revenue": 91434,
            "revenue_4q": null,
            "common_shares": 1386743,
            "book_valuer_per_share": 22.82,
            "book_valuer_per_share_4q_avg": 22,
            "equity": 3550307,
            "current_ratio": 367.65,
            "debt_ratio": 16.1,
            "inventory_turnover_ratio": 0.71,
            "account_receivable_turnover_ratio": 1.17,
            "reinvestment_rate": null,
            "research_to_sale_ratio": 190.84,
            "price_fair": 0,
            "eps_avg_yearly": 0,
            "eps_latest_yearly": 0,
            "eps_growth_yearly": 0
        },
        "20143": {
            "year_quarter": 20143,
            "year": 2014,
            "quarter": 3,
            "eps": -2.27,
            "eps_growth_year": null,
            "eps_4q": -4.9,
            "eps_4q_growth_year": -697.21,
            "roe": -8.94,
            "roe_4q": -21.279999999999998,
            "gross_profit": 30461,
            "gross_margin": 31.76,
            "gross_margin_4q_avg": 38.94,
            "net_income": -328654,
            "net_income_4q": null,
            "revenue": 95907,
            "revenue_4q": null,
            "common_shares": 1386855,
            "book_valuer_per_share": 21.72,
            "book_valuer_per_share_4q_avg": 22.41,
            "equity": 3800838,
            "current_ratio": 398.92,
            "debt_ratio": 17.73,
            "inventory_turnover_ratio": 0.71,
            "account_receivable_turnover_ratio": 1.23,
            "reinvestment_rate": null,
            "research_to_sale_ratio": 145.84,
            "price_fair": 0,
            "eps_avg_yearly": 0,
            "eps_latest_yearly": 0,
            "eps_growth_yearly": 0
        },
        "20144": {
            "year_quarter": 20144,
            "year": 2014,
            "quarter": 4,
            "eps": -1.14,
            "eps_growth_year": null,
            "eps_4q": -5.06,
            "eps_4q_growth_year": null,
            "roe": -4.74,
            "roe_4q": -21.07,
            "gross_profit": 29888,
            "gross_margin": 30.49,
            "gross_margin_4q_avg": 27.07,
            "net_income": -176698,
            "net_income_4q": null,
            "revenue": 98026,
            "revenue_4q": null,
            "common_shares": 1386856,
            "book_valuer_per_share": 20.81,
            "book_valuer_per_share_4q_avg": 22.43,
            "equity": 3659022,
            "current_ratio": 350.28,
            "debt_ratio": 18.02,
            "inventory_turnover_ratio": 0.7,
            "account_receivable_turnover_ratio": 1.27,
            "reinvestment_rate": null,
            "research_to_sale_ratio": 173.53,
            "price_fair": 0,
            "eps_avg_yearly": 0,
            "eps_latest_yearly": 0,
            "eps_growth_yearly": 0
        },
        "20151": {
            "year_quarter": 20151,
            "year": 2015,
            "quarter": 1,
            "eps": -1.04,
            "eps_growth_year": null,
            "eps_4q": -5.35,
            "eps_4q_growth_year": null,
            "roe": -4.99,
            "roe_4q": -22.590000000000003,
            "gross_profit": 11529,
            "gross_margin": 15.22,
            "gross_margin_4q_avg": 25.5,
            "net_income": -178539,
            "net_income_4q": null,
            "revenue": 75758,
            "revenue_4q": null,
            "common_shares": 1386856,
            "book_valuer_per_share": 19.87,
            "book_valuer_per_share_4q_avg": 21.31,
            "equity": 3493077,
            "current_ratio": 349.3,
            "debt_ratio": 18.94,
            "inventory_turnover_ratio": 0.65,
            "account_receivable_turnover_ratio": 1,
            "reinvestment_rate": null,
            "research_to_sale_ratio": 196.59,
            "price_fair": 0,
            "eps_avg_yearly": 0,
            "eps_latest_yearly": 0,
            "eps_growth_yearly": 0
        },
        "20152": {
            "year_quarter": 20152,
            "year": 2015,
            "quarter": 2,
            "eps": -0.82,
            "eps_growth_year": null,
            "eps_4q": -5.27,
            "eps_4q_growth_year": null,
            "roe": -4.1,
            "roe_4q": -22.77,
            "gross_profit": 25402,
            "gross_margin": 26.84,
            "gross_margin_4q_avg": 26.08,
            "net_income": -140958,
            "net_income_4q": null,
            "revenue": 94627,
            "revenue_4q": null,
            "common_shares": 1386856,
            "book_valuer_per_share": 19.27,
            "book_valuer_per_share_4q_avg": 20.42,
            "equity": 3382974,
            "current_ratio": 516.59,
            "debt_ratio": 21.69,
            "inventory_turnover_ratio": 0.72,
            "account_receivable_turnover_ratio": 1.18,
            "reinvestment_rate": null,
            "research_to_sale_ratio": 137.32,
            "price_fair": 0,
            "eps_avg_yearly": 0,
            "eps_latest_yearly": 0,
            "eps_growth_yearly": 0
        },
        "20153": {
            "year_quarter": 20153,
            "year": 2015,
            "quarter": 3,
            "eps": -0.91,
            "eps_growth_year": null,
            "eps_4q": -3.92,
            "eps_4q_growth_year": null,
            "roe": -4.62,
            "roe_4q": -18.45,
            "gross_profit": 25131,
            "gross_margin": 26.27,
            "gross_margin_4q_avg": 24.71,
            "net_income": -155308,
            "net_income_4q": null,
            "revenue": 95647,
            "revenue_4q": null,
            "common_shares": 1386856,
            "book_valuer_per_share": 18.77,
            "book_valuer_per_share_4q_avg": 19.68,
            "equity": 3338580,
            "current_ratio": 293.5,
            "debt_ratio": 24.34,
            "inventory_turnover_ratio": 0.69,
            "account_receivable_turnover_ratio": 1.17,
            "reinvestment_rate": null,
            "research_to_sale_ratio": 131.21,
            "price_fair": 0,
            "eps_avg_yearly": 0,
            "eps_latest_yearly": 0,
            "eps_growth_yearly": 0
        },
        "20154": {
            "year_quarter": 20154,
            "year": 2015,
            "quarter": 4,
            "eps": -1.13,
            "eps_growth_year": null,
            "eps_4q": -3.9,
            "eps_4q_growth_year": null,
            "roe": -5.41,
            "roe_4q": -19.12,
            "gross_profit": 29178,
            "gross_margin": 30.09,
            "gross_margin_4q_avg": 24.61,
            "net_income": -183939,
            "net_income_4q": null,
            "revenue": 96972,
            "revenue_4q": null,
            "common_shares": 1386856,
            "book_valuer_per_share": 17.98,
            "book_valuer_per_share_4q_avg": 18.97,
            "equity": 3464186,
            "current_ratio": 452.22,
            "debt_ratio": 22.92,
            "inventory_turnover_ratio": 0.57,
            "account_receivable_turnover_ratio": 1.22,
            "reinvestment_rate": null,
            "research_to_sale_ratio": 157.12,
            "price_fair": 0,
            "eps_avg_yearly": 0,
            "eps_latest_yearly": 0,
            "eps_growth_yearly": 0
        },
        "20161": {
            "year_quarter": 20161,
            "year": 2016,
            "quarter": 1,
            "eps": -0.82,
            "eps_growth_year": null,
            "eps_4q": -3.69,
            "eps_4q_growth_year": null,
            "roe": -4.5,
            "roe_4q": -18.630000000000003,
            "gross_profit": 29299,
            "gross_margin": 28.01,
            "gross_margin_4q_avg": 27.8,
            "net_income": -165892,
            "net_income_4q": null,
            "revenue": 104597,
            "revenue_4q": null,
            "common_shares": 1386856,
            "book_valuer_per_share": 18.29,
            "book_valuer_per_share_4q_avg": 18.58,
            "equity": 3901721,
            "current_ratio": 394.82,
            "debt_ratio": 21.87,
            "inventory_turnover_ratio": 0.56,
            "account_receivable_turnover_ratio": 1.27,
            "reinvestment_rate": null,
            "research_to_sale_ratio": 118.66,
            "price_fair": 0,
            "eps_avg_yearly": 0,
            "eps_latest_yearly": 0,
            "eps_growth_yearly": 0
        },
        "20162": {
            "year_quarter": 20162,
            "year": 2016,
            "quarter": 2,
            "eps": -1.28,
            "eps_growth_year": null,
            "eps_4q": -4.14,
            "eps_4q_growth_year": null,
            "roe": -7.57,
            "roe_4q": -22.1,
            "gross_profit": 31091,
            "gross_margin": 29.95,
            "gross_margin_4q_avg": 28.58,
            "net_income": -285479,
            "net_income_4q": null,
            "revenue": 103796,
            "revenue_4q": null,
            "common_shares": 1386856,
            "book_valuer_per_share": 17.27,
            "book_valuer_per_share_4q_avg": 18.08,
            "equity": 3645542,
            "current_ratio": 342.25,
            "debt_ratio": 23.95,
            "inventory_turnover_ratio": 0.5,
            "account_receivable_turnover_ratio": 1.33,
            "reinvestment_rate": null,
            "research_to_sale_ratio": 107.22,
            "price_fair": 0,
            "eps_avg_yearly": 0,
            "eps_latest_yearly": 0,
            "eps_growth_yearly": 0
        },
        "20163": {
            "year_quarter": 20163,
            "year": 2016,
            "quarter": 3,
            "eps": -1.08,
            "eps_growth_year": null,
            "eps_4q": -4.3,
            "eps_4q_growth_year": null,
            "roe": -6.08,
            "roe_4q": -23.56,
            "gross_profit": 29264,
            "gross_margin": 29.49,
            "gross_margin_4q_avg": 29.39,
            "net_income": -224077,
            "net_income_4q": null,
            "revenue": 99238,
            "revenue_4q": null,
            "common_shares": 1386856,
            "book_valuer_per_share": 16.65,
            "book_valuer_per_share_4q_avg": 17.55,
            "equity": 3720065,
            "current_ratio": 409.11,
            "debt_ratio": 22.2,
            "inventory_turnover_ratio": 0.49,
            "account_receivable_turnover_ratio": 1.32,
            "reinvestment_rate": null,
            "research_to_sale_ratio": 102.43,
            "price_fair": 0,
            "eps_avg_yearly": 0,
            "eps_latest_yearly": 0,
            "eps_growth_yearly": 0
        },
        "20164": {
            "year_quarter": 20164,
            "year": 2016,
            "quarter": 4,
            "eps": -0.92,
            "eps_growth_year": null,
            "eps_4q": -4.1,
            "eps_4q_growth_year": null,
            "roe": -5.99,
            "roe_4q": -24.14,
            "gross_profit": 16932,
            "gross_margin": 18.35,
            "gross_margin_4q_avg": 26.45,
            "net_income": -217192,
            "net_income_4q": null,
            "revenue": 92261,
            "revenue_4q": null,
            "common_shares": 1386856,
            "book_valuer_per_share": 15.87,
            "book_valuer_per_share_4q_avg": 17.02,
            "equity": 3537718,
            "current_ratio": 247.31,
            "debt_ratio": 26.64,
            "inventory_turnover_ratio": 0.58,
            "account_receivable_turnover_ratio": 1.27,
            "reinvestment_rate": null,
            "research_to_sale_ratio": 144.84,
            "price_fair": 0,
            "eps_avg_yearly": 0,
            "eps_latest_yearly": 0,
            "eps_growth_yearly": 0
        },
        "20171": {
            "year_quarter": 20171,
            "year": 2017,
            "quarter": 1,
            "eps": -0.81,
            "eps_growth_year": null,
            "eps_4q": -4.08,
            "eps_4q_growth_year": null,
            "roe": -4.54,
            "roe_4q": -24.18,
            "gross_profit": 30082,
            "gross_margin": 28.84,
            "gross_margin_4q_avg": 26.66,
            "net_income": -157228,
            "net_income_4q": null,
            "revenue": 104314,
            "revenue_4q": null,
            "common_shares": 1386856,
            "book_valuer_per_share": 15.1,
            "book_valuer_per_share_4q_avg": 16.22,
            "equity": 3380983,
            "current_ratio": 221.85,
            "debt_ratio": 27.07,
            "inventory_turnover_ratio": 0.63,
            "account_receivable_turnover_ratio": 1.55,
            "reinvestment_rate": null,
            "research_to_sale_ratio": 115.72,
            "price_fair": 0,
            "eps_avg_yearly": 0,
            "eps_latest_yearly": 0,
            "eps_growth_yearly": 0
        },
        "20172": {
            "year_quarter": 20172,
            "year": 2017,
            "quarter": 2,
            "eps": -0.71,
            "eps_growth_year": null,
            "eps_4q": -3.51,
            "eps_4q_growth_year": null,
            "roe": -5.02,
            "roe_4q": -21.63,
            "gross_profit": 41288,
            "gross_margin": 34.76,
            "gross_margin_4q_avg": 27.86,
            "net_income": -166466,
            "net_income_4q": null,
            "revenue": 118768,
            "revenue_4q": null,
            "common_shares": 1386856,
            "book_valuer_per_share": 14.45,
            "book_valuer_per_share_4q_avg": 15.52,
            "equity": 3252256,
            "current_ratio": 216.2,
            "debt_ratio": 30.42,
            "inventory_turnover_ratio": 0.7,
            "account_receivable_turnover_ratio": 1.71,
            "reinvestment_rate": null,
            "research_to_sale_ratio": 101.25,
            "price_fair": 0,
            "eps_avg_yearly": 0,
            "eps_latest_yearly": 0,
            "eps_growth_yearly": 0
        },
        "20173": {
            "year_quarter": 20173,
            "year": 2017,
            "quarter": 3,
            "eps": -0.7,
            "eps_growth_year": null,
            "eps_4q": -3.14,
            "eps_4q_growth_year": null,
            "roe": -4.86,
            "roe_4q": -20.409999999999997,
            "gross_profit": 39215,
            "gross_margin": 35.07,
            "gross_margin_4q_avg": 29.26,
            "net_income": -162921,
            "net_income_4q": null,
            "revenue": 111819,
            "revenue_4q": null,
            "common_shares": 1386856,
            "book_valuer_per_share": 14.33,
            "book_valuer_per_share_4q_avg": 14.94,
            "equity": 3451754,
            "current_ratio": 242.37,
            "debt_ratio": 29.46,
            "inventory_turnover_ratio": 0.62,
            "account_receivable_turnover_ratio": 1.62,
            "reinvestment_rate": null,
            "research_to_sale_ratio": 107.26,
            "price_fair": 0,
            "eps_avg_yearly": 0,
            "eps_latest_yearly": 0,
            "eps_growth_yearly": 0
        },
        "20174": {
            "year_quarter": 20174,
            "year": 2017,
            "quarter": 4,
            "eps": -1.15,
            "eps_growth_year": null,
            "eps_4q": -3.37,
            "eps_4q_growth_year": null,
            "roe": -8.81,
            "roe_4q": -23.23,
            "gross_profit": 45861,
            "gross_margin": 37.32,
            "gross_margin_4q_avg": 34,
            "net_income": -292184,
            "net_income_4q": null,
            "revenue": 122875,
            "revenue_4q": null,
            "common_shares": 1386856,
            "book_valuer_per_share": 13.25,
            "book_valuer_per_share_4q_avg": 14.28,
            "equity": 3180239,
            "current_ratio": 206.93,
            "debt_ratio": 34.38,
            "inventory_turnover_ratio": 0.58,
            "account_receivable_turnover_ratio": 1.51,
            "reinvestment_rate": null,
            "research_to_sale_ratio": 118.63,
            "price_fair": 0,
            "eps_avg_yearly": 0,
            "eps_latest_yearly": 0,
            "eps_growth_yearly": 0
        },
        "20181": {
            "year_quarter": 20181,
            "year": 2018,
            "quarter": 1,
            "eps": -0.36,
            "eps_growth_year": null,
            "eps_4q": -2.92,
            "eps_4q_growth_year": null,
            "roe": -4.13,
            "roe_4q": -22.82,
            "gross_profit": 35178,
            "gross_margin": 30.79,
            "gross_margin_4q_avg": 34.49,
            "net_income": -128978,
            "net_income_4q": null,
            "revenue": 114247,
            "revenue_4q": null,
            "common_shares": 1386856,
            "book_valuer_per_share": 12.95,
            "book_valuer_per_share_4q_avg": 13.75,
            "equity": 3062692,
            "current_ratio": 199.54,
            "debt_ratio": 33.86,
            "inventory_turnover_ratio": 0.57,
            "account_receivable_turnover_ratio": 1.23,
            "reinvestment_rate": null,
            "research_to_sale_ratio": 106.96,
            "price_fair": 0,
            "eps_avg_yearly": 0,
            "eps_latest_yearly": 0,
            "eps_growth_yearly": 0
        },
        "20182": {
            "year_quarter": 20182,
            "year": 2018,
            "quarter": 2,
            "eps": -0.66,
            "eps_growth_year": null,
            "eps_4q": -2.87,
            "eps_4q_growth_year": null,
            "roe": -5.96,
            "roe_4q": -23.759999999999998,
            "gross_profit": 41133,
            "gross_margin": 36.22,
            "gross_margin_4q_avg": 34.85,
            "net_income": -194164,
            "net_income_4q": null,
            "revenue": 113561,
            "revenue_4q": null,
            "common_shares": 1386856,
            "book_valuer_per_share": 13.19,
            "book_valuer_per_share_4q_avg": 13.43,
            "equity": 3455181,
            "current_ratio": 382.34,
            "debt_ratio": 30.13,
            "inventory_turnover_ratio": 0.52,
            "account_receivable_turnover_ratio": 1.29,
            "reinvestment_rate": null,
            "research_to_sale_ratio": 138.52,
            "price_fair": 0,
            "eps_avg_yearly": 0,
            "eps_latest_yearly": 0,
            "eps_growth_yearly": 0
        },
        "20183": {
            "year_quarter": 20183,
            "year": 2018,
            "quarter": 3,
            "eps": -0.72,
            "eps_growth_year": null,
            "eps_4q": -2.89,
            "eps_4q_growth_year": null,
            "roe": -5.42,
            "roe_4q": -24.32,
            "gross_profit": 33483,
            "gross_margin": 30.22,
            "gross_margin_4q_avg": 33.64,
            "net_income": -182336,
            "net_income_4q": null,
            "revenue": 110787,
            "revenue_4q": null,
            "common_shares": 1386856,
            "book_valuer_per_share": 12.47,
            "book_valuer_per_share_4q_avg": 12.97,
            "equity": 3273401,
            "current_ratio": 330.18,
            "debt_ratio": 31.43,
            "inventory_turnover_ratio": 0.55,
            "account_receivable_turnover_ratio": 1.14,
            "reinvestment_rate": null,
            "research_to_sale_ratio": 115.92,
            "price_fair": 0,
            "eps_avg_yearly": 0,
            "eps_latest_yearly": 0,
            "eps_growth_yearly": 0
        },
        "20184": {
            "year_quarter": 20184,
            "year": 2018,
            "quarter": 4,
            "eps": -1.45,
            "eps_growth_year": null,
            "eps_4q": -3.19,
            "eps_4q_growth_year": null,
            "roe": -11,
            "roe_4q": -26.51,
            "gross_profit": 9464,
            "gross_margin": 13.77,
            "gross_margin_4q_avg": 27.75,
            "net_income": -341865,
            "net_income_4q": null,
            "revenue": 68711,
            "revenue_4q": null,
            "common_shares": 1386856,
            "book_valuer_per_share": 11.08,
            "book_valuer_per_share_4q_avg": 12.42,
            "equity": 2940994,
            "current_ratio": 234.04,
            "debt_ratio": 36.04,
            "inventory_turnover_ratio": 0.43,
            "account_receivable_turnover_ratio": 0.69,
            "reinvestment_rate": null,
            "research_to_sale_ratio": 259.35,
            "price_fair": 0,
            "eps_avg_yearly": 0,
            "eps_latest_yearly": 0,
            "eps_growth_yearly": 0
        },
        "20191": {
            "year_quarter": 20191,
            "year": 2019,
            "quarter": 1,
            "eps": -0.61,
            "eps_growth_year": null,
            "eps_4q": -3.44,
            "eps_4q_growth_year": null,
            "roe": -6.9,
            "roe_4q": -29.28,
            "gross_profit": 37256,
            "gross_margin": 35.05,
            "gross_margin_4q_avg": 28.82,
            "net_income": -198547,
            "net_income_4q": null,
            "revenue": 106288,
            "revenue_4q": null,
            "common_shares": 1386856,
            "book_valuer_per_share": 10.9,
            "book_valuer_per_share_4q_avg": 11.91,
            "equity": 2811530,
            "current_ratio": 240.13,
            "debt_ratio": 39.59,
            "inventory_turnover_ratio": 0.55,
            "account_receivable_turnover_ratio": 1.1,
            "reinvestment_rate": null,
            "research_to_sale_ratio": 142.25,
            "price_fair": 0,
            "eps_avg_yearly": 0,
            "eps_latest_yearly": 0,
            "eps_growth_yearly": 0
        },
        "20192": {
            "year_quarter": 20192,
            "year": 2019,
            "quarter": 2,
            "eps": 0.41,
            "eps_growth_year": null,
            "eps_4q": -2.37,
            "eps_4q_growth_year": null,
            "roe": 2.42,
            "roe_4q": -20.9,
            "gross_profit": 89230,
            "gross_margin": 53.69,
            "gross_margin_4q_avg": 33.18,
            "net_income": 69004,
            "net_income_4q": null,
            "revenue": 166205,
            "revenue_4q": null,
            "common_shares": 1386856,
            "book_valuer_per_share": 11.43,
            "book_valuer_per_share_4q_avg": 11.47,
            "equity": 2894319,
            "current_ratio": 212.72,
            "debt_ratio": 39.2,
            "inventory_turnover_ratio": 0.64,
            "account_receivable_turnover_ratio": 1.57,
            "reinvestment_rate": null,
            "research_to_sale_ratio": 115.87,
            "price_fair": 0,
            "eps_avg_yearly": 0,
            "eps_latest_yearly": 0,
            "eps_growth_yearly": 0
        },
        "20193": {
            "year_quarter": 20193,
            "year": 2019,
            "quarter": 3,
            "eps": -0.63,
            "eps_growth_year": null,
            "eps_4q": -2.28,
            "eps_4q_growth_year": null,
            "roe": -6.78,
            "roe_4q": -22.26,
            "gross_profit": 37800,
            "gross_margin": 34.23,
            "gross_margin_4q_avg": 34.19,
            "net_income": -189785,
            "net_income_4q": null,
            "revenue": 110441,
            "revenue_4q": null,
            "common_shares": 1386856,
            "book_valuer_per_share": 10.8,
            "book_valuer_per_share_4q_avg": 11.05,
            "equity": 2703647,
            "current_ratio": 168.26,
            "debt_ratio": 40.43,
            "inventory_turnover_ratio": 0.57,
            "account_receivable_turnover_ratio": 0.99,
            "reinvestment_rate": null,
            "research_to_sale_ratio": 128.13,
            "price_fair": 0,
            "eps_avg_yearly": 0,
            "eps_latest_yearly": 0,
            "eps_growth_yearly": 0
        },
        "20194": {
            "year_quarter": 20194,
            "year": 2019,
            "quarter": 4,
            "eps": -1.01,
            "eps_growth_year": null,
            "eps_4q": -1.84,
            "eps_4q_growth_year": null,
            "roe": -13.68,
            "roe_4q": -24.939999999999998,
            "gross_profit": 91845,
            "gross_margin": 54.21,
            "gross_margin_4q_avg": 44.3,
            "net_income": -368643,
            "net_income_4q": null,
            "revenue": 169411,
            "revenue_4q": null,
            "common_shares": 1389856,
            "book_valuer_per_share": 9.79,
            "book_valuer_per_share_4q_avg": 10.73,
            "equity": 2685267,
            "current_ratio": 141.02,
            "debt_ratio": 44.39,
            "inventory_turnover_ratio": 0.57,
            "account_receivable_turnover_ratio": 1.29,
            "reinvestment_rate": null,
            "research_to_sale_ratio": 125.72,
            "price_fair": 0,
            "eps_avg_yearly": 0,
            "eps_latest_yearly": 0,
            "eps_growth_yearly": 0
        },
        "20201": {
            "year_quarter": 20201,
            "year": 2020,
            "quarter": 1,
            "eps": -0.51,
            "eps_growth_year": null,
            "eps_4q": -1.74,
            "eps_4q_growth_year": null,
            "roe": -6.16,
            "roe_4q": -24.200000000000003,
            "gross_profit": 42896,
            "gross_margin": 32.73,
            "gross_margin_4q_avg": 43.72,
            "net_income": -171662,
            "net_income_4q": null,
            "revenue": 131054,
            "revenue_4q": null,
            "common_shares": 1389856,
            "book_valuer_per_share": 9.82,
            "book_valuer_per_share_4q_avg": 10.46,
            "equity": 2892577,
            "current_ratio": 162.07,
            "debt_ratio": 42.53,
            "inventory_turnover_ratio": 0.66,
            "account_receivable_turnover_ratio": 0.95,
            "reinvestment_rate": null,
            "research_to_sale_ratio": 102.17,
            "price_fair": 0,
            "eps_avg_yearly": 0,
            "eps_latest_yearly": 0,
            "eps_growth_yearly": 0
        },
        "20202": {
            "year_quarter": 20202,
            "year": 2020,
            "quarter": 2,
            "eps": -0.65,
            "eps_growth_year": -258.54,
            "eps_4q": -2.79,
            "eps_4q_growth_year": null,
            "roe": -7.77,
            "roe_4q": -34.39,
            "gross_profit": 58336,
            "gross_margin": 41.58,
            "gross_margin_4q_avg": 40.69,
            "net_income": -217305,
            "net_income_4q": null,
            "revenue": 140307,
            "revenue_4q": null,
            "common_shares": 1389856,
            "book_valuer_per_share": 9.7,
            "book_valuer_per_share_4q_avg": 10.03,
            "equity": 2700261,
            "current_ratio": 149.07,
            "debt_ratio": 43.84,
            "inventory_turnover_ratio": 0.51,
            "account_receivable_turnover_ratio": 1.19,
            "reinvestment_rate": null,
            "research_to_sale_ratio": 143.6,
            "price_fair": 0,
            "eps_avg_yearly": 0,
            "eps_latest_yearly": 0,
            "eps_growth_yearly": 0
        },
        "20203": {
            "year_quarter": 20203,
            "year": 2020,
            "quarter": 3,
            "eps": -0.79,
            "eps_growth_year": null,
            "eps_4q": -2.97,
            "eps_4q_growth_year": null,
            "roe": -9.11,
            "roe_4q": -36.72,
            "gross_profit": 64426,
            "gross_margin": 41.8,
            "gross_margin_4q_avg": 42.58,
            "net_income": -246486,
            "net_income_4q": null,
            "revenue": 154125,
            "revenue_4q": null,
            "common_shares": 1389856,
            "book_valuer_per_share": 10.35,
            "book_valuer_per_share_4q_avg": 9.92,
            "equity": 2709976,
            "current_ratio": 151.24,
            "debt_ratio": 44.18,
            "inventory_turnover_ratio": 0.38,
            "account_receivable_turnover_ratio": 1.36,
            "reinvestment_rate": null,
            "research_to_sale_ratio": 147.15,
            "price_fair": 0,
            "eps_avg_yearly": 0,
            "eps_latest_yearly": 0,
            "eps_growth_yearly": 0
        },
        "20204": {
            "year_quarter": 20204,
            "year": 2020,
            "quarter": 4,
            "eps": -0.48,
            "eps_growth_year": null,
            "eps_4q": -2.43,
            "eps_4q_growth_year": null,
            "roe": -5.88,
            "roe_4q": -28.919999999999998,
            "gross_profit": 97989,
            "gross_margin": 51.56,
            "gross_margin_4q_avg": 41.92,
            "net_income": -211919,
            "net_income_4q": null,
            "revenue": 190055,
            "revenue_4q": null,
            "common_shares": 1389856,
            "book_valuer_per_share": 13.05,
            "book_valuer_per_share_4q_avg": 10.73,
            "equity": 4499470,
            "current_ratio": 323.59,
            "debt_ratio": 26.87,
            "inventory_turnover_ratio": 0.3,
            "account_receivable_turnover_ratio": 1.44,
            "reinvestment_rate": null,
            "research_to_sale_ratio": 144.25,
            "price_fair": 0,
            "eps_avg_yearly": 0,
            "eps_latest_yearly": 0,
            "eps_growth_yearly": 0
        },
        "20211": {
            "year_quarter": 20211,
            "year": 2021,
            "quarter": 1,
            "eps": -0.46,
            "eps_growth_year": null,
            "eps_4q": -2.38,
            "eps_4q_growth_year": null,
            "roe": -3.51,
            "roe_4q": -26.27,
            "gross_profit": 87394,
            "gross_margin": 47.07,
            "gross_margin_4q_avg": 45.5,
            "net_income": -158788,
            "net_income_4q": null,
            "revenue": 185654,
            "revenue_4q": null,
            "common_shares": 1390985,
            "book_valuer_per_share": 13.58,
            "book_valuer_per_share_4q_avg": 11.67,
            "equity": 4539908,
            "current_ratio": 312.85,
            "debt_ratio": 26.99,
            "inventory_turnover_ratio": 0.3,
            "account_receivable_turnover_ratio": 1.21,
            "reinvestment_rate": null,
            "research_to_sale_ratio": 166.63,
            "price_fair": 0,
            "eps_avg_yearly": 0,
            "eps_latest_yearly": 0,
            "eps_growth_yearly": 0
        },
        "20212": {
            "year_quarter": 20212,
            "year": 2021,
            "quarter": 2,
            "eps": -0.93,
            "eps_growth_year": null,
            "eps_4q": -2.66,
            "eps_4q_growth_year": null,
            "roe": -6.04,
            "roe_4q": -24.54,
            "gross_profit": 75771,
            "gross_margin": 43.33,
            "gross_margin_4q_avg": 45.94,
            "net_income": -274869,
            "net_income_4q": null,
            "revenue": 174871,
            "revenue_4q": null,
            "common_shares": 1390985,
            "book_valuer_per_share": 14.07,
            "book_valuer_per_share_4q_avg": 12.76,
            "equity": 4561535,
            "current_ratio": 217.38,
            "debt_ratio": 34.9,
            "inventory_turnover_ratio": 0.15,
            "account_receivable_turnover_ratio": 1.11,
            "reinvestment_rate": null,
            "research_to_sale_ratio": 273.8,
            "price_fair": 0,
            "eps_avg_yearly": 0,
            "eps_latest_yearly": 0,
            "eps_growth_yearly": 0
        },
        "20213": {
            "year_quarter": 20213,
            "year": 2021,
            "quarter": 3,
            "eps": 0.46,
            "eps_growth_year": null,
            "eps_4q": -1.41,
            "eps_4q_growth_year": null,
            "roe": 12.11,
            "roe_4q": -3.3200000000000003,
            "gross_profit": 915253,
            "gross_margin": 66.08,
            "gross_margin_4q_avg": 52.01,
            "net_income": 596605,
            "net_income_4q": null,
            "revenue": 1385005,
            "revenue_4q": null,
            "common_shares": 1392575,
            "book_valuer_per_share": 15.41,
            "book_valuer_per_share_4q_avg": 14.03,
            "equity": 5294956,
            "current_ratio": 297.27,
            "debt_ratio": 28.41,
            "inventory_turnover_ratio": 0.48,
            "account_receivable_turnover_ratio": 3.65,
            "reinvestment_rate": null,
            "research_to_sale_ratio": 16.79,
            "price_fair": 0,
            "eps_avg_yearly": 0,
            "eps_latest_yearly": 0,
            "eps_growth_yearly": 0
        },
        "20214": {
            "year_quarter": 20214,
            "year": 2021,
            "quarter": 4,
            "eps": 0.55,
            "eps_growth_year": null,
            "eps_4q": -0.38,
            "eps_4q_growth_year": null,
            "roe": 15.49,
            "roe_4q": 18.050000000000004,
            "gross_profit": 1472896,
            "gross_margin": 67.67,
            "gross_margin_4q_avg": 56.04,
            "net_income": 907753,
            "net_income_4q": null,
            "revenue": 2176482,
            "revenue_4q": null,
            "common_shares": 1393625,
            "book_valuer_per_share": 17.18,
            "book_valuer_per_share_4q_avg": 15.06,
            "equity": 6426104,
            "current_ratio": 461.85,
            "debt_ratio": 21.63,
            "inventory_turnover_ratio": 0.8,
            "account_receivable_turnover_ratio": 4.12,
            "reinvestment_rate": null,
            "research_to_sale_ratio": 17.77,
            "price_fair": 77,
            "eps_avg_yearly": 2.2,
            "eps_latest_yearly": 2.2,
            "eps_growth_yearly": 78.26
        },
        "20221": {
            "year_quarter": 20221,
            "year": 2022,
            "quarter": 1,
            "eps": -0.59,
            "eps_growth_year": null,
            "eps_4q": -0.5,
            "eps_4q_growth_year": null,
            "roe": -3.02,
            "roe_4q": 18.54,
            "gross_profit": 272628,
            "gross_margin": 56.25,
            "gross_margin_4q_avg": 58.33,
            "net_income": -194288,
            "net_income_4q": null,
            "revenue": 484710,
            "revenue_4q": null,
            "common_shares": 1393725,
            "book_valuer_per_share": 17.77,
            "book_valuer_per_share_4q_avg": 16.11,
            "equity": 6458153,
            "current_ratio": 520.71,
            "debt_ratio": 20.77,
            "inventory_turnover_ratio": 0.28,
            "account_receivable_turnover_ratio": 1.21,
            "reinvestment_rate": null,
            "research_to_sale_ratio": 74.46,
            "price_fair": 77,
            "eps_avg_yearly": 2.2,
            "eps_latest_yearly": 2.2,
            "eps_growth_yearly": 78.26
        },
        "20222": {
            "year_quarter": 20222,
            "year": 2022,
            "quarter": 2,
            "eps": -0.88,
            "eps_growth_year": null,
            "eps_4q": -0.46,
            "eps_4q_growth_year": null,
            "roe": -5.26,
            "roe_4q": 19.32,
            "gross_profit": 64622,
            "gross_margin": 33.73,
            "gross_margin_4q_avg": 55.93,
            "net_income": -367448,
            "net_income_4q": null,
            "revenue": 191568,
            "revenue_4q": null,
            "common_shares": 1394125,
            "book_valuer_per_share": 18.1,
            "book_valuer_per_share_4q_avg": 17.12,
            "equity": 7524701,
            "current_ratio": 724.75,
            "debt_ratio": 31.67,
            "inventory_turnover_ratio": 0.15,
            "account_receivable_turnover_ratio": 0.5,
            "reinvestment_rate": null,
            "research_to_sale_ratio": 166.45,
            "price_fair": 77,
            "eps_avg_yearly": 2.2,
            "eps_latest_yearly": 2.2,
            "eps_growth_yearly": 78.26
        },
        "20223": {
            "year_quarter": 20223,
            "year": 2022,
            "quarter": 3,
            "eps": -0.84,
            "eps_growth_year": -282.61,
            "eps_4q": -1.75,
            "eps_4q_growth_year": null,
            "roe": -4.81,
            "roe_4q": 2.4000000000000004,
            "gross_profit": 81869,
            "gross_margin": 46.53,
            "gross_margin_4q_avg": 51.05,
            "net_income": -360173,
            "net_income_4q": null,
            "revenue": 175964,
            "revenue_4q": null,
            "common_shares": 1394463,
            "book_valuer_per_share": 18.24,
            "book_valuer_per_share_4q_avg": 17.82,
            "equity": 7440723,
            "current_ratio": 865.79,
            "debt_ratio": 30.73,
            "inventory_turnover_ratio": 0.1,
            "account_receivable_turnover_ratio": 0.43,
            "reinvestment_rate": null,
            "research_to_sale_ratio": 213.98,
            "price_fair": 77,
            "eps_avg_yearly": 2.2,
            "eps_latest_yearly": 2.2,
            "eps_growth_yearly": 78.26
        },
        "20224": {
            "year_quarter": 20224,
            "year": 2022,
            "quarter": 4,
            "eps": -2.55,
            "eps_growth_year": -560.32,
            "eps_4q": -4.85,
            "eps_4q_growth_year": null,
            "roe": -14.51,
            "roe_4q": -27.599999999999998,
            "gross_profit": -331659,
            "gross_margin": -162.81,
            "gross_margin_4q_avg": -6.58,
            "net_income": -1009578,
            "net_income_4q": null,
            "revenue": 203705,
            "revenue_4q": null,
            "common_shares": 1394463,
            "book_valuer_per_share": 15.73,
            "book_valuer_per_share_4q_avg": 17.46,
            "equity": 6471013,
            "current_ratio": 639.81,
            "debt_ratio": 35.18,
            "inventory_turnover_ratio": 0.67,
            "account_receivable_turnover_ratio": 0.51,
            "reinvestment_rate": null,
            "research_to_sale_ratio": 134.84,
            "price_fair": 77,
            "eps_avg_yearly": 2.2,
            "eps_latest_yearly": 2.2,
            "eps_growth_yearly": 78.26
        },
        "20231": {
            "year_quarter": 20231,
            "year": 2023,
            "quarter": 1,
            "eps": -0.68,
            "eps_growth_year": null,
            "eps_4q": -4.94,
            "eps_4q_growth_year": null,
            "roe": -4.19,
            "roe_4q": -28.769999999999996,
            "gross_profit": 78189,
            "gross_margin": 47.6,
            "gross_margin_4q_avg": -8.74,
            "net_income": -264278,
            "net_income_4q": null,
            "revenue": 164248,
            "revenue_4q": null,
            "common_shares": 1394463,
            "book_valuer_per_share": 14.14,
            "book_valuer_per_share_4q_avg": 16.55,
            "equity": 6138001,
            "current_ratio": 707.39,
            "debt_ratio": 35.26,
            "inventory_turnover_ratio": 0.12,
            "account_receivable_turnover_ratio": 0.62,
            "reinvestment_rate": null,
            "research_to_sale_ratio": 131.28,
            "price_fair": 77,
            "eps_avg_yearly": 2.2,
            "eps_latest_yearly": 2.2,
            "eps_growth_yearly": 78.26
        },
        "20232": {
            "year_quarter": 20232,
            "year": 2023,
            "quarter": 2,
            "eps": -0.7,
            "eps_growth_year": null,
            "eps_4q": -4.76,
            "eps_4q_growth_year": null,
            "roe": -5.68,
            "roe_4q": -29.19,
            "gross_profit": 107917,
            "gross_margin": 52.5,
            "gross_margin_4q_avg": -4.05,
            "net_income": -338834,
            "net_income_4q": null,
            "revenue": 205566,
            "revenue_4q": null,
            "common_shares": 1393463,
            "book_valuer_per_share": 13.64,
            "book_valuer_per_share_4q_avg": 15.44,
            "equity": 5801422,
            "current_ratio": 228.9,
            "debt_ratio": 37.35,
            "inventory_turnover_ratio": 0.11,
            "account_receivable_turnover_ratio": 1.2,
            "reinvestment_rate": null,
            "research_to_sale_ratio": 175.43,
            "price_fair": 77,
            "eps_avg_yearly": 2.2,
            "eps_latest_yearly": 2.2,
            "eps_growth_yearly": 78.26
        },
        "20233": {
            "year_quarter": 20233,
            "year": 2023,
            "quarter": 3,
            "eps": -0.34,
            "eps_growth_year": null,
            "eps_4q": -4.27,
            "eps_4q_growth_year": null,
            "roe": -1.28,
            "roe_4q": -25.66,
            "gross_profit": 218750,
            "gross_margin": 52.47,
            "gross_margin_4q_avg": -2.56,
            "net_income": -73894,
            "net_income_4q": null,
            "revenue": 416881,
            "revenue_4q": null,
            "common_shares": 1393463,
            "book_valuer_per_share": 13.38,
            "book_valuer_per_share_4q_avg": 14.22,
            "equity": 5715362,
            "current_ratio": 229.84,
            "debt_ratio": 37.34,
            "inventory_turnover_ratio": 0.19,
            "account_receivable_turnover_ratio": 1.71,
            "reinvestment_rate": null,
            "research_to_sale_ratio": 39.74,
            "price_fair": 77,
            "eps_avg_yearly": 2.2,
            "eps_latest_yearly": 2.2,
            "eps_growth_yearly": 78.26
        }
    },
    "months": {
        "2003-12": {
            "month": "2003-12",
            "price": "19.10",
            "revenue": 200
        },
        "2004-01": {
            "month": "2004-01",
            "price": "15.89",
            "revenue": 714
        },
        "2004-02": {
            "month": "2004-02",
            "price": "14.93",
            "revenue": 250
        },
        "2004-03": {
            "month": "2004-03",
            "price": "13.80",
            "revenue": 250
        },
        "2004-04": {
            "month": "2004-04",
            "price": "17.00",
            "revenue": 250
        },
        "2004-05": {
            "month": "2004-05",
            "price": "14.06",
            "revenue": 250
        },
        "2004-06": {
            "month": "2004-06",
            "price": "13.75",
            "revenue": 250
        },
        "2004-07": {
            "month": "2004-07",
            "price": "13.01",
            "revenue": 250
        },
        "2004-10": {
            "month": "2004-10",
            "price": "9.96",
            "revenue": 250
        },
        "2004-11": {
            "month": "2004-11",
            "price": "8.99",
            "revenue": 250
        },
        "2004-12": {
            "month": "2004-12",
            "price": "9.67",
            "revenue": 250
        },
        "2005-01": {
            "month": "2005-01",
            "price": "8.69",
            "revenue": 1605
        },
        "2005-02": {
            "month": "2005-02",
            "price": "9.62",
            "revenue": -657
        },
        "2005-03": {
            "month": "2005-03",
            "price": "8.97",
            "revenue": 2500
        },
        "2005-04": {
            "month": "2005-04",
            "price": "8.25",
            "revenue": 0
        },
        "2005-05": {
            "month": "2005-05",
            "price": "6.89",
            "revenue": 0
        },
        "2005-06": {
            "month": "2005-06",
            "price": "6.56",
            "revenue": 0
        },
        "2005-07": {
            "month": "2005-07",
            "price": "7.25",
            "revenue": 0
        },
        "2005-08": {
            "month": "2005-08",
            "price": "7.06",
            "revenue": 0
        },
        "2005-09": {
            "month": "2005-09",
            "price": "7.18",
            "revenue": 0
        },
        "2005-10": {
            "month": "2005-10",
            "price": "7.15",
            "revenue": 476
        },
        "2005-11": {
            "month": "2005-11",
            "price": "6.99",
            "revenue": 0
        },
        "2005-12": {
            "month": "2005-12",
            "price": "6.52",
            "revenue": 16077
        },
        "2006-01": {
            "month": "2006-01",
            "price": "5.92",
            "revenue": 476
        },
        "2006-02": {
            "month": "2006-02",
            "price": "5.46",
            "revenue": 0
        },
        "2006-03": {
            "month": "2006-03",
            "price": "5.11",
            "revenue": 0
        },
        "2006-04": {
            "month": "2006-04",
            "price": "5.06",
            "revenue": 0
        },
        "2006-05": {
            "month": "2006-05",
            "price": "10.07",
            "revenue": 0
        },
        "2006-06": {
            "month": "2006-06",
            "price": "11.66",
            "revenue": 0
        },
        "2006-07": {
            "month": "2006-07",
            "price": "10.48",
            "revenue": 0
        },
        "2006-08": {
            "month": "2006-08",
            "price": "10.48",
            "revenue": 0
        },
        "2006-09": {
            "month": "2006-09",
            "price": "10.41",
            "revenue": 0
        },
        "2006-10": {
            "month": "2006-10",
            "price": "11.17",
            "revenue": 0
        },
        "2006-11": {
            "month": "2006-11",
            "price": "11.74",
            "revenue": 0
        },
        "2006-12": {
            "month": "2006-12",
            "price": "12.26",
            "revenue": 51
        },
        "2007-01": {
            "month": "2007-01",
            "price": "14.75",
            "revenue": 82910
        },
        "2007-02": {
            "month": "2007-02",
            "price": "14.44",
            "revenue": 95
        },
        "2007-03": {
            "month": "2007-03",
            "price": "12.40",
            "revenue": 143446
        },
        "2007-04": {
            "month": "2007-04",
            "price": "14.88",
            "revenue": 8
        },
        "2007-05": {
            "month": "2007-05",
            "price": "16.96",
            "revenue": 5
        },
        "2007-06": {
            "month": "2007-06",
            "price": "24.12",
            "revenue": 47488
        },
        "2007-07": {
            "month": "2007-07",
            "price": "53.38",
            "revenue": 0
        },
        "2007-08": {
            "month": "2007-08",
            "price": "61.49",
            "revenue": 3572
        },
        "2007-09": {
            "month": "2007-09",
            "price": "63.08",
            "revenue": 612
        },
        "2007-10": {
            "month": "2007-10",
            "price": "60.01",
            "revenue": 459
        },
        "2007-11": {
            "month": "2007-11",
            "price": "47.77",
            "revenue": 2791
        },
        "2007-12": {
            "month": "2007-12",
            "price": "43.33",
            "revenue": 888
        },
        "2008-01": {
            "month": "2008-01",
            "price": "37.31",
            "revenue": 1460
        },
        "2008-02": {
            "month": "2008-02",
            "price": "35.94",
            "revenue": 984
        },
        "2008-03": {
            "month": "2008-03",
            "price": "39.86",
            "revenue": 58343
        },
        "2008-04": {
            "month": "2008-04",
            "price": "40.76",
            "revenue": 44248
        },
        "2008-05": {
            "month": "2008-05",
            "price": "49.37",
            "revenue": 2900
        },
        "2008-06": {
            "month": "2008-06",
            "price": "43.27",
            "revenue": 3473
        },
        "2008-07": {
            "month": "2008-07",
            "price": "36.78",
            "revenue": 3415
        },
        "2008-08": {
            "month": "2008-08",
            "price": "35.86",
            "revenue": 4452
        },
        "2008-09": {
            "month": "2008-09",
            "price": "25.54",
            "revenue": 5822
        },
        "2008-10": {
            "month": "2008-10",
            "price": "16.60",
            "revenue": 1435
        },
        "2008-11": {
            "month": "2008-11",
            "price": "12.42",
            "revenue": 1453
        },
        "2008-12": {
            "month": "2008-12",
            "price": "11.07",
            "revenue": 1180
        },
        "2009-01": {
            "month": "2009-01",
            "price": "15.81",
            "revenue": 961
        },
        "2009-02": {
            "month": "2009-02",
            "price": "16.01",
            "revenue": 2528
        },
        "2009-03": {
            "month": "2009-03",
            "price": "16.88",
            "revenue": 1890
        },
        "2009-04": {
            "month": "2009-04",
            "price": "17.53",
            "revenue": 2476
        },
        "2009-05": {
            "month": "2009-05",
            "price": "15.23",
            "revenue": 2612
        },
        "2009-06": {
            "month": "2009-06",
            "price": "15.87",
            "revenue": 4784
        },
        "2009-07": {
            "month": "2009-07",
            "price": "21.83",
            "revenue": 4234
        },
        "2009-08": {
            "month": "2009-08",
            "price": "20.10",
            "revenue": 2398
        },
        "2009-09": {
            "month": "2009-09",
            "price": "21.45",
            "revenue": 1601
        },
        "2009-10": {
            "month": "2009-10",
            "price": "18.90",
            "revenue": 2073
        },
        "2009-11": {
            "month": "2009-11",
            "price": "18.77",
            "revenue": 54613
        },
        "2009-12": {
            "month": "2009-12",
            "price": "20.18",
            "revenue": 10671
        },
        "2010-01": {
            "month": "2010-01",
            "price": "21.62",
            "revenue": 1667
        },
        "2010-02": {
            "month": "2010-02",
            "price": "20.00",
            "revenue": 2431
        },
        "2010-03": {
            "month": "2010-03",
            "price": "20.37",
            "revenue": 1854
        },
        "2010-04": {
            "month": "2010-04",
            "price": "22.54",
            "revenue": 7657
        },
        "2010-05": {
            "month": "2010-05",
            "price": "25.26",
            "revenue": 1734
        },
        "2010-06": {
            "month": "2010-06",
            "price": "27.55",
            "revenue": 1648
        },
        "2010-07": {
            "month": "2010-07",
            "price": "28.22",
            "revenue": 1401
        },
        "2010-08": {
            "month": "2010-08",
            "price": "28.28",
            "revenue": 1694
        },
        "2010-09": {
            "month": "2010-09",
            "price": "27.71",
            "revenue": 2356
        },
        "2010-10": {
            "month": "2010-10",
            "price": "28.74",
            "revenue": 2136
        },
        "2010-11": {
            "month": "2010-11",
            "price": "28.02",
            "revenue": 2004
        },
        "2010-12": {
            "month": "2010-12",
            "price": "27.65",
            "revenue": 11042
        },
        "2011-01": {
            "month": "2011-01",
            "price": "27.47",
            "revenue": 1459
        },
        "2011-02": {
            "month": "2011-02",
            "price": "26.99",
            "revenue": 1307
        },
        "2011-03": {
            "month": "2011-03",
            "price": "27.02",
            "revenue": 10916
        },
        "2011-04": {
            "month": "2011-04",
            "price": "27.30",
            "revenue": 1239
        },
        "2011-05": {
            "month": "2011-05",
            "price": "28.91",
            "revenue": 7718
        },
        "2011-06": {
            "month": "2011-06",
            "price": "29.61",
            "revenue": 10925
        },
        "2011-07": {
            "month": "2011-07",
            "price": "30.15",
            "revenue": 2828
        },
        "2011-08": {
            "month": "2011-08",
            "price": "28.19",
            "revenue": 5436
        },
        "2011-09": {
            "month": "2011-09",
            "price": "27.72",
            "revenue": 12628
        },
        "2011-10": {
            "month": "2011-10",
            "price": "27.86",
            "revenue": 2685
        },
        "2011-11": {
            "month": "2011-11",
            "price": "24.37",
            "revenue": 2273
        },
        "2011-12": {
            "month": "2011-12",
            "price": "36.42",
            "revenue": 15100
        },
        "2012-01": {
            "month": "2012-01",
            "price": "40.67",
            "revenue": 9778
        },
        "2012-02": {
            "month": "2012-02",
            "price": "59.05",
            "revenue": 4662
        },
        "2012-03": {
            "month": "2012-03",
            "price": "62.21",
            "revenue": 11620
        },
        "2012-04": {
            "month": "2012-04",
            "price": "63.16",
            "revenue": 1507
        },
        "2012-05": {
            "month": "2012-05",
            "price": "59.31",
            "revenue": 18548
        },
        "2012-06": {
            "month": "2012-06",
            "price": "62.59",
            "revenue": 3482
        },
        "2012-07": {
            "month": "2012-07",
            "price": "62.95",
            "revenue": 4486
        },
        "2012-08": {
            "month": "2012-08",
            "price": "64.70",
            "revenue": 1782
        },
        "2012-09": {
            "month": "2012-09",
            "price": "79.38",
            "revenue": 2792
        },
        "2012-10": {
            "month": "2012-10",
            "price": "119.39",
            "revenue": 2628
        },
        "2012-11": {
            "month": "2012-11",
            "price": "143.05",
            "revenue": 61680
        },
        "2012-12": {
            "month": "2012-12",
            "price": "171.81",
            "revenue": 10845
        },
        "2013-01": {
            "month": "2013-01",
            "price": "173.02",
            "revenue": 4660
        },
        "2013-02": {
            "month": "2013-02",
            "price": "206.19",
            "revenue": 1352
        },
        "2013-03": {
            "month": "2013-03",
            "price": "201.90",
            "revenue": 19158
        },
        "2013-04": {
            "month": "2013-04",
            "price": "186.82",
            "revenue": 8394
        },
        "2013-05": {
            "month": "2013-05",
            "price": "173.80",
            "revenue": 3778
        },
        "2013-06": {
            "month": "2013-06",
            "price": "173.24",
            "revenue": 2980
        },
        "2013-07": {
            "month": "2013-07",
            "price": "178.80",
            "revenue": 5026
        },
        "2013-08": {
            "month": "2013-08",
            "price": "177.02",
            "revenue": 13473
        },
        "2013-09": {
            "month": "2013-09",
            "price": "196.12",
            "revenue": 2589
        },
        "2013-10": {
            "month": "2013-10",
            "price": "200.36",
            "revenue": 5463
        },
        "2013-11": {
            "month": "2013-11",
            "price": "200.90",
            "revenue": 3949
        },
        "2013-12": {
            "month": "2013-12",
            "price": "187.66",
            "revenue": 2185
        },
        "2014-01": {
            "month": "2014-01",
            "price": "194.58",
            "revenue": 37175
        },
        "2014-02": {
            "month": "2014-02",
            "price": "206.50",
            "revenue": 19118
        },
        "2014-03": {
            "month": "2014-03",
            "price": "236.45",
            "revenue": 30155
        },
        "2014-04": {
            "month": "2014-04",
            "price": "300.81",
            "revenue": 28055
        },
        "2014-05": {
            "month": "2014-05",
            "price": "414.69",
            "revenue": 37844
        },
        "2014-06": {
            "month": "2014-06",
            "price": "447.68",
            "revenue": 25534
        },
        "2014-07": {
            "month": "2014-07",
            "price": "412.25",
            "revenue": 33316
        },
        "2014-08": {
            "month": "2014-08",
            "price": "175.12",
            "revenue": 31496
        },
        "2014-09": {
            "month": "2014-09",
            "price": "173.10",
            "revenue": 31096
        },
        "2014-10": {
            "month": "2014-10",
            "price": "144.02",
            "revenue": 38378
        },
        "2014-11": {
            "month": "2014-11",
            "price": "124.95",
            "revenue": 30876
        },
        "2014-12": {
            "month": "2014-12",
            "price": "156.96",
            "revenue": 27624
        },
        "2015-01": {
            "month": "2015-01",
            "price": "160.82",
            "revenue": 29646
        },
        "2015-02": {
            "month": "2015-02",
            "price": "158.38",
            "revenue": 26647
        },
        "2015-03": {
            "month": "2015-03",
            "price": "156.20",
            "revenue": 24244
        },
        "2015-04": {
            "month": "2015-04",
            "price": "131.28",
            "revenue": 29732
        },
        "2015-05": {
            "month": "2015-05",
            "price": "119.18",
            "revenue": 34521
        },
        "2015-06": {
            "month": "2015-06",
            "price": "96.31",
            "revenue": 30590
        },
        "2015-07": {
            "month": "2015-07",
            "price": "102.95",
            "revenue": 32372
        },
        "2015-08": {
            "month": "2015-08",
            "price": "89.82",
            "revenue": 31921
        },
        "2015-09": {
            "month": "2015-09",
            "price": "93.76",
            "revenue": 32341
        },
        "2015-10": {
            "month": "2015-10",
            "price": "95.53",
            "revenue": 29596
        },
        "2015-11": {
            "month": "2015-11",
            "price": "90.63",
            "revenue": 36145
        },
        "2015-12": {
            "month": "2015-12",
            "price": "90.06",
            "revenue": 30891
        },
        "2016-01": {
            "month": "2016-01",
            "price": "73.45",
            "revenue": 37572
        },
        "2016-02": {
            "month": "2016-02",
            "price": "75.78",
            "revenue": 24297
        },
        "2016-03": {
            "month": "2016-03",
            "price": "72.84",
            "revenue": 45196
        },
        "2016-04": {
            "month": "2016-04",
            "price": "63.76",
            "revenue": 37069
        },
        "2016-05": {
            "month": "2016-05",
            "price": "64.14",
            "revenue": 33482
        },
        "2016-06": {
            "month": "2016-06",
            "price": "81.91",
            "revenue": 32941
        },
        "2016-07": {
            "month": "2016-07",
            "price": "80.17",
            "revenue": 29162
        },
        "2016-08": {
            "month": "2016-08",
            "price": "77.35",
            "revenue": 33206
        },
        "2016-09": {
            "month": "2016-09",
            "price": "70.16",
            "revenue": 33779
        },
        "2016-10": {
            "month": "2016-10",
            "price": "67.92",
            "revenue": 26346
        },
        "2016-11": {
            "month": "2016-11",
            "price": "66.96",
            "revenue": 31136
        },
        "2016-12": {
            "month": "2016-12",
            "price": "78.88",
            "revenue": 37298
        },
        "2017-01": {
            "month": "2017-01",
            "price": "74.39",
            "revenue": 35243
        },
        "2017-02": {
            "month": "2017-02",
            "price": "74.48",
            "revenue": 27013
        },
        "2017-03": {
            "month": "2017-03",
            "price": "63.83",
            "revenue": 41722
        },
        "2017-04": {
            "month": "2017-04",
            "price": "57.17",
            "revenue": 34437
        },
        "2017-05": {
            "month": "2017-05",
            "price": "54.28",
            "revenue": 41150
        },
        "2017-06": {
            "month": "2017-06",
            "price": "54.12",
            "revenue": 42898
        },
        "2017-07": {
            "month": "2017-07",
            "price": "49.90",
            "revenue": 33529
        },
        "2017-08": {
            "month": "2017-08",
            "price": "47.51",
            "revenue": 37911
        },
        "2017-09": {
            "month": "2017-09",
            "price": "45.71",
            "revenue": 40477
        },
        "2017-10": {
            "month": "2017-10",
            "price": "41.30",
            "revenue": 37229
        },
        "2017-11": {
            "month": "2017-11",
            "price": "38.15",
            "revenue": 37391
        },
        "2017-12": {
            "month": "2017-12",
            "price": "35.21",
            "revenue": 48609
        },
        "2018-01": {
            "month": "2018-01",
            "price": "36.96",
            "revenue": 42054
        },
        "2018-02": {
            "month": "2018-02",
            "price": "33.43",
            "revenue": 31048
        },
        "2018-03": {
            "month": "2018-03",
            "price": "36.16",
            "revenue": 47172
        },
        "2018-04": {
            "month": "2018-04",
            "price": "36.99",
            "revenue": 39042
        },
        "2018-05": {
            "month": "2018-05",
            "price": "33.73",
            "revenue": 40096
        },
        "2018-06": {
            "month": "2018-06",
            "price": "33.37",
            "revenue": 34293
        },
        "2018-07": {
            "month": "2018-07",
            "price": "29.92",
            "revenue": 39452
        },
        "2018-08": {
            "month": "2018-08",
            "price": "26.72",
            "revenue": 35710
        },
        "2018-09": {
            "month": "2018-09",
            "price": "40.77",
            "revenue": 37574
        },
        "2018-10": {
            "month": "2018-10",
            "price": "43.53",
            "revenue": 36903
        },
        "2018-11": {
            "month": "2018-11",
            "price": "40.46",
            "revenue": 42172
        },
        "2018-12": {
            "month": "2018-12",
            "price": "41.79",
            "revenue": 34604
        },
        "2019-01": {
            "month": "2019-01",
            "price": "54.09",
            "revenue": 47394
        },
        "2019-02": {
            "month": "2019-02",
            "price": "64.21",
            "revenue": 25015
        },
        "2019-03": {
            "month": "2019-03",
            "price": "62.41",
            "revenue": 33058
        },
        "2019-04": {
            "month": "2019-04",
            "price": "75.82",
            "revenue": 40990
        },
        "2019-05": {
            "month": "2019-05",
            "price": "73.14",
            "revenue": 88589
        },
        "2019-06": {
            "month": "2019-06",
            "price": "74.17",
            "revenue": 38825
        },
        "2019-07": {
            "month": "2019-07",
            "price": "76.30",
            "revenue": 34396
        },
        "2019-08": {
            "month": "2019-08",
            "price": "62.39",
            "revenue": 34881
        },
        "2019-09": {
            "month": "2019-09",
            "price": "62.77",
            "revenue": 40144
        },
        "2019-10": {
            "month": "2019-10",
            "price": "61.46",
            "revenue": 43443
        },
        "2019-11": {
            "month": "2019-11",
            "price": "61.89",
            "revenue": 38391
        },
        "2019-12": {
            "month": "2019-12",
            "price": "62.68",
            "revenue": 118964
        },
        "2020-01": {
            "month": "2020-01",
            "price": "58.62",
            "revenue": 32929
        },
        "2020-02": {
            "month": "2020-02",
            "price": "58.81",
            "revenue": 43006
        },
        "2020-03": {
            "month": "2020-03",
            "price": "49.78",
            "revenue": 55119
        },
        "2020-04": {
            "month": "2020-04",
            "price": "52.45",
            "revenue": 58817
        },
        "2020-05": {
            "month": "2020-05",
            "price": "61.58",
            "revenue": 30976
        },
        "2020-06": {
            "month": "2020-06",
            "price": "72.22",
            "revenue": 50824
        },
        "2020-07": {
            "month": "2020-07",
            "price": "83.89",
            "revenue": 49546
        },
        "2020-08": {
            "month": "2020-08",
            "price": "72.97",
            "revenue": 42210
        },
        "2020-09": {
            "month": "2020-09",
            "price": "70.06",
            "revenue": 62297
        },
        "2020-10": {
            "month": "2020-10",
            "price": "61.51",
            "revenue": 55313
        },
        "2020-11": {
            "month": "2020-11",
            "price": "59.57",
            "revenue": 59017
        },
        "2020-12": {
            "month": "2020-12",
            "price": "59.14",
            "revenue": 75791
        },
        "2021-01": {
            "month": "2021-01",
            "price": "53.57",
            "revenue": 58496
        },
        "2021-02": {
            "month": "2021-02",
            "price": "59.62",
            "revenue": 53668
        },
        "2021-03": {
            "month": "2021-03",
            "price": "65.95",
            "revenue": 73490
        },
        "2021-04": {
            "month": "2021-04",
            "price": "65.59",
            "revenue": 64173
        },
        "2021-05": {
            "month": "2021-05",
            "price": "66.16",
            "revenue": 56713
        },
        "2021-06": {
            "month": "2021-06",
            "price": "70.24",
            "revenue": 53985
        },
        "2021-07": {
            "month": "2021-07",
            "price": "64.58",
            "revenue": 33549
        },
        "2021-08": {
            "month": "2021-08",
            "price": "63.16",
            "revenue": 767307
        },
        "2021-09": {
            "month": "2021-09",
            "price": "58.69",
            "revenue": 584795
        },
        "2021-10": {
            "month": "2021-10",
            "price": "51.96",
            "revenue": 629114
        },
        "2021-11": {
            "month": "2021-11",
            "price": "52.12",
            "revenue": 1197292
        },
        "2021-12": {
            "month": "2021-12",
            "price": "55.59",
            "revenue": 349267
        },
        "2022-01": {
            "month": "2022-01",
            "price": "55.28",
            "revenue": 276308
        },
        "2022-02": {
            "month": "2022-02",
            "price": "52.77",
            "revenue": 46806
        },
        "2022-03": {
            "month": "2022-03",
            "price": "51.33",
            "revenue": 161596
        },
        "2022-04": {
            "month": "2022-04",
            "price": "54.44",
            "revenue": 54081
        },
        "2022-05": {
            "month": "2022-05",
            "price": "48.51",
            "revenue": 61590
        },
        "2022-06": {
            "month": "2022-06",
            "price": "45.53",
            "revenue": 80364
        },
        "2022-07": {
            "month": "2022-07",
            "price": "40.23",
            "revenue": 54032
        },
        "2022-08": {
            "month": "2022-08",
            "price": "40.97",
            "revenue": 50053
        },
        "2022-09": {
            "month": "2022-09",
            "price": "40.20",
            "revenue": 67412
        },
        "2022-10": {
            "month": "2022-10",
            "price": "31.80",
            "revenue": 66105
        },
        "2022-11": {
            "month": "2022-11",
            "price": "33.84",
            "revenue": 72276
        },
        "2022-12": {
            "month": "2022-12",
            "price": "36.15",
            "revenue": 65324
        },
        "2023-01": {
            "month": "2023-01",
            "price": "32.10",
            "revenue": 59637
        },
        "2023-02": {
            "month": "2023-02",
            "price": "32.38",
            "revenue": 51462
        },
        "2023-03": {
            "month": "2023-03",
            "price": "32.60",
            "revenue": 53556
        },
        "2023-04": {
            "month": "2023-04",
            "price": "33.90",
            "revenue": 53216
        },
        "2023-05": {
            "month": "2023-05",
            "price": "33.60",
            "revenue": 73534
        },
        "2023-06": {
            "month": "2023-06",
            "price": "33.46",
            "revenue": 78409
        },
        "2023-07": {
            "month": "2023-07",
            "price": "32.80",
            "revenue": 70651
        },
        "2023-08": {
            "month": "2023-08",
            "price": "31.63",
            "revenue": 166388
        },
        "2023-09": {
            "month": "2023-09",
            "price": "33.56",
            "revenue": 179840
        },
        "2023-10": {
            "month": "2023-10",
            "price": "38.36",
            "revenue": 156328
        },
        "2023-11": {
            "month": "2023-11",
            "price": "54.46",
            "revenue": 127397
        },
        "2023-12": {
            "month": "2023-12",
            "price": "47.07",
            "revenue": 86389
        }
    }
}
