{
    "summary": {
        "stock_name": "公準",
        "stock_id": "3178",
        "category": "電機機械",
        "main_business": "高科技與高端技術產業製程設備及所需之工模夾治具及關鍵零組件<br>模具零組件<br>自動化設備",
        "website_url": "http://www.gongin.com.tw",
        "ceo": "蘇虹音",
        "pe_ratio": 24,
        "report_year_from": 2002,
        "report_year_to": 2023,
        "age": 22,
        "eps_negative_percentage": 0,
        "eps_growth_avg": {
            "last_all": 22.97,
            "last_2y": 21.56,
            "last_4y": 22.97,
            "last_8y": null,
            "last_12y": null,
            "last_16y": null,
            "last_20y": null,
            "at_2006_last_3y": null,
            "at_2007_last_3y": null,
            "at_2008_last_3y": null,
            "at_2009_last_3y": null,
            "at_2010_last_3y": null,
            "at_2011_last_3y": null,
            "at_2012_last_3y": null,
            "at_2013_last_3y": null,
            "at_2014_last_3y": null,
            "at_2015_last_3y": null,
            "at_2016_last_3y": null,
            "at_2017_last_3y": null,
            "at_2018_last_3y": null,
            "at_2019_last_3y": null,
            "at_2020_last_3y": null,
            "at_2021_last_3y": null,
            "at_2022_last_3y": 33.91,
            "at_2023_last_3y": 39.12,
            "at_2024_last_3y": 39.12,
            "at_2006_last_all": null,
            "at_2007_last_all": null,
            "at_2008_last_all": null,
            "at_2009_last_all": null,
            "at_2010_last_all": null,
            "at_2011_last_all": null,
            "at_2012_last_all": null,
            "at_2013_last_all": null,
            "at_2014_last_all": null,
            "at_2015_last_all": null,
            "at_2016_last_all": null,
            "at_2017_last_all": null,
            "at_2018_last_all": null,
            "at_2019_last_all": null,
            "at_2020_last_all": 25.09,
            "at_2021_last_all": 11.88,
            "at_2022_last_all": 33.91,
            "at_2023_last_all": 22.97,
            "at_2024_last_all": 22.97
        },
        "latest_eps": 4.91,
        "latest_price": 120,
        "latest_roe": 19.69,
        "latest_gross_margin": 28.34,
        "latest_equity": 1296830,
        "latest_revenue": 407008,
        "latest_gross_profit": 115343,
        "latest_net_income": 69203,
        "latest_debt_ratio": 55.4,
        "latest_current_ratio": 149.35,
        "latest_account_receivable_turnover_ratio": 1.19,
        "latest_inventory_turnover_ratio": 0.65,
        "latest_reinvestment_rate": 9.81,
        "latest_research_to_sale_ratio": 1.89
    },
    "eps_dividends": {
        "2001": {
            "cash": 0,
            "stock": 0,
            "eps": 0
        },
        "2002": {
            "cash": 0,
            "stock": 0,
            "eps": 0
        },
        "2003": {
            "cash": 0,
            "stock": 0,
            "eps": 0
        },
        "2004": {
            "cash": 0,
            "stock": 0,
            "eps": 0
        },
        "2005": {
            "cash": 0,
            "stock": 0,
            "eps": 0
        },
        "2006": {
            "cash": 0,
            "stock": 0,
            "eps": 0
        },
        "2007": {
            "cash": 0,
            "stock": 0,
            "eps": 0
        },
        "2008": {
            "cash": 0,
            "stock": 0,
            "eps": 0
        },
        "2009": {
            "cash": 0,
            "stock": 0,
            "eps": 0
        },
        "2010": {
            "cash": 0,
            "stock": 0,
            "eps": 0
        },
        "2011": {
            "cash": 0,
            "stock": 0,
            "eps": 0
        },
        "2012": {
            "cash": 0,
            "stock": 0,
            "eps": 0
        },
        "2013": {
            "cash": 0,
            "stock": 0,
            "eps": 0
        },
        "2014": {
            "cash": 0,
            "stock": 0,
            "eps": 0
        },
        "2015": {
            "cash": 0.1,
            "stock": 0,
            "eps": 0
        },
        "2016": {
            "cash": 1,
            "stock": 0,
            "eps": 0
        },
        "2017": {
            "cash": 2.35,
            "stock": 0,
            "eps": 0
        },
        "2018": {
            "cash": 1,
            "stock": 0,
            "eps": 2.09
        },
        "2019": {
            "cash": 1,
            "stock": 0,
            "eps": 1.22
        },
        "2020": {
            "cash": 0.7,
            "stock": 0,
            "eps": 2.34
        },
        "2021": {
            "cash": 1.2,
            "stock": 0,
            "eps": 2
        },
        "2022": {
            "cash": 1,
            "stock": 0,
            "eps": 5
        },
        "2023": {
            "cash": 2.5,
            "stock": 0,
            "eps": 3.96
        }
    },
    "dividends": {
        "2015-08-28": {
            "cash": 0.1,
            "stock": 0
        },
        "2016-08-25": {
            "cash": 1,
            "stock": 0
        },
        "2017-08-25": {
            "cash": 2.35,
            "stock": 0
        },
        "2018-11-08": {
            "cash": 1,
            "stock": 0
        },
        "2019-09-10": {
            "cash": 1,
            "stock": 0
        },
        "2020-08-10": {
            "cash": 0.7,
            "stock": 0
        },
        "2021-10-20": {
            "cash": 1.2,
            "stock": 0
        },
        "2022-09-15": {
            "cash": 1,
            "stock": 0
        },
        "2023-10-16": {
            "cash": 2.5,
            "stock": 0
        }
    },
    "prices": {
        "200101": "無",
        "200102": "無",
        "200103": "無",
        "200104": "無",
        "200105": "無",
        "200106": "無",
        "200107": "無",
        "200108": "無",
        "200109": "無",
        "200110": "無",
        "200111": "無",
        "200112": "無",
        "200201": "無",
        "200202": "無",
        "200203": "無",
        "200204": "無",
        "200205": "無",
        "200206": "無",
        "200207": "無",
        "200208": "無",
        "200209": "無",
        "200210": "無",
        "200211": "無",
        "200212": "無",
        "200301": "無",
        "200302": "無",
        "200303": "無",
        "200304": "無",
        "200305": "無",
        "200306": "無",
        "200307": "無",
        "200308": "無",
        "200309": "無",
        "200310": "無",
        "200311": "無",
        "200312": "無",
        "200401": "無",
        "200402": "無",
        "200403": "無",
        "200404": "無",
        "200405": "23.71",
        "200406": "24.56",
        "200407": "22.72",
        "200408": "20.53",
        "200409": "14.70",
        "200410": "12.40",
        "200411": "10.28",
        "200412": "9.83",
        "200501": "9.94",
        "200502": "9.06",
        "200503": "8.54",
        "200504": "8.55",
        "200505": "8.53",
        "200506": "8.96",
        "200507": "8.50",
        "200508": "8.16",
        "200509": "6.43",
        "200510": "5.50",
        "200511": "4.27",
        "200512": "4.15",
        "200601": "7.52",
        "200602": "9.64",
        "200603": "7.03",
        "200604": "6.03",
        "200605": "5.81",
        "200606": "6.51",
        "200607": "8.48",
        "200608": "8.78",
        "200609": "9.86",
        "200610": "10.90",
        "200611": "10.74",
        "200612": "9.89",
        "200701": "11.80",
        "200702": "15.63",
        "200703": "19.55",
        "200704": "15.56",
        "200705": "14.11",
        "200706": "15.72",
        "200707": "27.12",
        "200708": "37.77",
        "200709": "33.82",
        "200710": "28.04",
        "200711": "27.42",
        "200712": "24.09",
        "200801": "20.61",
        "200802": "18.88",
        "200803": "20.68",
        "200804": "19.87",
        "200805": "18.64",
        "200806": "16.82",
        "200807": "12.17",
        "200808": "10.55",
        "200809": "9.17",
        "200810": "8.34",
        "200811": "7.57",
        "200812": "7.07",
        "200901": "6.58",
        "200902": "7.37",
        "200903": "7.11",
        "200904": "7.82",
        "200905": "5.96",
        "200906": "4.81",
        "200907": "6.31",
        "200908": "11.64",
        "200909": "11.38",
        "200910": "12.33",
        "200911": "14.74",
        "200912": "17.01",
        "201001": "15.77",
        "201002": "12.69",
        "201003": "12.39",
        "201004": "11.62",
        "201005": "11.35",
        "201006": "10.82",
        "201007": "11.47",
        "201008": "11.56",
        "201009": "12.38",
        "201010": "12.03",
        "201011": "12.69",
        "201012": "13.09",
        "201101": "12.75",
        "201102": "12.83",
        "201103": "12.77",
        "201104": "14.51",
        "201105": "17.20",
        "201106": "15.95",
        "201107": "14.15",
        "201108": "12.93",
        "201109": "12.30",
        "201110": "10.13",
        "201111": "9.52",
        "201112": "9.19",
        "201201": "8.95",
        "201202": "10.18",
        "201203": "11.64",
        "201204": "11.51",
        "201205": "11.19",
        "201206": "10.65",
        "201207": "10.44",
        "201208": "10.04",
        "201209": "8.50",
        "201210": "8.12",
        "201211": "8.04",
        "201212": "9.20",
        "201301": "8.54",
        "201302": "8.13",
        "201303": "7.86",
        "201304": "7.53",
        "201305": "7.56",
        "201306": "9.35",
        "201307": "8.31",
        "201308": "8.77",
        "201309": "8.83",
        "201310": "8.73",
        "201311": "8.18",
        "201312": "8.60",
        "201401": "9.19",
        "201402": "11.63",
        "201403": "16.01",
        "201404": "15.32",
        "201405": "14.84",
        "201406": "14.50",
        "201407": "15.76",
        "201408": "17.09",
        "201409": "15.49",
        "201410": "14.37",
        "201411": "14.26",
        "201412": "13.86",
        "201501": "15.00",
        "201502": "16.00",
        "201503": "17.14",
        "201504": "23.52",
        "201505": "23.62",
        "201506": "21.27",
        "201507": "23.61",
        "201508": "20.42",
        "201509": "19.71",
        "201510": "19.56",
        "201511": "21.82",
        "201512": "22.20",
        "201601": "20.77",
        "201602": "20.14",
        "201603": "20.07",
        "201604": "23.72",
        "201605": "21.42",
        "201606": "22.66",
        "201607": "25.35",
        "201608": "35.57",
        "201609": "39.87",
        "201610": "45.50",
        "201611": "45.21",
        "201612": "45.37",
        "201701": "45.48",
        "201702": "55.62",
        "201703": "75.77",
        "201704": "96.28",
        "201705": "86.52",
        "201706": "83.05",
        "201707": "68.24",
        "201708": "52.60",
        "201709": "56.18",
        "201710": "59.49",
        "201711": "48.40",
        "201712": "42.37",
        "201801": "38.50",
        "201802": "38.94",
        "201803": "45.53",
        "201804": "48.22",
        "201805": "44.05",
        "201806": "41.80",
        "201807": "39.75",
        "201808": "44.78",
        "201809": "40.46",
        "201810": "36.56",
        "201811": "30.46",
        "201812": "30.38",
        "201901": "28.91",
        "201902": "29.91",
        "201903": "30.76",
        "201904": "31.86",
        "201905": "29.15",
        "201906": "28.72",
        "201907": "28.76",
        "201908": "27.30",
        "201909": "28.10",
        "201910": "28.83",
        "201911": "28.45",
        "201912": "31.32",
        "202001": "43.44",
        "202002": "45.24",
        "202003": "34.07",
        "202004": "35.60",
        "202005": "45.75",
        "202006": "59.23",
        "202007": "54.51",
        "202008": "53.20",
        "202009": "54.12",
        "202010": "48.42",
        "202011": "48.32",
        "202012": "48.68",
        "202101": "52.59",
        "202102": "67.24",
        "202103": "86.45",
        "202104": "88.17",
        "202105": "68.85",
        "202106": "70.86",
        "202107": "78.37",
        "202108": "68.78",
        "202109": "68.55",
        "202110": "69.64",
        "202111": "77.99",
        "202112": "73.73",
        "202201": "70.67",
        "202202": "68.52",
        "202203": "65.66",
        "202204": "61.65",
        "202205": "55.09",
        "202206": "60.07",
        "202207": "56.16",
        "202208": "64.43",
        "202209": "66.66",
        "202210": "54.48",
        "202211": "60.25",
        "202212": "65.20",
        "202301": "66.47",
        "202302": "70.64",
        "202303": "75.63",
        "202304": "84.94",
        "202305": "86.64",
        "202306": "99.70",
        "202307": "95.42",
        "202308": "90.16",
        "202309": "90.14",
        "202310": "83.94",
        "202311": "85.42",
        "202312": "103.91"
    },
    "quarters": {
        "20011": {
            "year_quarter": 20011,
            "year": 2001,
            "quarter": 1,
            "eps": null,
            "eps_growth_year": null,
            "eps_4q": null,
            "eps_4q_growth_year": null,
            "roe": null,
            "roe_4q": 0,
            "gross_profit": null,
            "gross_margin": null,
            "gross_margin_4q_avg": 0,
            "net_income": null,
            "net_income_4q": null,
            "revenue": null,
            "revenue_4q": null,
            "common_shares": null,
            "book_valuer_per_share": null,
            "book_valuer_per_share_4q_avg": 0,
            "equity": null,
            "current_ratio": null,
            "debt_ratio": null,
            "inventory_turnover_ratio": null,
            "account_receivable_turnover_ratio": null,
            "reinvestment_rate": null,
            "research_to_sale_ratio": null,
            "price_fair": 0,
            "eps_avg_yearly": 0,
            "eps_latest_yearly": 0,
            "eps_growth_yearly": 0
        },
        "20012": {
            "year_quarter": 20012,
            "year": 2001,
            "quarter": 2,
            "eps": null,
            "eps_growth_year": null,
            "eps_4q": null,
            "eps_4q_growth_year": null,
            "roe": null,
            "roe_4q": 0,
            "gross_profit": null,
            "gross_margin": null,
            "gross_margin_4q_avg": 0,
            "net_income": null,
            "net_income_4q": null,
            "revenue": null,
            "revenue_4q": null,
            "common_shares": null,
            "book_valuer_per_share": null,
            "book_valuer_per_share_4q_avg": 0,
            "equity": null,
            "current_ratio": null,
            "debt_ratio": null,
            "inventory_turnover_ratio": null,
            "account_receivable_turnover_ratio": null,
            "reinvestment_rate": null,
            "research_to_sale_ratio": null,
            "price_fair": 0,
            "eps_avg_yearly": 0,
            "eps_latest_yearly": 0,
            "eps_growth_yearly": 0
        },
        "20013": {
            "year_quarter": 20013,
            "year": 2001,
            "quarter": 3,
            "eps": null,
            "eps_growth_year": null,
            "eps_4q": null,
            "eps_4q_growth_year": null,
            "roe": null,
            "roe_4q": 0,
            "gross_profit": null,
            "gross_margin": null,
            "gross_margin_4q_avg": 0,
            "net_income": null,
            "net_income_4q": null,
            "revenue": null,
            "revenue_4q": null,
            "common_shares": null,
            "book_valuer_per_share": null,
            "book_valuer_per_share_4q_avg": 0,
            "equity": null,
            "current_ratio": null,
            "debt_ratio": null,
            "inventory_turnover_ratio": null,
            "account_receivable_turnover_ratio": null,
            "reinvestment_rate": null,
            "research_to_sale_ratio": null,
            "price_fair": 0,
            "eps_avg_yearly": 0,
            "eps_latest_yearly": 0,
            "eps_growth_yearly": 0
        },
        "20014": {
            "year_quarter": 20014,
            "year": 2001,
            "quarter": 4,
            "eps": null,
            "eps_growth_year": null,
            "eps_4q": null,
            "eps_4q_growth_year": null,
            "roe": null,
            "roe_4q": 0,
            "gross_profit": null,
            "gross_margin": null,
            "gross_margin_4q_avg": 0,
            "net_income": null,
            "net_income_4q": null,
            "revenue": null,
            "revenue_4q": null,
            "common_shares": null,
            "book_valuer_per_share": null,
            "book_valuer_per_share_4q_avg": 0,
            "equity": null,
            "current_ratio": null,
            "debt_ratio": null,
            "inventory_turnover_ratio": null,
            "account_receivable_turnover_ratio": null,
            "reinvestment_rate": null,
            "research_to_sale_ratio": null,
            "price_fair": 0,
            "eps_avg_yearly": 0,
            "eps_latest_yearly": 0,
            "eps_growth_yearly": 0
        },
        "20021": {
            "year_quarter": 20021,
            "year": 2002,
            "quarter": 1,
            "eps": null,
            "eps_growth_year": null,
            "eps_4q": null,
            "eps_4q_growth_year": null,
            "roe": null,
            "roe_4q": 0,
            "gross_profit": null,
            "gross_margin": null,
            "gross_margin_4q_avg": 0,
            "net_income": null,
            "net_income_4q": null,
            "revenue": null,
            "revenue_4q": null,
            "common_shares": null,
            "book_valuer_per_share": null,
            "book_valuer_per_share_4q_avg": 0,
            "equity": null,
            "current_ratio": null,
            "debt_ratio": null,
            "inventory_turnover_ratio": null,
            "account_receivable_turnover_ratio": null,
            "reinvestment_rate": null,
            "research_to_sale_ratio": null,
            "price_fair": 0,
            "eps_avg_yearly": 0,
            "eps_latest_yearly": 0,
            "eps_growth_yearly": 0
        },
        "20022": {
            "year_quarter": 20022,
            "year": 2002,
            "quarter": 2,
            "eps": null,
            "eps_growth_year": null,
            "eps_4q": null,
            "eps_4q_growth_year": null,
            "roe": null,
            "roe_4q": 0,
            "gross_profit": null,
            "gross_margin": null,
            "gross_margin_4q_avg": 0,
            "net_income": null,
            "net_income_4q": null,
            "revenue": null,
            "revenue_4q": null,
            "common_shares": null,
            "book_valuer_per_share": null,
            "book_valuer_per_share_4q_avg": 0,
            "equity": null,
            "current_ratio": null,
            "debt_ratio": null,
            "inventory_turnover_ratio": null,
            "account_receivable_turnover_ratio": null,
            "reinvestment_rate": null,
            "research_to_sale_ratio": null,
            "price_fair": 0,
            "eps_avg_yearly": 0,
            "eps_latest_yearly": 0,
            "eps_growth_yearly": 0
        },
        "20023": {
            "year_quarter": 20023,
            "year": 2002,
            "quarter": 3,
            "eps": null,
            "eps_growth_year": null,
            "eps_4q": null,
            "eps_4q_growth_year": null,
            "roe": null,
            "roe_4q": 0,
            "gross_profit": null,
            "gross_margin": null,
            "gross_margin_4q_avg": 0,
            "net_income": null,
            "net_income_4q": null,
            "revenue": null,
            "revenue_4q": null,
            "common_shares": null,
            "book_valuer_per_share": null,
            "book_valuer_per_share_4q_avg": 0,
            "equity": null,
            "current_ratio": null,
            "debt_ratio": null,
            "inventory_turnover_ratio": null,
            "account_receivable_turnover_ratio": null,
            "reinvestment_rate": null,
            "research_to_sale_ratio": null,
            "price_fair": 0,
            "eps_avg_yearly": 0,
            "eps_latest_yearly": 0,
            "eps_growth_yearly": 0
        },
        "20024": {
            "year_quarter": 20024,
            "year": 2002,
            "quarter": 4,
            "eps": null,
            "eps_growth_year": null,
            "eps_4q": null,
            "eps_4q_growth_year": null,
            "roe": null,
            "roe_4q": 0,
            "gross_profit": null,
            "gross_margin": null,
            "gross_margin_4q_avg": 0,
            "net_income": null,
            "net_income_4q": null,
            "revenue": null,
            "revenue_4q": null,
            "common_shares": null,
            "book_valuer_per_share": null,
            "book_valuer_per_share_4q_avg": 0,
            "equity": null,
            "current_ratio": null,
            "debt_ratio": null,
            "inventory_turnover_ratio": null,
            "account_receivable_turnover_ratio": null,
            "reinvestment_rate": null,
            "research_to_sale_ratio": null,
            "price_fair": 0,
            "eps_avg_yearly": 0,
            "eps_latest_yearly": 0,
            "eps_growth_yearly": 0
        },
        "20031": {
            "year_quarter": 20031,
            "year": 2003,
            "quarter": 1,
            "eps": null,
            "eps_growth_year": null,
            "eps_4q": null,
            "eps_4q_growth_year": null,
            "roe": null,
            "roe_4q": 0,
            "gross_profit": null,
            "gross_margin": null,
            "gross_margin_4q_avg": 0,
            "net_income": null,
            "net_income_4q": null,
            "revenue": null,
            "revenue_4q": null,
            "common_shares": null,
            "book_valuer_per_share": null,
            "book_valuer_per_share_4q_avg": 0,
            "equity": null,
            "current_ratio": null,
            "debt_ratio": null,
            "inventory_turnover_ratio": null,
            "account_receivable_turnover_ratio": null,
            "reinvestment_rate": null,
            "research_to_sale_ratio": null,
            "price_fair": 0,
            "eps_avg_yearly": 0,
            "eps_latest_yearly": 0,
            "eps_growth_yearly": 0
        },
        "20032": {
            "year_quarter": 20032,
            "year": 2003,
            "quarter": 2,
            "eps": null,
            "eps_growth_year": null,
            "eps_4q": null,
            "eps_4q_growth_year": null,
            "roe": null,
            "roe_4q": 0,
            "gross_profit": null,
            "gross_margin": null,
            "gross_margin_4q_avg": 0,
            "net_income": null,
            "net_income_4q": null,
            "revenue": null,
            "revenue_4q": null,
            "common_shares": null,
            "book_valuer_per_share": null,
            "book_valuer_per_share_4q_avg": 0,
            "equity": null,
            "current_ratio": null,
            "debt_ratio": null,
            "inventory_turnover_ratio": null,
            "account_receivable_turnover_ratio": null,
            "reinvestment_rate": null,
            "research_to_sale_ratio": null,
            "price_fair": 0,
            "eps_avg_yearly": 0,
            "eps_latest_yearly": 0,
            "eps_growth_yearly": 0
        },
        "20033": {
            "year_quarter": 20033,
            "year": 2003,
            "quarter": 3,
            "eps": null,
            "eps_growth_year": null,
            "eps_4q": null,
            "eps_4q_growth_year": null,
            "roe": null,
            "roe_4q": 0,
            "gross_profit": null,
            "gross_margin": null,
            "gross_margin_4q_avg": 0,
            "net_income": null,
            "net_income_4q": null,
            "revenue": null,
            "revenue_4q": null,
            "common_shares": null,
            "book_valuer_per_share": null,
            "book_valuer_per_share_4q_avg": 0,
            "equity": null,
            "current_ratio": null,
            "debt_ratio": null,
            "inventory_turnover_ratio": null,
            "account_receivable_turnover_ratio": null,
            "reinvestment_rate": null,
            "research_to_sale_ratio": null,
            "price_fair": 0,
            "eps_avg_yearly": 0,
            "eps_latest_yearly": 0,
            "eps_growth_yearly": 0
        },
        "20034": {
            "year_quarter": 20034,
            "year": 2003,
            "quarter": 4,
            "eps": null,
            "eps_growth_year": null,
            "eps_4q": null,
            "eps_4q_growth_year": null,
            "roe": null,
            "roe_4q": 0,
            "gross_profit": null,
            "gross_margin": null,
            "gross_margin_4q_avg": 0,
            "net_income": null,
            "net_income_4q": null,
            "revenue": null,
            "revenue_4q": null,
            "common_shares": null,
            "book_valuer_per_share": null,
            "book_valuer_per_share_4q_avg": 0,
            "equity": null,
            "current_ratio": null,
            "debt_ratio": null,
            "inventory_turnover_ratio": null,
            "account_receivable_turnover_ratio": null,
            "reinvestment_rate": null,
            "research_to_sale_ratio": null,
            "price_fair": 0,
            "eps_avg_yearly": 0,
            "eps_latest_yearly": 0,
            "eps_growth_yearly": 0
        },
        "20041": {
            "year_quarter": 20041,
            "year": 2004,
            "quarter": 1,
            "eps": null,
            "eps_growth_year": null,
            "eps_4q": null,
            "eps_4q_growth_year": null,
            "roe": null,
            "roe_4q": 0,
            "gross_profit": null,
            "gross_margin": null,
            "gross_margin_4q_avg": 0,
            "net_income": null,
            "net_income_4q": null,
            "revenue": null,
            "revenue_4q": null,
            "common_shares": null,
            "book_valuer_per_share": null,
            "book_valuer_per_share_4q_avg": 0,
            "equity": null,
            "current_ratio": null,
            "debt_ratio": null,
            "inventory_turnover_ratio": null,
            "account_receivable_turnover_ratio": null,
            "reinvestment_rate": null,
            "research_to_sale_ratio": null,
            "price_fair": 0,
            "eps_avg_yearly": 0,
            "eps_latest_yearly": 0,
            "eps_growth_yearly": 0
        },
        "20042": {
            "year_quarter": 20042,
            "year": 2004,
            "quarter": 2,
            "eps": null,
            "eps_growth_year": null,
            "eps_4q": null,
            "eps_4q_growth_year": null,
            "roe": null,
            "roe_4q": 0,
            "gross_profit": null,
            "gross_margin": null,
            "gross_margin_4q_avg": 0,
            "net_income": null,
            "net_income_4q": null,
            "revenue": null,
            "revenue_4q": null,
            "common_shares": null,
            "book_valuer_per_share": null,
            "book_valuer_per_share_4q_avg": 0,
            "equity": null,
            "current_ratio": null,
            "debt_ratio": null,
            "inventory_turnover_ratio": null,
            "account_receivable_turnover_ratio": null,
            "reinvestment_rate": null,
            "research_to_sale_ratio": null,
            "price_fair": 0,
            "eps_avg_yearly": 0,
            "eps_latest_yearly": 0,
            "eps_growth_yearly": 0
        },
        "20043": {
            "year_quarter": 20043,
            "year": 2004,
            "quarter": 3,
            "eps": null,
            "eps_growth_year": null,
            "eps_4q": null,
            "eps_4q_growth_year": null,
            "roe": null,
            "roe_4q": 0,
            "gross_profit": null,
            "gross_margin": null,
            "gross_margin_4q_avg": 0,
            "net_income": null,
            "net_income_4q": null,
            "revenue": null,
            "revenue_4q": null,
            "common_shares": null,
            "book_valuer_per_share": null,
            "book_valuer_per_share_4q_avg": 0,
            "equity": null,
            "current_ratio": null,
            "debt_ratio": null,
            "inventory_turnover_ratio": null,
            "account_receivable_turnover_ratio": null,
            "reinvestment_rate": null,
            "research_to_sale_ratio": null,
            "price_fair": 0,
            "eps_avg_yearly": 0,
            "eps_latest_yearly": 0,
            "eps_growth_yearly": 0
        },
        "20044": {
            "year_quarter": 20044,
            "year": 2004,
            "quarter": 4,
            "eps": null,
            "eps_growth_year": null,
            "eps_4q": null,
            "eps_4q_growth_year": null,
            "roe": null,
            "roe_4q": 0,
            "gross_profit": null,
            "gross_margin": null,
            "gross_margin_4q_avg": 0,
            "net_income": null,
            "net_income_4q": null,
            "revenue": null,
            "revenue_4q": null,
            "common_shares": null,
            "book_valuer_per_share": null,
            "book_valuer_per_share_4q_avg": 0,
            "equity": null,
            "current_ratio": null,
            "debt_ratio": null,
            "inventory_turnover_ratio": null,
            "account_receivable_turnover_ratio": null,
            "reinvestment_rate": null,
            "research_to_sale_ratio": null,
            "price_fair": 0,
            "eps_avg_yearly": 0,
            "eps_latest_yearly": 0,
            "eps_growth_yearly": 0
        },
        "20051": {
            "year_quarter": 20051,
            "year": 2005,
            "quarter": 1,
            "eps": null,
            "eps_growth_year": null,
            "eps_4q": null,
            "eps_4q_growth_year": null,
            "roe": null,
            "roe_4q": 0,
            "gross_profit": null,
            "gross_margin": null,
            "gross_margin_4q_avg": 0,
            "net_income": null,
            "net_income_4q": null,
            "revenue": null,
            "revenue_4q": null,
            "common_shares": null,
            "book_valuer_per_share": null,
            "book_valuer_per_share_4q_avg": 0,
            "equity": null,
            "current_ratio": null,
            "debt_ratio": null,
            "inventory_turnover_ratio": null,
            "account_receivable_turnover_ratio": null,
            "reinvestment_rate": null,
            "research_to_sale_ratio": null,
            "price_fair": 0,
            "eps_avg_yearly": 0,
            "eps_latest_yearly": 0,
            "eps_growth_yearly": 0
        },
        "20052": {
            "year_quarter": 20052,
            "year": 2005,
            "quarter": 2,
            "eps": null,
            "eps_growth_year": null,
            "eps_4q": null,
            "eps_4q_growth_year": null,
            "roe": null,
            "roe_4q": 0,
            "gross_profit": null,
            "gross_margin": null,
            "gross_margin_4q_avg": 0,
            "net_income": null,
            "net_income_4q": null,
            "revenue": null,
            "revenue_4q": null,
            "common_shares": null,
            "book_valuer_per_share": null,
            "book_valuer_per_share_4q_avg": 0,
            "equity": null,
            "current_ratio": null,
            "debt_ratio": null,
            "inventory_turnover_ratio": null,
            "account_receivable_turnover_ratio": null,
            "reinvestment_rate": null,
            "research_to_sale_ratio": null,
            "price_fair": 0,
            "eps_avg_yearly": 0,
            "eps_latest_yearly": 0,
            "eps_growth_yearly": 0
        },
        "20053": {
            "year_quarter": 20053,
            "year": 2005,
            "quarter": 3,
            "eps": null,
            "eps_growth_year": null,
            "eps_4q": null,
            "eps_4q_growth_year": null,
            "roe": null,
            "roe_4q": 0,
            "gross_profit": null,
            "gross_margin": null,
            "gross_margin_4q_avg": 0,
            "net_income": null,
            "net_income_4q": null,
            "revenue": null,
            "revenue_4q": null,
            "common_shares": null,
            "book_valuer_per_share": null,
            "book_valuer_per_share_4q_avg": 0,
            "equity": null,
            "current_ratio": null,
            "debt_ratio": null,
            "inventory_turnover_ratio": null,
            "account_receivable_turnover_ratio": null,
            "reinvestment_rate": null,
            "research_to_sale_ratio": null,
            "price_fair": 0,
            "eps_avg_yearly": 0,
            "eps_latest_yearly": 0,
            "eps_growth_yearly": 0
        },
        "20054": {
            "year_quarter": 20054,
            "year": 2005,
            "quarter": 4,
            "eps": null,
            "eps_growth_year": null,
            "eps_4q": null,
            "eps_4q_growth_year": null,
            "roe": null,
            "roe_4q": 0,
            "gross_profit": null,
            "gross_margin": null,
            "gross_margin_4q_avg": 0,
            "net_income": null,
            "net_income_4q": null,
            "revenue": null,
            "revenue_4q": null,
            "common_shares": null,
            "book_valuer_per_share": null,
            "book_valuer_per_share_4q_avg": 0,
            "equity": null,
            "current_ratio": null,
            "debt_ratio": null,
            "inventory_turnover_ratio": null,
            "account_receivable_turnover_ratio": null,
            "reinvestment_rate": null,
            "research_to_sale_ratio": null,
            "price_fair": 0,
            "eps_avg_yearly": 0,
            "eps_latest_yearly": 0,
            "eps_growth_yearly": 0
        },
        "20061": {
            "year_quarter": 20061,
            "year": 2006,
            "quarter": 1,
            "eps": null,
            "eps_growth_year": null,
            "eps_4q": null,
            "eps_4q_growth_year": null,
            "roe": null,
            "roe_4q": 0,
            "gross_profit": null,
            "gross_margin": null,
            "gross_margin_4q_avg": 0,
            "net_income": null,
            "net_income_4q": null,
            "revenue": null,
            "revenue_4q": null,
            "common_shares": null,
            "book_valuer_per_share": null,
            "book_valuer_per_share_4q_avg": 0,
            "equity": null,
            "current_ratio": null,
            "debt_ratio": null,
            "inventory_turnover_ratio": null,
            "account_receivable_turnover_ratio": null,
            "reinvestment_rate": null,
            "research_to_sale_ratio": null,
            "price_fair": 0,
            "eps_avg_yearly": 0,
            "eps_latest_yearly": 0,
            "eps_growth_yearly": 0
        },
        "20062": {
            "year_quarter": 20062,
            "year": 2006,
            "quarter": 2,
            "eps": null,
            "eps_growth_year": null,
            "eps_4q": null,
            "eps_4q_growth_year": null,
            "roe": null,
            "roe_4q": 0,
            "gross_profit": null,
            "gross_margin": null,
            "gross_margin_4q_avg": 0,
            "net_income": null,
            "net_income_4q": null,
            "revenue": null,
            "revenue_4q": null,
            "common_shares": null,
            "book_valuer_per_share": null,
            "book_valuer_per_share_4q_avg": 0,
            "equity": null,
            "current_ratio": null,
            "debt_ratio": null,
            "inventory_turnover_ratio": null,
            "account_receivable_turnover_ratio": null,
            "reinvestment_rate": null,
            "research_to_sale_ratio": null,
            "price_fair": 0,
            "eps_avg_yearly": 0,
            "eps_latest_yearly": 0,
            "eps_growth_yearly": 0
        },
        "20063": {
            "year_quarter": 20063,
            "year": 2006,
            "quarter": 3,
            "eps": null,
            "eps_growth_year": null,
            "eps_4q": null,
            "eps_4q_growth_year": null,
            "roe": null,
            "roe_4q": 0,
            "gross_profit": null,
            "gross_margin": null,
            "gross_margin_4q_avg": 0,
            "net_income": null,
            "net_income_4q": null,
            "revenue": null,
            "revenue_4q": null,
            "common_shares": null,
            "book_valuer_per_share": null,
            "book_valuer_per_share_4q_avg": 0,
            "equity": null,
            "current_ratio": null,
            "debt_ratio": null,
            "inventory_turnover_ratio": null,
            "account_receivable_turnover_ratio": null,
            "reinvestment_rate": null,
            "research_to_sale_ratio": null,
            "price_fair": 0,
            "eps_avg_yearly": 0,
            "eps_latest_yearly": 0,
            "eps_growth_yearly": 0
        },
        "20064": {
            "year_quarter": 20064,
            "year": 2006,
            "quarter": 4,
            "eps": null,
            "eps_growth_year": null,
            "eps_4q": null,
            "eps_4q_growth_year": null,
            "roe": null,
            "roe_4q": 0,
            "gross_profit": null,
            "gross_margin": null,
            "gross_margin_4q_avg": 0,
            "net_income": null,
            "net_income_4q": null,
            "revenue": null,
            "revenue_4q": null,
            "common_shares": null,
            "book_valuer_per_share": null,
            "book_valuer_per_share_4q_avg": 0,
            "equity": null,
            "current_ratio": null,
            "debt_ratio": null,
            "inventory_turnover_ratio": null,
            "account_receivable_turnover_ratio": null,
            "reinvestment_rate": null,
            "research_to_sale_ratio": null,
            "price_fair": 0,
            "eps_avg_yearly": 0,
            "eps_latest_yearly": 0,
            "eps_growth_yearly": 0
        },
        "20071": {
            "year_quarter": 20071,
            "year": 2007,
            "quarter": 1,
            "eps": null,
            "eps_growth_year": null,
            "eps_4q": null,
            "eps_4q_growth_year": null,
            "roe": null,
            "roe_4q": 0,
            "gross_profit": null,
            "gross_margin": null,
            "gross_margin_4q_avg": 0,
            "net_income": null,
            "net_income_4q": null,
            "revenue": null,
            "revenue_4q": null,
            "common_shares": null,
            "book_valuer_per_share": null,
            "book_valuer_per_share_4q_avg": 0,
            "equity": null,
            "current_ratio": null,
            "debt_ratio": null,
            "inventory_turnover_ratio": null,
            "account_receivable_turnover_ratio": null,
            "reinvestment_rate": null,
            "research_to_sale_ratio": null,
            "price_fair": 0,
            "eps_avg_yearly": 0,
            "eps_latest_yearly": 0,
            "eps_growth_yearly": 0
        },
        "20072": {
            "year_quarter": 20072,
            "year": 2007,
            "quarter": 2,
            "eps": null,
            "eps_growth_year": null,
            "eps_4q": null,
            "eps_4q_growth_year": null,
            "roe": null,
            "roe_4q": 0,
            "gross_profit": null,
            "gross_margin": null,
            "gross_margin_4q_avg": 0,
            "net_income": null,
            "net_income_4q": null,
            "revenue": null,
            "revenue_4q": null,
            "common_shares": null,
            "book_valuer_per_share": null,
            "book_valuer_per_share_4q_avg": 0,
            "equity": null,
            "current_ratio": null,
            "debt_ratio": null,
            "inventory_turnover_ratio": null,
            "account_receivable_turnover_ratio": null,
            "reinvestment_rate": null,
            "research_to_sale_ratio": null,
            "price_fair": 0,
            "eps_avg_yearly": 0,
            "eps_latest_yearly": 0,
            "eps_growth_yearly": 0
        },
        "20073": {
            "year_quarter": 20073,
            "year": 2007,
            "quarter": 3,
            "eps": null,
            "eps_growth_year": null,
            "eps_4q": null,
            "eps_4q_growth_year": null,
            "roe": null,
            "roe_4q": 0,
            "gross_profit": null,
            "gross_margin": null,
            "gross_margin_4q_avg": 0,
            "net_income": null,
            "net_income_4q": null,
            "revenue": null,
            "revenue_4q": null,
            "common_shares": null,
            "book_valuer_per_share": null,
            "book_valuer_per_share_4q_avg": 0,
            "equity": null,
            "current_ratio": null,
            "debt_ratio": null,
            "inventory_turnover_ratio": null,
            "account_receivable_turnover_ratio": null,
            "reinvestment_rate": null,
            "research_to_sale_ratio": null,
            "price_fair": 0,
            "eps_avg_yearly": 0,
            "eps_latest_yearly": 0,
            "eps_growth_yearly": 0
        },
        "20074": {
            "year_quarter": 20074,
            "year": 2007,
            "quarter": 4,
            "eps": null,
            "eps_growth_year": null,
            "eps_4q": null,
            "eps_4q_growth_year": null,
            "roe": null,
            "roe_4q": 0,
            "gross_profit": null,
            "gross_margin": null,
            "gross_margin_4q_avg": 0,
            "net_income": null,
            "net_income_4q": null,
            "revenue": null,
            "revenue_4q": null,
            "common_shares": null,
            "book_valuer_per_share": null,
            "book_valuer_per_share_4q_avg": 0,
            "equity": null,
            "current_ratio": null,
            "debt_ratio": null,
            "inventory_turnover_ratio": null,
            "account_receivable_turnover_ratio": null,
            "reinvestment_rate": null,
            "research_to_sale_ratio": null,
            "price_fair": 0,
            "eps_avg_yearly": 0,
            "eps_latest_yearly": 0,
            "eps_growth_yearly": 0
        },
        "20081": {
            "year_quarter": 20081,
            "year": 2008,
            "quarter": 1,
            "eps": null,
            "eps_growth_year": null,
            "eps_4q": null,
            "eps_4q_growth_year": null,
            "roe": null,
            "roe_4q": 0,
            "gross_profit": null,
            "gross_margin": null,
            "gross_margin_4q_avg": 0,
            "net_income": null,
            "net_income_4q": null,
            "revenue": null,
            "revenue_4q": null,
            "common_shares": null,
            "book_valuer_per_share": null,
            "book_valuer_per_share_4q_avg": 0,
            "equity": null,
            "current_ratio": null,
            "debt_ratio": null,
            "inventory_turnover_ratio": null,
            "account_receivable_turnover_ratio": null,
            "reinvestment_rate": null,
            "research_to_sale_ratio": null,
            "price_fair": 0,
            "eps_avg_yearly": 0,
            "eps_latest_yearly": 0,
            "eps_growth_yearly": 0
        },
        "20082": {
            "year_quarter": 20082,
            "year": 2008,
            "quarter": 2,
            "eps": null,
            "eps_growth_year": null,
            "eps_4q": null,
            "eps_4q_growth_year": null,
            "roe": null,
            "roe_4q": 0,
            "gross_profit": null,
            "gross_margin": null,
            "gross_margin_4q_avg": 0,
            "net_income": null,
            "net_income_4q": null,
            "revenue": null,
            "revenue_4q": null,
            "common_shares": null,
            "book_valuer_per_share": null,
            "book_valuer_per_share_4q_avg": 0,
            "equity": null,
            "current_ratio": null,
            "debt_ratio": null,
            "inventory_turnover_ratio": null,
            "account_receivable_turnover_ratio": null,
            "reinvestment_rate": null,
            "research_to_sale_ratio": null,
            "price_fair": 0,
            "eps_avg_yearly": 0,
            "eps_latest_yearly": 0,
            "eps_growth_yearly": 0
        },
        "20083": {
            "year_quarter": 20083,
            "year": 2008,
            "quarter": 3,
            "eps": null,
            "eps_growth_year": null,
            "eps_4q": null,
            "eps_4q_growth_year": null,
            "roe": null,
            "roe_4q": 0,
            "gross_profit": null,
            "gross_margin": null,
            "gross_margin_4q_avg": 0,
            "net_income": null,
            "net_income_4q": null,
            "revenue": null,
            "revenue_4q": null,
            "common_shares": null,
            "book_valuer_per_share": null,
            "book_valuer_per_share_4q_avg": 0,
            "equity": null,
            "current_ratio": null,
            "debt_ratio": null,
            "inventory_turnover_ratio": null,
            "account_receivable_turnover_ratio": null,
            "reinvestment_rate": null,
            "research_to_sale_ratio": null,
            "price_fair": 0,
            "eps_avg_yearly": 0,
            "eps_latest_yearly": 0,
            "eps_growth_yearly": 0
        },
        "20084": {
            "year_quarter": 20084,
            "year": 2008,
            "quarter": 4,
            "eps": null,
            "eps_growth_year": null,
            "eps_4q": null,
            "eps_4q_growth_year": null,
            "roe": null,
            "roe_4q": 0,
            "gross_profit": null,
            "gross_margin": null,
            "gross_margin_4q_avg": 0,
            "net_income": null,
            "net_income_4q": null,
            "revenue": null,
            "revenue_4q": null,
            "common_shares": 299000,
            "book_valuer_per_share": null,
            "book_valuer_per_share_4q_avg": 0,
            "equity": 413645,
            "current_ratio": null,
            "debt_ratio": null,
            "inventory_turnover_ratio": null,
            "account_receivable_turnover_ratio": null,
            "reinvestment_rate": null,
            "research_to_sale_ratio": null,
            "price_fair": 0,
            "eps_avg_yearly": 0,
            "eps_latest_yearly": 0,
            "eps_growth_yearly": 0
        },
        "20091": {
            "year_quarter": 20091,
            "year": 2009,
            "quarter": 1,
            "eps": null,
            "eps_growth_year": null,
            "eps_4q": null,
            "eps_4q_growth_year": null,
            "roe": null,
            "roe_4q": 0,
            "gross_profit": null,
            "gross_margin": null,
            "gross_margin_4q_avg": 0,
            "net_income": null,
            "net_income_4q": null,
            "revenue": null,
            "revenue_4q": null,
            "common_shares": null,
            "book_valuer_per_share": null,
            "book_valuer_per_share_4q_avg": 0,
            "equity": null,
            "current_ratio": null,
            "debt_ratio": null,
            "inventory_turnover_ratio": null,
            "account_receivable_turnover_ratio": null,
            "reinvestment_rate": null,
            "research_to_sale_ratio": null,
            "price_fair": 0,
            "eps_avg_yearly": 0,
            "eps_latest_yearly": 0,
            "eps_growth_yearly": 0
        },
        "20092": {
            "year_quarter": 20092,
            "year": 2009,
            "quarter": 2,
            "eps": null,
            "eps_growth_year": null,
            "eps_4q": null,
            "eps_4q_growth_year": null,
            "roe": null,
            "roe_4q": 0,
            "gross_profit": null,
            "gross_margin": null,
            "gross_margin_4q_avg": 0,
            "net_income": null,
            "net_income_4q": null,
            "revenue": null,
            "revenue_4q": null,
            "common_shares": 299000,
            "book_valuer_per_share": null,
            "book_valuer_per_share_4q_avg": 0,
            "equity": 358479,
            "current_ratio": null,
            "debt_ratio": null,
            "inventory_turnover_ratio": null,
            "account_receivable_turnover_ratio": null,
            "reinvestment_rate": null,
            "research_to_sale_ratio": null,
            "price_fair": 0,
            "eps_avg_yearly": 0,
            "eps_latest_yearly": 0,
            "eps_growth_yearly": 0
        },
        "20093": {
            "year_quarter": 20093,
            "year": 2009,
            "quarter": 3,
            "eps": null,
            "eps_growth_year": null,
            "eps_4q": null,
            "eps_4q_growth_year": null,
            "roe": null,
            "roe_4q": 0,
            "gross_profit": null,
            "gross_margin": null,
            "gross_margin_4q_avg": 0,
            "net_income": null,
            "net_income_4q": null,
            "revenue": null,
            "revenue_4q": null,
            "common_shares": null,
            "book_valuer_per_share": null,
            "book_valuer_per_share_4q_avg": 0,
            "equity": null,
            "current_ratio": null,
            "debt_ratio": null,
            "inventory_turnover_ratio": null,
            "account_receivable_turnover_ratio": null,
            "reinvestment_rate": null,
            "research_to_sale_ratio": null,
            "price_fair": 0,
            "eps_avg_yearly": 0,
            "eps_latest_yearly": 0,
            "eps_growth_yearly": 0
        },
        "20094": {
            "year_quarter": 20094,
            "year": 2009,
            "quarter": 4,
            "eps": null,
            "eps_growth_year": null,
            "eps_4q": null,
            "eps_4q_growth_year": null,
            "roe": null,
            "roe_4q": 0,
            "gross_profit": null,
            "gross_margin": null,
            "gross_margin_4q_avg": 0,
            "net_income": null,
            "net_income_4q": null,
            "revenue": null,
            "revenue_4q": null,
            "common_shares": 329000,
            "book_valuer_per_share": 6.4,
            "book_valuer_per_share_4q_avg": 1.6,
            "equity": 350429,
            "current_ratio": 76.04,
            "debt_ratio": 69.68,
            "inventory_turnover_ratio": null,
            "account_receivable_turnover_ratio": null,
            "reinvestment_rate": null,
            "research_to_sale_ratio": null,
            "price_fair": 0,
            "eps_avg_yearly": 0,
            "eps_latest_yearly": 0,
            "eps_growth_yearly": 0
        },
        "20101": {
            "year_quarter": 20101,
            "year": 2010,
            "quarter": 1,
            "eps": null,
            "eps_growth_year": null,
            "eps_4q": null,
            "eps_4q_growth_year": null,
            "roe": null,
            "roe_4q": 0,
            "gross_profit": null,
            "gross_margin": null,
            "gross_margin_4q_avg": 0,
            "net_income": null,
            "net_income_4q": null,
            "revenue": null,
            "revenue_4q": null,
            "common_shares": null,
            "book_valuer_per_share": null,
            "book_valuer_per_share_4q_avg": 1.6,
            "equity": null,
            "current_ratio": null,
            "debt_ratio": null,
            "inventory_turnover_ratio": null,
            "account_receivable_turnover_ratio": null,
            "reinvestment_rate": null,
            "research_to_sale_ratio": null,
            "price_fair": 0,
            "eps_avg_yearly": 0,
            "eps_latest_yearly": 0,
            "eps_growth_yearly": 0
        },
        "20102": {
            "year_quarter": 20102,
            "year": 2010,
            "quarter": 2,
            "eps": null,
            "eps_growth_year": null,
            "eps_4q": null,
            "eps_4q_growth_year": null,
            "roe": null,
            "roe_4q": 0,
            "gross_profit": null,
            "gross_margin": null,
            "gross_margin_4q_avg": 0,
            "net_income": null,
            "net_income_4q": null,
            "revenue": null,
            "revenue_4q": null,
            "common_shares": 329000,
            "book_valuer_per_share": 7.13,
            "book_valuer_per_share_4q_avg": 3.38,
            "equity": 388996,
            "current_ratio": 82.54,
            "debt_ratio": 68.35,
            "inventory_turnover_ratio": null,
            "account_receivable_turnover_ratio": null,
            "reinvestment_rate": null,
            "research_to_sale_ratio": null,
            "price_fair": 0,
            "eps_avg_yearly": 0,
            "eps_latest_yearly": 0,
            "eps_growth_yearly": 0
        },
        "20103": {
            "year_quarter": 20103,
            "year": 2010,
            "quarter": 3,
            "eps": null,
            "eps_growth_year": null,
            "eps_4q": null,
            "eps_4q_growth_year": null,
            "roe": null,
            "roe_4q": 0,
            "gross_profit": null,
            "gross_margin": null,
            "gross_margin_4q_avg": 0,
            "net_income": null,
            "net_income_4q": null,
            "revenue": null,
            "revenue_4q": null,
            "common_shares": null,
            "book_valuer_per_share": null,
            "book_valuer_per_share_4q_avg": 3.38,
            "equity": null,
            "current_ratio": null,
            "debt_ratio": null,
            "inventory_turnover_ratio": null,
            "account_receivable_turnover_ratio": null,
            "reinvestment_rate": null,
            "research_to_sale_ratio": null,
            "price_fair": 0,
            "eps_avg_yearly": 0,
            "eps_latest_yearly": 0,
            "eps_growth_yearly": 0
        },
        "20104": {
            "year_quarter": 20104,
            "year": 2010,
            "quarter": 4,
            "eps": null,
            "eps_growth_year": null,
            "eps_4q": null,
            "eps_4q_growth_year": null,
            "roe": null,
            "roe_4q": 0,
            "gross_profit": null,
            "gross_margin": null,
            "gross_margin_4q_avg": 0,
            "net_income": null,
            "net_income_4q": null,
            "revenue": null,
            "revenue_4q": null,
            "common_shares": 329000,
            "book_valuer_per_share": 7.94,
            "book_valuer_per_share_4q_avg": 3.77,
            "equity": 432340,
            "current_ratio": 97.54,
            "debt_ratio": 64.91,
            "inventory_turnover_ratio": null,
            "account_receivable_turnover_ratio": null,
            "reinvestment_rate": null,
            "research_to_sale_ratio": null,
            "price_fair": 0,
            "eps_avg_yearly": 0,
            "eps_latest_yearly": 0,
            "eps_growth_yearly": 0
        },
        "20111": {
            "year_quarter": 20111,
            "year": 2011,
            "quarter": 1,
            "eps": null,
            "eps_growth_year": null,
            "eps_4q": null,
            "eps_4q_growth_year": null,
            "roe": null,
            "roe_4q": 0,
            "gross_profit": null,
            "gross_margin": null,
            "gross_margin_4q_avg": 0,
            "net_income": null,
            "net_income_4q": null,
            "revenue": null,
            "revenue_4q": null,
            "common_shares": null,
            "book_valuer_per_share": null,
            "book_valuer_per_share_4q_avg": 3.77,
            "equity": null,
            "current_ratio": null,
            "debt_ratio": null,
            "inventory_turnover_ratio": null,
            "account_receivable_turnover_ratio": null,
            "reinvestment_rate": null,
            "research_to_sale_ratio": null,
            "price_fair": 0,
            "eps_avg_yearly": 0,
            "eps_latest_yearly": 0,
            "eps_growth_yearly": 0
        },
        "20112": {
            "year_quarter": 20112,
            "year": 2011,
            "quarter": 2,
            "eps": null,
            "eps_growth_year": null,
            "eps_4q": null,
            "eps_4q_growth_year": null,
            "roe": null,
            "roe_4q": 0,
            "gross_profit": null,
            "gross_margin": null,
            "gross_margin_4q_avg": 0,
            "net_income": null,
            "net_income_4q": null,
            "revenue": null,
            "revenue_4q": null,
            "common_shares": 329000,
            "book_valuer_per_share": 8.72,
            "book_valuer_per_share_4q_avg": 4.17,
            "equity": 473598,
            "current_ratio": 97.75,
            "debt_ratio": 63.83,
            "inventory_turnover_ratio": null,
            "account_receivable_turnover_ratio": null,
            "reinvestment_rate": null,
            "research_to_sale_ratio": null,
            "price_fair": 0,
            "eps_avg_yearly": 0,
            "eps_latest_yearly": 0,
            "eps_growth_yearly": 0
        },
        "20113": {
            "year_quarter": 20113,
            "year": 2011,
            "quarter": 3,
            "eps": null,
            "eps_growth_year": null,
            "eps_4q": null,
            "eps_4q_growth_year": null,
            "roe": null,
            "roe_4q": 0,
            "gross_profit": null,
            "gross_margin": null,
            "gross_margin_4q_avg": 0,
            "net_income": null,
            "net_income_4q": null,
            "revenue": null,
            "revenue_4q": null,
            "common_shares": null,
            "book_valuer_per_share": null,
            "book_valuer_per_share_4q_avg": 4.17,
            "equity": null,
            "current_ratio": null,
            "debt_ratio": null,
            "inventory_turnover_ratio": null,
            "account_receivable_turnover_ratio": null,
            "reinvestment_rate": null,
            "research_to_sale_ratio": null,
            "price_fair": 0,
            "eps_avg_yearly": 0,
            "eps_latest_yearly": 0,
            "eps_growth_yearly": 0
        },
        "20114": {
            "year_quarter": 20114,
            "year": 2011,
            "quarter": 4,
            "eps": null,
            "eps_growth_year": null,
            "eps_4q": null,
            "eps_4q_growth_year": null,
            "roe": null,
            "roe_4q": 0,
            "gross_profit": null,
            "gross_margin": null,
            "gross_margin_4q_avg": 0,
            "net_income": null,
            "net_income_4q": null,
            "revenue": null,
            "revenue_4q": null,
            "common_shares": 329000,
            "book_valuer_per_share": 9.34,
            "book_valuer_per_share_4q_avg": 4.52,
            "equity": 509012,
            "current_ratio": 100.67,
            "debt_ratio": 59.49,
            "inventory_turnover_ratio": null,
            "account_receivable_turnover_ratio": null,
            "reinvestment_rate": null,
            "research_to_sale_ratio": null,
            "price_fair": 0,
            "eps_avg_yearly": 0,
            "eps_latest_yearly": 0,
            "eps_growth_yearly": 0
        },
        "20121": {
            "year_quarter": 20121,
            "year": 2012,
            "quarter": 1,
            "eps": null,
            "eps_growth_year": null,
            "eps_4q": null,
            "eps_4q_growth_year": null,
            "roe": null,
            "roe_4q": 0,
            "gross_profit": null,
            "gross_margin": null,
            "gross_margin_4q_avg": 0,
            "net_income": null,
            "net_income_4q": null,
            "revenue": null,
            "revenue_4q": null,
            "common_shares": null,
            "book_valuer_per_share": null,
            "book_valuer_per_share_4q_avg": 4.52,
            "equity": null,
            "current_ratio": null,
            "debt_ratio": null,
            "inventory_turnover_ratio": null,
            "account_receivable_turnover_ratio": null,
            "reinvestment_rate": null,
            "research_to_sale_ratio": null,
            "price_fair": 0,
            "eps_avg_yearly": 0,
            "eps_latest_yearly": 0,
            "eps_growth_yearly": 0
        },
        "20122": {
            "year_quarter": 20122,
            "year": 2012,
            "quarter": 2,
            "eps": null,
            "eps_growth_year": null,
            "eps_4q": null,
            "eps_4q_growth_year": null,
            "roe": null,
            "roe_4q": 0,
            "gross_profit": null,
            "gross_margin": null,
            "gross_margin_4q_avg": 0,
            "net_income": null,
            "net_income_4q": null,
            "revenue": null,
            "revenue_4q": null,
            "common_shares": 329000,
            "book_valuer_per_share": 9.43,
            "book_valuer_per_share_4q_avg": 4.69,
            "equity": 513488,
            "current_ratio": 101.17,
            "debt_ratio": 58.24,
            "inventory_turnover_ratio": null,
            "account_receivable_turnover_ratio": null,
            "reinvestment_rate": null,
            "research_to_sale_ratio": null,
            "price_fair": 0,
            "eps_avg_yearly": 0,
            "eps_latest_yearly": 0,
            "eps_growth_yearly": 0
        },
        "20123": {
            "year_quarter": 20123,
            "year": 2012,
            "quarter": 3,
            "eps": null,
            "eps_growth_year": null,
            "eps_4q": null,
            "eps_4q_growth_year": null,
            "roe": null,
            "roe_4q": 0,
            "gross_profit": null,
            "gross_margin": null,
            "gross_margin_4q_avg": 0,
            "net_income": null,
            "net_income_4q": null,
            "revenue": null,
            "revenue_4q": null,
            "common_shares": null,
            "book_valuer_per_share": null,
            "book_valuer_per_share_4q_avg": 4.69,
            "equity": null,
            "current_ratio": null,
            "debt_ratio": null,
            "inventory_turnover_ratio": null,
            "account_receivable_turnover_ratio": null,
            "reinvestment_rate": null,
            "research_to_sale_ratio": null,
            "price_fair": 0,
            "eps_avg_yearly": 0,
            "eps_latest_yearly": 0,
            "eps_growth_yearly": 0
        },
        "20124": {
            "year_quarter": 20124,
            "year": 2012,
            "quarter": 4,
            "eps": null,
            "eps_growth_year": null,
            "eps_4q": null,
            "eps_4q_growth_year": null,
            "roe": null,
            "roe_4q": 0,
            "gross_profit": null,
            "gross_margin": null,
            "gross_margin_4q_avg": 0,
            "net_income": null,
            "net_income_4q": null,
            "revenue": null,
            "revenue_4q": null,
            "common_shares": 329000,
            "book_valuer_per_share": 7.32,
            "book_valuer_per_share_4q_avg": 4.19,
            "equity": 253949,
            "current_ratio": 81.37,
            "debt_ratio": 78.88,
            "inventory_turnover_ratio": null,
            "account_receivable_turnover_ratio": null,
            "reinvestment_rate": null,
            "research_to_sale_ratio": null,
            "price_fair": 0,
            "eps_avg_yearly": 0,
            "eps_latest_yearly": 0,
            "eps_growth_yearly": 0
        },
        "20131": {
            "year_quarter": 20131,
            "year": 2013,
            "quarter": 1,
            "eps": null,
            "eps_growth_year": null,
            "eps_4q": null,
            "eps_4q_growth_year": null,
            "roe": null,
            "roe_4q": 0,
            "gross_profit": null,
            "gross_margin": null,
            "gross_margin_4q_avg": 0,
            "net_income": null,
            "net_income_4q": null,
            "revenue": null,
            "revenue_4q": null,
            "common_shares": null,
            "book_valuer_per_share": null,
            "book_valuer_per_share_4q_avg": 4.19,
            "equity": null,
            "current_ratio": null,
            "debt_ratio": null,
            "inventory_turnover_ratio": null,
            "account_receivable_turnover_ratio": null,
            "reinvestment_rate": null,
            "research_to_sale_ratio": null,
            "price_fair": 0,
            "eps_avg_yearly": 0,
            "eps_latest_yearly": 0,
            "eps_growth_yearly": 0
        },
        "20132": {
            "year_quarter": 20132,
            "year": 2013,
            "quarter": 2,
            "eps": null,
            "eps_growth_year": null,
            "eps_4q": null,
            "eps_4q_growth_year": null,
            "roe": null,
            "roe_4q": 0,
            "gross_profit": null,
            "gross_margin": null,
            "gross_margin_4q_avg": 0,
            "net_income": null,
            "net_income_4q": null,
            "revenue": null,
            "revenue_4q": null,
            "common_shares": 359000,
            "book_valuer_per_share": 7.07,
            "book_valuer_per_share_4q_avg": 3.6,
            "equity": 266243,
            "current_ratio": 82.72,
            "debt_ratio": 78.44,
            "inventory_turnover_ratio": null,
            "account_receivable_turnover_ratio": null,
            "reinvestment_rate": null,
            "research_to_sale_ratio": null,
            "price_fair": 0,
            "eps_avg_yearly": 0,
            "eps_latest_yearly": 0,
            "eps_growth_yearly": 0
        },
        "20133": {
            "year_quarter": 20133,
            "year": 2013,
            "quarter": 3,
            "eps": null,
            "eps_growth_year": null,
            "eps_4q": null,
            "eps_4q_growth_year": null,
            "roe": null,
            "roe_4q": 0,
            "gross_profit": null,
            "gross_margin": null,
            "gross_margin_4q_avg": 0,
            "net_income": null,
            "net_income_4q": null,
            "revenue": null,
            "revenue_4q": null,
            "common_shares": null,
            "book_valuer_per_share": null,
            "book_valuer_per_share_4q_avg": 3.6,
            "equity": null,
            "current_ratio": null,
            "debt_ratio": null,
            "inventory_turnover_ratio": null,
            "account_receivable_turnover_ratio": null,
            "reinvestment_rate": null,
            "research_to_sale_ratio": null,
            "price_fair": 0,
            "eps_avg_yearly": 0,
            "eps_latest_yearly": 0,
            "eps_growth_yearly": 0
        },
        "20134": {
            "year_quarter": 20134,
            "year": 2013,
            "quarter": 4,
            "eps": null,
            "eps_growth_year": null,
            "eps_4q": null,
            "eps_4q_growth_year": null,
            "roe": null,
            "roe_4q": 0,
            "gross_profit": null,
            "gross_margin": null,
            "gross_margin_4q_avg": 0,
            "net_income": null,
            "net_income_4q": null,
            "revenue": null,
            "revenue_4q": null,
            "common_shares": 359000,
            "book_valuer_per_share": 7.81,
            "book_valuer_per_share_4q_avg": 3.72,
            "equity": 292842,
            "current_ratio": 85.85,
            "debt_ratio": 76.32,
            "inventory_turnover_ratio": null,
            "account_receivable_turnover_ratio": null,
            "reinvestment_rate": null,
            "research_to_sale_ratio": null,
            "price_fair": 0,
            "eps_avg_yearly": 0,
            "eps_latest_yearly": 0,
            "eps_growth_yearly": 0
        },
        "20141": {
            "year_quarter": 20141,
            "year": 2014,
            "quarter": 1,
            "eps": null,
            "eps_growth_year": null,
            "eps_4q": null,
            "eps_4q_growth_year": null,
            "roe": null,
            "roe_4q": 0,
            "gross_profit": null,
            "gross_margin": null,
            "gross_margin_4q_avg": 0,
            "net_income": null,
            "net_income_4q": null,
            "revenue": null,
            "revenue_4q": null,
            "common_shares": null,
            "book_valuer_per_share": null,
            "book_valuer_per_share_4q_avg": 3.72,
            "equity": null,
            "current_ratio": null,
            "debt_ratio": null,
            "inventory_turnover_ratio": null,
            "account_receivable_turnover_ratio": null,
            "reinvestment_rate": null,
            "research_to_sale_ratio": null,
            "price_fair": 0,
            "eps_avg_yearly": 0,
            "eps_latest_yearly": 0,
            "eps_growth_yearly": 0
        },
        "20142": {
            "year_quarter": 20142,
            "year": 2014,
            "quarter": 2,
            "eps": null,
            "eps_growth_year": null,
            "eps_4q": null,
            "eps_4q_growth_year": null,
            "roe": null,
            "roe_4q": 0,
            "gross_profit": null,
            "gross_margin": null,
            "gross_margin_4q_avg": 0,
            "net_income": null,
            "net_income_4q": null,
            "revenue": null,
            "revenue_4q": null,
            "common_shares": 359000,
            "book_valuer_per_share": 8.13,
            "book_valuer_per_share_4q_avg": 3.99,
            "equity": 302849,
            "current_ratio": 79.95,
            "debt_ratio": 77.22,
            "inventory_turnover_ratio": null,
            "account_receivable_turnover_ratio": null,
            "reinvestment_rate": null,
            "research_to_sale_ratio": null,
            "price_fair": 0,
            "eps_avg_yearly": 0,
            "eps_latest_yearly": 0,
            "eps_growth_yearly": 0
        },
        "20143": {
            "year_quarter": 20143,
            "year": 2014,
            "quarter": 3,
            "eps": null,
            "eps_growth_year": null,
            "eps_4q": null,
            "eps_4q_growth_year": null,
            "roe": null,
            "roe_4q": 0,
            "gross_profit": null,
            "gross_margin": null,
            "gross_margin_4q_avg": 0,
            "net_income": null,
            "net_income_4q": null,
            "revenue": null,
            "revenue_4q": null,
            "common_shares": null,
            "book_valuer_per_share": null,
            "book_valuer_per_share_4q_avg": 3.99,
            "equity": null,
            "current_ratio": null,
            "debt_ratio": null,
            "inventory_turnover_ratio": null,
            "account_receivable_turnover_ratio": null,
            "reinvestment_rate": null,
            "research_to_sale_ratio": null,
            "price_fair": 0,
            "eps_avg_yearly": 0,
            "eps_latest_yearly": 0,
            "eps_growth_yearly": 0
        },
        "20144": {
            "year_quarter": 20144,
            "year": 2014,
            "quarter": 4,
            "eps": null,
            "eps_growth_year": null,
            "eps_4q": null,
            "eps_4q_growth_year": null,
            "roe": null,
            "roe_4q": 0,
            "gross_profit": null,
            "gross_margin": null,
            "gross_margin_4q_avg": 0,
            "net_income": null,
            "net_income_4q": null,
            "revenue": null,
            "revenue_4q": null,
            "common_shares": 359000,
            "book_valuer_per_share": 10.62,
            "book_valuer_per_share_4q_avg": 4.69,
            "equity": 392232,
            "current_ratio": 78.85,
            "debt_ratio": 71.08,
            "inventory_turnover_ratio": null,
            "account_receivable_turnover_ratio": null,
            "reinvestment_rate": null,
            "research_to_sale_ratio": null,
            "price_fair": 0,
            "eps_avg_yearly": 0,
            "eps_latest_yearly": 0,
            "eps_growth_yearly": 0
        },
        "20151": {
            "year_quarter": 20151,
            "year": 2015,
            "quarter": 1,
            "eps": null,
            "eps_growth_year": null,
            "eps_4q": null,
            "eps_4q_growth_year": null,
            "roe": null,
            "roe_4q": 0,
            "gross_profit": null,
            "gross_margin": null,
            "gross_margin_4q_avg": 0,
            "net_income": null,
            "net_income_4q": null,
            "revenue": null,
            "revenue_4q": null,
            "common_shares": null,
            "book_valuer_per_share": null,
            "book_valuer_per_share_4q_avg": 4.69,
            "equity": null,
            "current_ratio": null,
            "debt_ratio": null,
            "inventory_turnover_ratio": null,
            "account_receivable_turnover_ratio": null,
            "reinvestment_rate": null,
            "research_to_sale_ratio": null,
            "price_fair": 0,
            "eps_avg_yearly": 0,
            "eps_latest_yearly": 0,
            "eps_growth_yearly": 0
        },
        "20152": {
            "year_quarter": 20152,
            "year": 2015,
            "quarter": 2,
            "eps": null,
            "eps_growth_year": null,
            "eps_4q": null,
            "eps_4q_growth_year": null,
            "roe": null,
            "roe_4q": 0,
            "gross_profit": null,
            "gross_margin": null,
            "gross_margin_4q_avg": 0,
            "net_income": null,
            "net_income_4q": null,
            "revenue": null,
            "revenue_4q": null,
            "common_shares": 359000,
            "book_valuer_per_share": 10.84,
            "book_valuer_per_share_4q_avg": 5.37,
            "equity": 398605,
            "current_ratio": 91.36,
            "debt_ratio": 69.87,
            "inventory_turnover_ratio": null,
            "account_receivable_turnover_ratio": null,
            "reinvestment_rate": null,
            "research_to_sale_ratio": null,
            "price_fair": 0,
            "eps_avg_yearly": 0,
            "eps_latest_yearly": 0,
            "eps_growth_yearly": 0
        },
        "20153": {
            "year_quarter": 20153,
            "year": 2015,
            "quarter": 3,
            "eps": null,
            "eps_growth_year": null,
            "eps_4q": null,
            "eps_4q_growth_year": null,
            "roe": null,
            "roe_4q": 0,
            "gross_profit": null,
            "gross_margin": null,
            "gross_margin_4q_avg": 0,
            "net_income": null,
            "net_income_4q": null,
            "revenue": null,
            "revenue_4q": null,
            "common_shares": null,
            "book_valuer_per_share": null,
            "book_valuer_per_share_4q_avg": 5.37,
            "equity": null,
            "current_ratio": null,
            "debt_ratio": null,
            "inventory_turnover_ratio": null,
            "account_receivable_turnover_ratio": null,
            "reinvestment_rate": null,
            "research_to_sale_ratio": null,
            "price_fair": 0,
            "eps_avg_yearly": 0,
            "eps_latest_yearly": 0,
            "eps_growth_yearly": 0
        },
        "20154": {
            "year_quarter": 20154,
            "year": 2015,
            "quarter": 4,
            "eps": null,
            "eps_growth_year": null,
            "eps_4q": null,
            "eps_4q_growth_year": null,
            "roe": null,
            "roe_4q": 0,
            "gross_profit": null,
            "gross_margin": null,
            "gross_margin_4q_avg": 0,
            "net_income": null,
            "net_income_4q": null,
            "revenue": null,
            "revenue_4q": null,
            "common_shares": 359000,
            "book_valuer_per_share": 12.13,
            "book_valuer_per_share_4q_avg": 5.74,
            "equity": 444375,
            "current_ratio": 91.66,
            "debt_ratio": 67.88,
            "inventory_turnover_ratio": null,
            "account_receivable_turnover_ratio": null,
            "reinvestment_rate": null,
            "research_to_sale_ratio": null,
            "price_fair": 0,
            "eps_avg_yearly": 0,
            "eps_latest_yearly": 0,
            "eps_growth_yearly": 0
        },
        "20161": {
            "year_quarter": 20161,
            "year": 2016,
            "quarter": 1,
            "eps": null,
            "eps_growth_year": null,
            "eps_4q": null,
            "eps_4q_growth_year": null,
            "roe": null,
            "roe_4q": 0,
            "gross_profit": null,
            "gross_margin": null,
            "gross_margin_4q_avg": 0,
            "net_income": null,
            "net_income_4q": null,
            "revenue": null,
            "revenue_4q": null,
            "common_shares": null,
            "book_valuer_per_share": null,
            "book_valuer_per_share_4q_avg": 5.74,
            "equity": null,
            "current_ratio": null,
            "debt_ratio": null,
            "inventory_turnover_ratio": null,
            "account_receivable_turnover_ratio": null,
            "reinvestment_rate": null,
            "research_to_sale_ratio": null,
            "price_fair": 0,
            "eps_avg_yearly": 0,
            "eps_latest_yearly": 0,
            "eps_growth_yearly": 0
        },
        "20162": {
            "year_quarter": 20162,
            "year": 2016,
            "quarter": 2,
            "eps": null,
            "eps_growth_year": null,
            "eps_4q": null,
            "eps_4q_growth_year": null,
            "roe": null,
            "roe_4q": 0,
            "gross_profit": null,
            "gross_margin": null,
            "gross_margin_4q_avg": 0,
            "net_income": null,
            "net_income_4q": null,
            "revenue": null,
            "revenue_4q": null,
            "common_shares": 397500,
            "book_valuer_per_share": 13.71,
            "book_valuer_per_share_4q_avg": 6.46,
            "equity": 552714,
            "current_ratio": 105.33,
            "debt_ratio": 62.1,
            "inventory_turnover_ratio": null,
            "account_receivable_turnover_ratio": null,
            "reinvestment_rate": null,
            "research_to_sale_ratio": null,
            "price_fair": 0,
            "eps_avg_yearly": 0,
            "eps_latest_yearly": 0,
            "eps_growth_yearly": 0
        },
        "20163": {
            "year_quarter": 20163,
            "year": 2016,
            "quarter": 3,
            "eps": null,
            "eps_growth_year": null,
            "eps_4q": null,
            "eps_4q_growth_year": null,
            "roe": null,
            "roe_4q": 0,
            "gross_profit": null,
            "gross_margin": null,
            "gross_margin_4q_avg": 0,
            "net_income": null,
            "net_income_4q": null,
            "revenue": null,
            "revenue_4q": null,
            "common_shares": null,
            "book_valuer_per_share": null,
            "book_valuer_per_share_4q_avg": 6.46,
            "equity": null,
            "current_ratio": null,
            "debt_ratio": null,
            "inventory_turnover_ratio": null,
            "account_receivable_turnover_ratio": null,
            "reinvestment_rate": null,
            "research_to_sale_ratio": null,
            "price_fair": 0,
            "eps_avg_yearly": 0,
            "eps_latest_yearly": 0,
            "eps_growth_yearly": 0
        },
        "20164": {
            "year_quarter": 20164,
            "year": 2016,
            "quarter": 4,
            "eps": null,
            "eps_growth_year": null,
            "eps_4q": null,
            "eps_4q_growth_year": null,
            "roe": null,
            "roe_4q": 0,
            "gross_profit": null,
            "gross_margin": null,
            "gross_margin_4q_avg": 0,
            "net_income": null,
            "net_income_4q": null,
            "revenue": null,
            "revenue_4q": null,
            "common_shares": 397500,
            "book_valuer_per_share": 16.97,
            "book_valuer_per_share_4q_avg": 7.67,
            "equity": 681740,
            "current_ratio": 116.08,
            "debt_ratio": 55.28,
            "inventory_turnover_ratio": null,
            "account_receivable_turnover_ratio": null,
            "reinvestment_rate": null,
            "research_to_sale_ratio": null,
            "price_fair": 0,
            "eps_avg_yearly": 0,
            "eps_latest_yearly": 0,
            "eps_growth_yearly": 0
        },
        "20171": {
            "year_quarter": 20171,
            "year": 2017,
            "quarter": 1,
            "eps": null,
            "eps_growth_year": null,
            "eps_4q": null,
            "eps_4q_growth_year": null,
            "roe": null,
            "roe_4q": 0,
            "gross_profit": null,
            "gross_margin": null,
            "gross_margin_4q_avg": 0,
            "net_income": null,
            "net_income_4q": null,
            "revenue": null,
            "revenue_4q": null,
            "common_shares": null,
            "book_valuer_per_share": null,
            "book_valuer_per_share_4q_avg": 7.67,
            "equity": null,
            "current_ratio": null,
            "debt_ratio": null,
            "inventory_turnover_ratio": null,
            "account_receivable_turnover_ratio": null,
            "reinvestment_rate": null,
            "research_to_sale_ratio": null,
            "price_fair": 0,
            "eps_avg_yearly": 0,
            "eps_latest_yearly": 0,
            "eps_growth_yearly": 0
        },
        "20172": {
            "year_quarter": 20172,
            "year": 2017,
            "quarter": 2,
            "eps": null,
            "eps_growth_year": null,
            "eps_4q": null,
            "eps_4q_growth_year": null,
            "roe": null,
            "roe_4q": 0,
            "gross_profit": null,
            "gross_margin": null,
            "gross_margin_4q_avg": 0,
            "net_income": null,
            "net_income_4q": null,
            "revenue": null,
            "revenue_4q": null,
            "common_shares": 397500,
            "book_valuer_per_share": 15.83,
            "book_valuer_per_share_4q_avg": 8.2,
            "equity": 636268,
            "current_ratio": 91.47,
            "debt_ratio": 57.77,
            "inventory_turnover_ratio": null,
            "account_receivable_turnover_ratio": null,
            "reinvestment_rate": null,
            "research_to_sale_ratio": null,
            "price_fair": 0,
            "eps_avg_yearly": 0,
            "eps_latest_yearly": 0,
            "eps_growth_yearly": 0
        },
        "20173": {
            "year_quarter": 20173,
            "year": 2017,
            "quarter": 3,
            "eps": null,
            "eps_growth_year": null,
            "eps_4q": null,
            "eps_4q_growth_year": null,
            "roe": null,
            "roe_4q": 0,
            "gross_profit": null,
            "gross_margin": null,
            "gross_margin_4q_avg": 0,
            "net_income": null,
            "net_income_4q": null,
            "revenue": null,
            "revenue_4q": null,
            "common_shares": null,
            "book_valuer_per_share": null,
            "book_valuer_per_share_4q_avg": 8.2,
            "equity": null,
            "current_ratio": null,
            "debt_ratio": null,
            "inventory_turnover_ratio": null,
            "account_receivable_turnover_ratio": null,
            "reinvestment_rate": null,
            "research_to_sale_ratio": null,
            "price_fair": 0,
            "eps_avg_yearly": 0,
            "eps_latest_yearly": 0,
            "eps_growth_yearly": 0
        },
        "20174": {
            "year_quarter": 20174,
            "year": 2017,
            "quarter": 4,
            "eps": null,
            "eps_growth_year": null,
            "eps_4q": null,
            "eps_4q_growth_year": null,
            "roe": null,
            "roe_4q": 0,
            "gross_profit": null,
            "gross_margin": null,
            "gross_margin_4q_avg": 0,
            "net_income": null,
            "net_income_4q": null,
            "revenue": null,
            "revenue_4q": null,
            "common_shares": 397500,
            "book_valuer_per_share": 16.77,
            "book_valuer_per_share_4q_avg": 8.15,
            "equity": 673808,
            "current_ratio": 91.78,
            "debt_ratio": 59.03,
            "inventory_turnover_ratio": null,
            "account_receivable_turnover_ratio": null,
            "reinvestment_rate": null,
            "research_to_sale_ratio": null,
            "price_fair": 0,
            "eps_avg_yearly": 0,
            "eps_latest_yearly": 0,
            "eps_growth_yearly": 0
        },
        "20181": {
            "year_quarter": 20181,
            "year": 2018,
            "quarter": 1,
            "eps": 0.39,
            "eps_growth_year": null,
            "eps_4q": null,
            "eps_4q_growth_year": null,
            "roe": 2.29,
            "roe_4q": 2.29,
            "gross_profit": 68893,
            "gross_margin": 24.32,
            "gross_margin_4q_avg": 6.08,
            "net_income": 15579,
            "net_income_4q": null,
            "revenue": 283248,
            "revenue_4q": null,
            "common_shares": 397500,
            "book_valuer_per_share": 17.17,
            "book_valuer_per_share_4q_avg": 12.44,
            "equity": 689747,
            "current_ratio": 90.31,
            "debt_ratio": 59.05,
            "inventory_turnover_ratio": 1.56,
            "account_receivable_turnover_ratio": 1.48,
            "reinvestment_rate": null,
            "research_to_sale_ratio": 3.41,
            "price_fair": 0,
            "eps_avg_yearly": 0,
            "eps_latest_yearly": 0,
            "eps_growth_yearly": 0
        },
        "20182": {
            "year_quarter": 20182,
            "year": 2018,
            "quarter": 2,
            "eps": 0.74,
            "eps_growth_year": null,
            "eps_4q": null,
            "eps_4q_growth_year": null,
            "roe": 4.15,
            "roe_4q": 6.44,
            "gross_profit": 63129,
            "gross_margin": 21.92,
            "gross_margin_4q_avg": 11.56,
            "net_income": 29002,
            "net_income_4q": null,
            "revenue": 288006,
            "revenue_4q": null,
            "common_shares": 397500,
            "book_valuer_per_share": 16.9,
            "book_valuer_per_share_4q_avg": 12.71,
            "equity": 708792,
            "current_ratio": 82.26,
            "debt_ratio": 62.78,
            "inventory_turnover_ratio": 1.79,
            "account_receivable_turnover_ratio": 1.52,
            "reinvestment_rate": null,
            "research_to_sale_ratio": 3.47,
            "price_fair": 103.6,
            "eps_avg_yearly": 2.96,
            "eps_latest_yearly": 2.96,
            "eps_growth_yearly": 358.97
        },
        "20183": {
            "year_quarter": 20183,
            "year": 2018,
            "quarter": 3,
            "eps": 0.51,
            "eps_growth_year": null,
            "eps_4q": null,
            "eps_4q_growth_year": null,
            "roe": 2.8,
            "roe_4q": 9.24,
            "gross_profit": 67034,
            "gross_margin": 25.07,
            "gross_margin_4q_avg": 17.83,
            "net_income": 20101,
            "net_income_4q": null,
            "revenue": 267346,
            "revenue_4q": null,
            "common_shares": 397500,
            "book_valuer_per_share": 17.4,
            "book_valuer_per_share_4q_avg": 17.06,
            "equity": 728034,
            "current_ratio": 75.42,
            "debt_ratio": 62.87,
            "inventory_turnover_ratio": 1.53,
            "account_receivable_turnover_ratio": 1.28,
            "reinvestment_rate": null,
            "research_to_sale_ratio": 2.73,
            "price_fair": 87.5,
            "eps_avg_yearly": 2.5,
            "eps_latest_yearly": 2.04,
            "eps_growth_yearly": 117.33
        },
        "20184": {
            "year_quarter": 20184,
            "year": 2018,
            "quarter": 4,
            "eps": 0.45,
            "eps_growth_year": null,
            "eps_4q": 1.9,
            "eps_4q_growth_year": null,
            "roe": 2.34,
            "roe_4q": 11.579999999999998,
            "gross_profit": 59733,
            "gross_margin": 24.74,
            "gross_margin_4q_avg": 24.01,
            "net_income": 19090,
            "net_income_4q": null,
            "revenue": 241402,
            "revenue_4q": null,
            "common_shares": 450500,
            "book_valuer_per_share": 19.25,
            "book_valuer_per_share_4q_avg": 17.68,
            "equity": 902067,
            "current_ratio": 80.9,
            "debt_ratio": 55.31,
            "inventory_turnover_ratio": 1.22,
            "account_receivable_turnover_ratio": 1.24,
            "reinvestment_rate": null,
            "research_to_sale_ratio": 4.69,
            "price_fair": 79.33,
            "eps_avg_yearly": 2.27,
            "eps_latest_yearly": 1.8,
            "eps_growth_yearly": 62.53
        },
        "20191": {
            "year_quarter": 20191,
            "year": 2019,
            "quarter": 1,
            "eps": 0.4,
            "eps_growth_year": 2.56,
            "eps_4q": 1.96,
            "eps_4q_growth_year": null,
            "roe": 1.9,
            "roe_4q": 11.190000000000001,
            "gross_profit": 61872,
            "gross_margin": 22.5,
            "gross_margin_4q_avg": 23.56,
            "net_income": 17302,
            "net_income_4q": null,
            "revenue": 274960,
            "revenue_4q": null,
            "common_shares": 450500,
            "book_valuer_per_share": 19.65,
            "book_valuer_per_share_4q_avg": 18.3,
            "equity": 919956,
            "current_ratio": 80.84,
            "debt_ratio": 59.2,
            "inventory_turnover_ratio": 1.33,
            "account_receivable_turnover_ratio": 1.42,
            "reinvestment_rate": null,
            "research_to_sale_ratio": 2.19,
            "price_fair": 73.5,
            "eps_avg_yearly": 2.1,
            "eps_latest_yearly": 1.6,
            "eps_growth_yearly": 35.79
        },
        "20192": {
            "year_quarter": 20192,
            "year": 2019,
            "quarter": 2,
            "eps": 0.35,
            "eps_growth_year": -52.7,
            "eps_4q": 1.66,
            "eps_4q_growth_year": null,
            "roe": 1.67,
            "roe_4q": 8.71,
            "gross_profit": 58935,
            "gross_margin": 23.2,
            "gross_margin_4q_avg": 23.88,
            "net_income": 15067,
            "net_income_4q": null,
            "revenue": 253989,
            "revenue_4q": null,
            "common_shares": 450500,
            "book_valuer_per_share": 19,
            "book_valuer_per_share_4q_avg": 18.83,
            "equity": 889614,
            "current_ratio": 78.22,
            "debt_ratio": 60.17,
            "inventory_turnover_ratio": 1.18,
            "account_receivable_turnover_ratio": 1.17,
            "reinvestment_rate": null,
            "research_to_sale_ratio": 3.67,
            "price_fair": 56.11,
            "eps_avg_yearly": 1.96,
            "eps_latest_yearly": 1.4,
            "eps_growth_yearly": 18.63
        },
        "20193": {
            "year_quarter": 20193,
            "year": 2019,
            "quarter": 3,
            "eps": 0.41,
            "eps_growth_year": -19.61,
            "eps_4q": 1.62,
            "eps_4q_growth_year": null,
            "roe": 1.98,
            "roe_4q": 7.89,
            "gross_profit": 69433,
            "gross_margin": 25.24,
            "gross_margin_4q_avg": 23.92,
            "net_income": 17795,
            "net_income_4q": null,
            "revenue": 275077,
            "revenue_4q": null,
            "common_shares": 450500,
            "book_valuer_per_share": 19.4,
            "book_valuer_per_share_4q_avg": 19.33,
            "equity": 906556,
            "current_ratio": 90.23,
            "debt_ratio": 59.8,
            "inventory_turnover_ratio": 1.12,
            "account_receivable_turnover_ratio": 1.1,
            "reinvestment_rate": null,
            "research_to_sale_ratio": 3.83,
            "price_fair": 66.73,
            "eps_avg_yearly": 1.91,
            "eps_latest_yearly": 1.64,
            "eps_growth_yearly": 26.95
        },
        "20194": {
            "year_quarter": 20194,
            "year": 2019,
            "quarter": 4,
            "eps": 0.06,
            "eps_growth_year": -87.84,
            "eps_4q": 1.22,
            "eps_4q_growth_year": -36.03,
            "roe": 0.32,
            "roe_4q": 5.869999999999999,
            "gross_profit": 69118,
            "gross_margin": 23.65,
            "gross_margin_4q_avg": 23.65,
            "net_income": 2865,
            "net_income_4q": null,
            "revenue": 292244,
            "revenue_4q": null,
            "common_shares": 450500,
            "book_valuer_per_share": 19.43,
            "book_valuer_per_share_4q_avg": 19.37,
            "equity": 908050,
            "current_ratio": 94.71,
            "debt_ratio": 59.63,
            "inventory_turnover_ratio": 1.06,
            "account_receivable_turnover_ratio": 1.11,
            "reinvestment_rate": null,
            "research_to_sale_ratio": 4.03,
            "price_fair": 5.01,
            "eps_avg_yearly": 1.67,
            "eps_latest_yearly": 0.24,
            "eps_growth_yearly": -25.68
        },
        "20201": {
            "year_quarter": 20201,
            "year": 2020,
            "quarter": 1,
            "eps": 0.68,
            "eps_growth_year": 70,
            "eps_4q": 1.5,
            "eps_4q_growth_year": -23.62,
            "roe": 3.45,
            "roe_4q": 7.42,
            "gross_profit": 85224,
            "gross_margin": 26.84,
            "gross_margin_4q_avg": 24.73,
            "net_income": 31886,
            "net_income_4q": null,
            "revenue": 317486,
            "revenue_4q": null,
            "common_shares": 450500,
            "book_valuer_per_share": 20.1,
            "book_valuer_per_share_4q_avg": 19.48,
            "equity": 939839,
            "current_ratio": 105.97,
            "debt_ratio": 59.37,
            "inventory_turnover_ratio": 1.01,
            "account_receivable_turnover_ratio": 1.24,
            "reinvestment_rate": null,
            "research_to_sale_ratio": 5.21,
            "price_fair": 63,
            "eps_avg_yearly": 1.8,
            "eps_latest_yearly": 2.72,
            "eps_growth_yearly": 494.2
        },
        "20202": {
            "year_quarter": 20202,
            "year": 2020,
            "quarter": 2,
            "eps": 0.83,
            "eps_growth_year": 137.14,
            "eps_4q": 1.97,
            "eps_4q_growth_year": 19.16,
            "roe": 3.9,
            "roe_4q": 9.65,
            "gross_profit": 102208,
            "gross_margin": 28.21,
            "gross_margin_4q_avg": 25.99,
            "net_income": 36789,
            "net_income_4q": null,
            "revenue": 362269,
            "revenue_4q": null,
            "common_shares": 450500,
            "book_valuer_per_share": 20.22,
            "book_valuer_per_share_4q_avg": 19.79,
            "equity": 944758,
            "current_ratio": 116.31,
            "debt_ratio": 59.3,
            "inventory_turnover_ratio": 1.16,
            "account_receivable_turnover_ratio": 1.33,
            "reinvestment_rate": null,
            "research_to_sale_ratio": 2.55,
            "price_fair": 68.91,
            "eps_avg_yearly": 1.97,
            "eps_latest_yearly": 3.32,
            "eps_growth_yearly": 449.09
        },
        "20203": {
            "year_quarter": 20203,
            "year": 2020,
            "quarter": 3,
            "eps": 0.52,
            "eps_growth_year": 26.83,
            "eps_4q": 2.08,
            "eps_4q_growth_year": 28.95,
            "roe": 2.4,
            "roe_4q": 10.07,
            "gross_profit": 78723,
            "gross_margin": 27.32,
            "gross_margin_4q_avg": 26.51,
            "net_income": 22987,
            "net_income_4q": null,
            "revenue": 288172,
            "revenue_4q": null,
            "common_shares": 450500,
            "book_valuer_per_share": 20.75,
            "book_valuer_per_share_4q_avg": 20.13,
            "equity": 968115,
            "current_ratio": 137.35,
            "debt_ratio": 58.05,
            "inventory_turnover_ratio": 0.93,
            "account_receivable_turnover_ratio": 1.22,
            "reinvestment_rate": null,
            "research_to_sale_ratio": 2.52,
            "price_fair": 69.3,
            "eps_avg_yearly": 1.98,
            "eps_latest_yearly": 2.08,
            "eps_growth_yearly": 389.24
        },
        "20204": {
            "year_quarter": 20204,
            "year": 2020,
            "quarter": 4,
            "eps": 0.31,
            "eps_growth_year": 471.44,
            "eps_4q": 2.34,
            "eps_4q_growth_year": 92.43,
            "roe": 1.39,
            "roe_4q": 11.14,
            "gross_profit": 68874,
            "gross_margin": 23.25,
            "gross_margin_4q_avg": 26.41,
            "net_income": 13608,
            "net_income_4q": null,
            "revenue": 296237,
            "revenue_4q": null,
            "common_shares": 450500,
            "book_valuer_per_share": 21.11,
            "book_valuer_per_share_4q_avg": 20.55,
            "equity": 984311,
            "current_ratio": 129.63,
            "debt_ratio": 56.56,
            "inventory_turnover_ratio": 0.94,
            "account_receivable_turnover_ratio": 1.39,
            "reinvestment_rate": null,
            "research_to_sale_ratio": 3.06,
            "price_fair": 66.95,
            "eps_avg_yearly": 1.91,
            "eps_latest_yearly": 1.24,
            "eps_growth_yearly": 339.17
        },
        "20211": {
            "year_quarter": 20211,
            "year": 2021,
            "quarter": 1,
            "eps": 0.42,
            "eps_growth_year": -38.24,
            "eps_4q": 2.08,
            "eps_4q_growth_year": 39.21,
            "roe": 1.91,
            "roe_4q": 9.6,
            "gross_profit": 59062,
            "gross_margin": 19.89,
            "gross_margin_4q_avg": 24.67,
            "net_income": 19017,
            "net_income_4q": null,
            "revenue": 296930,
            "revenue_4q": null,
            "common_shares": 450500,
            "book_valuer_per_share": 21.52,
            "book_valuer_per_share_4q_avg": 20.9,
            "equity": 1003265,
            "current_ratio": 136.83,
            "debt_ratio": 57.1,
            "inventory_turnover_ratio": 0.94,
            "account_receivable_turnover_ratio": 1.18,
            "reinvestment_rate": null,
            "research_to_sale_ratio": 3.02,
            "price_fair": 66.27,
            "eps_avg_yearly": 1.89,
            "eps_latest_yearly": 1.68,
            "eps_growth_yearly": 322.74
        },
        "20212": {
            "year_quarter": 20212,
            "year": 2021,
            "quarter": 2,
            "eps": 0.43,
            "eps_growth_year": -48.19,
            "eps_4q": 1.69,
            "eps_4q_growth_year": -14.62,
            "roe": 2.11,
            "roe_4q": 7.809999999999999,
            "gross_profit": 77465,
            "gross_margin": 20.97,
            "gross_margin_4q_avg": 22.86,
            "net_income": 21360,
            "net_income_4q": null,
            "revenue": 369370,
            "revenue_4q": null,
            "common_shares": 450500,
            "book_valuer_per_share": 21.95,
            "book_valuer_per_share_4q_avg": 21.33,
            "equity": 1024453,
            "current_ratio": 133.02,
            "debt_ratio": 57.22,
            "inventory_turnover_ratio": 1.17,
            "account_receivable_turnover_ratio": 1.25,
            "reinvestment_rate": null,
            "research_to_sale_ratio": 2.51,
            "price_fair": 65.8,
            "eps_avg_yearly": 1.88,
            "eps_latest_yearly": 1.72,
            "eps_growth_yearly": 298.64
        },
        "20213": {
            "year_quarter": 20213,
            "year": 2021,
            "quarter": 3,
            "eps": 0.66,
            "eps_growth_year": 26.92,
            "eps_4q": 1.83,
            "eps_4q_growth_year": -12.42,
            "roe": 2.88,
            "roe_4q": 8.290000000000001,
            "gross_profit": 83720,
            "gross_margin": 23.61,
            "gross_margin_4q_avg": 21.93,
            "net_income": 29095,
            "net_income_4q": null,
            "revenue": 354574,
            "revenue_4q": null,
            "common_shares": 450500,
            "book_valuer_per_share": 21.41,
            "book_valuer_per_share_4q_avg": 21.5,
            "equity": 999455,
            "current_ratio": 128.05,
            "debt_ratio": 59.77,
            "inventory_turnover_ratio": 1.14,
            "account_receivable_turnover_ratio": 1.09,
            "reinvestment_rate": null,
            "research_to_sale_ratio": 2.11,
            "price_fair": 67.7,
            "eps_avg_yearly": 1.93,
            "eps_latest_yearly": 2.64,
            "eps_growth_yearly": 292.59
        },
        "20214": {
            "year_quarter": 20214,
            "year": 2021,
            "quarter": 4,
            "eps": 0.49,
            "eps_growth_year": 57.03,
            "eps_4q": 2,
            "eps_4q_growth_year": -14.47,
            "roe": 2.2,
            "roe_4q": 9.1,
            "gross_profit": 76608,
            "gross_margin": 22.34,
            "gross_margin_4q_avg": 21.7,
            "net_income": 22265,
            "net_income_4q": null,
            "revenue": 342991,
            "revenue_4q": null,
            "common_shares": 450500,
            "book_valuer_per_share": 21.95,
            "book_valuer_per_share_4q_avg": 21.71,
            "equity": 1023772,
            "current_ratio": 128.48,
            "debt_ratio": 57.42,
            "inventory_turnover_ratio": 1.09,
            "account_receivable_turnover_ratio": 1.11,
            "reinvestment_rate": 79.35,
            "research_to_sale_ratio": 1.96,
            "price_fair": 67.76,
            "eps_avg_yearly": 1.94,
            "eps_latest_yearly": 1.96,
            "eps_growth_yearly": 266.22
        },
        "20221": {
            "year_quarter": 20221,
            "year": 2022,
            "quarter": 1,
            "eps": 1.11,
            "eps_growth_year": 164.29,
            "eps_4q": 2.7,
            "eps_4q_growth_year": 29.84,
            "roe": 4.76,
            "roe_4q": 11.95,
            "gross_profit": 88441,
            "gross_margin": 25.68,
            "gross_margin_4q_avg": 23.15,
            "net_income": 49896,
            "net_income_4q": null,
            "revenue": 344428,
            "revenue_4q": null,
            "common_shares": 450500,
            "book_valuer_per_share": 23.08,
            "book_valuer_per_share_4q_avg": 22.1,
            "equity": 1074379,
            "current_ratio": 132.22,
            "debt_ratio": 57.26,
            "inventory_turnover_ratio": 0.96,
            "account_receivable_turnover_ratio": 1.15,
            "reinvestment_rate": 74.19,
            "research_to_sale_ratio": 1.8,
            "price_fair": 73.24,
            "eps_avg_yearly": 2.09,
            "eps_latest_yearly": 4.44,
            "eps_growth_yearly": 281.21
        },
        "20222": {
            "year_quarter": 20222,
            "year": 2022,
            "quarter": 2,
            "eps": 1.59,
            "eps_growth_year": 269.77,
            "eps_4q": 3.87,
            "eps_4q_growth_year": 129.52,
            "roe": 6.52,
            "roe_4q": 16.36,
            "gross_profit": 112510,
            "gross_margin": 28.75,
            "gross_margin_4q_avg": 25.1,
            "net_income": 70829,
            "net_income_4q": null,
            "revenue": 391322,
            "revenue_4q": null,
            "common_shares": 450500,
            "book_valuer_per_share": 23.67,
            "book_valuer_per_share_4q_avg": 22.53,
            "equity": 1099866,
            "current_ratio": 133.36,
            "debt_ratio": 58.15,
            "inventory_turnover_ratio": 0.94,
            "account_receivable_turnover_ratio": 1.2,
            "reinvestment_rate": 40.51,
            "research_to_sale_ratio": 1.57,
            "price_fair": 80.68,
            "eps_avg_yearly": 2.31,
            "eps_latest_yearly": 6.36,
            "eps_growth_yearly": 269.59
        },
        "20223": {
            "year_quarter": 20223,
            "year": 2022,
            "quarter": 3,
            "eps": 1.35,
            "eps_growth_year": 104.55,
            "eps_4q": 4.55,
            "eps_4q_growth_year": 149.35,
            "roe": 5.37,
            "roe_4q": 18.849999999999998,
            "gross_profit": 87537,
            "gross_margin": 22.81,
            "gross_margin_4q_avg": 24.9,
            "net_income": 60737,
            "net_income_4q": null,
            "revenue": 383707,
            "revenue_4q": null,
            "common_shares": 450500,
            "book_valuer_per_share": 25.02,
            "book_valuer_per_share_4q_avg": 23.43,
            "equity": 1160702,
            "current_ratio": 132.63,
            "debt_ratio": 57.68,
            "inventory_turnover_ratio": 0.9,
            "account_receivable_turnover_ratio": 1.16,
            "reinvestment_rate": 29.06,
            "research_to_sale_ratio": 1.38,
            "price_fair": 88.03,
            "eps_avg_yearly": 2.52,
            "eps_latest_yearly": 5.4,
            "eps_growth_yearly": 273.58
        },
        "20224": {
            "year_quarter": 20224,
            "year": 2022,
            "quarter": 4,
            "eps": 0.95,
            "eps_growth_year": 91.91,
            "eps_4q": 5.01,
            "eps_4q_growth_year": 149.68,
            "roe": 4,
            "roe_4q": 20.65,
            "gross_profit": 115318,
            "gross_margin": 28.93,
            "gross_margin_4q_avg": 26.54,
            "net_income": 47555,
            "net_income_4q": null,
            "revenue": 398673,
            "revenue_4q": null,
            "common_shares": 450500,
            "book_valuer_per_share": 26.12,
            "book_valuer_per_share_4q_avg": 24.47,
            "equity": 1215076,
            "current_ratio": 135.56,
            "debt_ratio": 56.76,
            "inventory_turnover_ratio": 0.78,
            "account_receivable_turnover_ratio": 1.26,
            "reinvestment_rate": 31.04,
            "research_to_sale_ratio": 2.78,
            "price_fair": 92.4,
            "eps_avg_yearly": 2.64,
            "eps_latest_yearly": 3.8,
            "eps_growth_yearly": 269.12
        },
        "20231": {
            "year_quarter": 20231,
            "year": 2023,
            "quarter": 1,
            "eps": 1.03,
            "eps_growth_year": -7.21,
            "eps_4q": 4.93,
            "eps_4q_growth_year": 82.18,
            "roe": 4.05,
            "roe_4q": 19.94,
            "gross_profit": 103748,
            "gross_margin": 27.57,
            "gross_margin_4q_avg": 27.02,
            "net_income": 50282,
            "net_income_4q": null,
            "revenue": 376340,
            "revenue_4q": null,
            "common_shares": 450500,
            "book_valuer_per_share": 27.15,
            "book_valuer_per_share_4q_avg": 25.49,
            "equity": 1265445,
            "current_ratio": 136.77,
            "debt_ratio": 54.19,
            "inventory_turnover_ratio": 0.69,
            "account_receivable_turnover_ratio": 1.16,
            "reinvestment_rate": 11.51,
            "research_to_sale_ratio": 1.4,
            "price_fair": 97.91,
            "eps_avg_yearly": 2.8,
            "eps_latest_yearly": 4.12,
            "eps_growth_yearly": 274
        },
        "20232": {
            "year_quarter": 20232,
            "year": 2023,
            "quarter": 2,
            "eps": 1.48,
            "eps_growth_year": -6.92,
            "eps_4q": 4.81,
            "eps_4q_growth_year": 24.28,
            "roe": 6.01,
            "roe_4q": 19.43,
            "gross_profit": 125186,
            "gross_margin": 28.81,
            "gross_margin_4q_avg": 27.03,
            "net_income": 74868,
            "net_income_4q": null,
            "revenue": 434496,
            "revenue_4q": null,
            "common_shares": 450500,
            "book_valuer_per_share": 26.12,
            "book_valuer_per_share_4q_avg": 26.1,
            "equity": 1227150,
            "current_ratio": 125.37,
            "debt_ratio": 56.85,
            "inventory_turnover_ratio": 0.72,
            "account_receivable_turnover_ratio": 1.24,
            "reinvestment_rate": 9.44,
            "research_to_sale_ratio": 1.36,
            "price_fair": 107.8,
            "eps_avg_yearly": 3.08,
            "eps_latest_yearly": 5.92,
            "eps_growth_yearly": 288.05
        },
        "20233": {
            "year_quarter": 20233,
            "year": 2023,
            "quarter": 3,
            "eps": 1.45,
            "eps_growth_year": 7.41,
            "eps_4q": 4.91,
            "eps_4q_growth_year": 7.89,
            "roe": 5.48,
            "roe_4q": 19.54,
            "gross_profit": 115343,
            "gross_margin": 28.34,
            "gross_margin_4q_avg": 28.41,
            "net_income": 69203,
            "net_income_4q": null,
            "revenue": 407008,
            "revenue_4q": null,
            "common_shares": 450500,
            "book_valuer_per_share": 27.58,
            "book_valuer_per_share_4q_avg": 26.74,
            "equity": 1296830,
            "current_ratio": 149.35,
            "debt_ratio": 55.4,
            "inventory_turnover_ratio": 0.65,
            "account_receivable_turnover_ratio": 1.19,
            "reinvestment_rate": 9.81,
            "research_to_sale_ratio": 1.89,
            "price_fair": 116.9,
            "eps_avg_yearly": 3.34,
            "eps_latest_yearly": 5.8,
            "eps_growth_yearly": 283.26
        }
    },
    "months": {
        "2004-05": {
            "month": "2004-05",
            "price": "23.71",
            "revenue": 71890
        },
        "2004-06": {
            "month": "2004-06",
            "price": "24.56",
            "revenue": 64608
        },
        "2004-07": {
            "month": "2004-07",
            "price": "22.72",
            "revenue": 57293
        },
        "2004-08": {
            "month": "2004-08",
            "price": "20.53",
            "revenue": 55649
        },
        "2004-09": {
            "month": "2004-09",
            "price": "14.70",
            "revenue": 49928
        },
        "2004-10": {
            "month": "2004-10",
            "price": "12.40",
            "revenue": 51408
        },
        "2004-11": {
            "month": "2004-11",
            "price": "10.28",
            "revenue": 40645
        },
        "2004-12": {
            "month": "2004-12",
            "price": "9.83",
            "revenue": 39768
        },
        "2005-01": {
            "month": "2005-01",
            "price": "9.94",
            "revenue": 37147
        },
        "2005-02": {
            "month": "2005-02",
            "price": "9.06",
            "revenue": 23649
        },
        "2005-03": {
            "month": "2005-03",
            "price": "8.54",
            "revenue": 43227
        },
        "2005-04": {
            "month": "2005-04",
            "price": "8.55",
            "revenue": 36227
        },
        "2005-05": {
            "month": "2005-05",
            "price": "8.53",
            "revenue": 49550
        },
        "2005-06": {
            "month": "2005-06",
            "price": "8.96",
            "revenue": 43069
        },
        "2005-07": {
            "month": "2005-07",
            "price": "8.50",
            "revenue": 31553
        },
        "2005-08": {
            "month": "2005-08",
            "price": "8.16",
            "revenue": 42797
        },
        "2005-09": {
            "month": "2005-09",
            "price": "6.43",
            "revenue": 40828
        },
        "2005-10": {
            "month": "2005-10",
            "price": "5.50",
            "revenue": 40815
        },
        "2005-11": {
            "month": "2005-11",
            "price": "4.27",
            "revenue": 33226
        },
        "2005-12": {
            "month": "2005-12",
            "price": "4.15",
            "revenue": 55100
        },
        "2006-01": {
            "month": "2006-01",
            "price": "7.52",
            "revenue": 33055
        },
        "2006-02": {
            "month": "2006-02",
            "price": "9.64",
            "revenue": 53001
        },
        "2006-03": {
            "month": "2006-03",
            "price": "7.03",
            "revenue": 51482
        },
        "2006-04": {
            "month": "2006-04",
            "price": "6.03",
            "revenue": 54829
        },
        "2006-05": {
            "month": "2006-05",
            "price": "5.81",
            "revenue": 51362
        },
        "2006-06": {
            "month": "2006-06",
            "price": "6.51",
            "revenue": 58086
        },
        "2006-07": {
            "month": "2006-07",
            "price": "8.48",
            "revenue": 68480
        },
        "2006-08": {
            "month": "2006-08",
            "price": "8.78",
            "revenue": 56369
        },
        "2006-09": {
            "month": "2006-09",
            "price": "9.86",
            "revenue": 63050
        },
        "2006-10": {
            "month": "2006-10",
            "price": "10.90",
            "revenue": 41636
        },
        "2006-11": {
            "month": "2006-11",
            "price": "10.74",
            "revenue": 53149
        },
        "2006-12": {
            "month": "2006-12",
            "price": "9.89",
            "revenue": 71405
        },
        "2007-01": {
            "month": "2007-01",
            "price": "11.80",
            "revenue": 74779
        },
        "2007-02": {
            "month": "2007-02",
            "price": "15.63",
            "revenue": 44872
        },
        "2007-03": {
            "month": "2007-03",
            "price": "19.55",
            "revenue": 63401
        },
        "2007-04": {
            "month": "2007-04",
            "price": "15.56",
            "revenue": 71961
        },
        "2007-05": {
            "month": "2007-05",
            "price": "14.11",
            "revenue": 82566
        },
        "2007-06": {
            "month": "2007-06",
            "price": "15.72",
            "revenue": 70236
        },
        "2007-07": {
            "month": "2007-07",
            "price": "27.12",
            "revenue": 67289
        },
        "2007-08": {
            "month": "2007-08",
            "price": "37.77",
            "revenue": 64887
        },
        "2007-09": {
            "month": "2007-09",
            "price": "33.82",
            "revenue": 64034
        },
        "2007-10": {
            "month": "2007-10",
            "price": "28.04",
            "revenue": 76457
        },
        "2007-11": {
            "month": "2007-11",
            "price": "27.42",
            "revenue": 78984
        },
        "2007-12": {
            "month": "2007-12",
            "price": "24.09",
            "revenue": 64923
        },
        "2008-01": {
            "month": "2008-01",
            "price": "20.61",
            "revenue": 57636
        },
        "2008-02": {
            "month": "2008-02",
            "price": "18.88",
            "revenue": 47994
        },
        "2008-03": {
            "month": "2008-03",
            "price": "20.68",
            "revenue": 62476
        },
        "2008-04": {
            "month": "2008-04",
            "price": "19.87",
            "revenue": 64148
        },
        "2008-05": {
            "month": "2008-05",
            "price": "18.64",
            "revenue": 60499
        },
        "2008-06": {
            "month": "2008-06",
            "price": "16.82",
            "revenue": 52257
        },
        "2008-07": {
            "month": "2008-07",
            "price": "12.17",
            "revenue": 60881
        },
        "2008-08": {
            "month": "2008-08",
            "price": "10.55",
            "revenue": 51836
        },
        "2008-09": {
            "month": "2008-09",
            "price": "9.17",
            "revenue": 43393
        },
        "2008-10": {
            "month": "2008-10",
            "price": "8.34",
            "revenue": 62795
        },
        "2008-11": {
            "month": "2008-11",
            "price": "7.57",
            "revenue": 35330
        },
        "2008-12": {
            "month": "2008-12",
            "price": "7.07",
            "revenue": 36786
        },
        "2009-01": {
            "month": "2009-01",
            "price": "6.58",
            "revenue": 27805
        },
        "2009-02": {
            "month": "2009-02",
            "price": "7.37",
            "revenue": 29013
        },
        "2009-03": {
            "month": "2009-03",
            "price": "7.11",
            "revenue": 37204
        },
        "2009-04": {
            "month": "2009-04",
            "price": "7.82",
            "revenue": 36197
        },
        "2009-05": {
            "month": "2009-05",
            "price": "5.96",
            "revenue": 35336
        },
        "2009-06": {
            "month": "2009-06",
            "price": "4.81",
            "revenue": 40404
        },
        "2009-07": {
            "month": "2009-07",
            "price": "6.31",
            "revenue": 46920
        },
        "2009-08": {
            "month": "2009-08",
            "price": "11.64",
            "revenue": 45641
        },
        "2009-09": {
            "month": "2009-09",
            "price": "11.38",
            "revenue": 49666
        },
        "2009-10": {
            "month": "2009-10",
            "price": "12.33",
            "revenue": 48715
        },
        "2009-11": {
            "month": "2009-11",
            "price": "14.74",
            "revenue": 57399
        },
        "2009-12": {
            "month": "2009-12",
            "price": "17.01",
            "revenue": 68980
        },
        "2010-01": {
            "month": "2010-01",
            "price": "15.77",
            "revenue": 58256
        },
        "2010-02": {
            "month": "2010-02",
            "price": "12.69",
            "revenue": 46349
        },
        "2010-03": {
            "month": "2010-03",
            "price": "12.39",
            "revenue": 69239
        },
        "2010-04": {
            "month": "2010-04",
            "price": "11.62",
            "revenue": 65548
        },
        "2010-05": {
            "month": "2010-05",
            "price": "11.35",
            "revenue": 78307
        },
        "2010-06": {
            "month": "2010-06",
            "price": "10.82",
            "revenue": 98604
        },
        "2010-07": {
            "month": "2010-07",
            "price": "11.47",
            "revenue": 76312
        },
        "2010-08": {
            "month": "2010-08",
            "price": "11.56",
            "revenue": 90272
        },
        "2010-09": {
            "month": "2010-09",
            "price": "12.38",
            "revenue": 97645
        },
        "2010-10": {
            "month": "2010-10",
            "price": "12.03",
            "revenue": 104829
        },
        "2010-11": {
            "month": "2010-11",
            "price": "12.69",
            "revenue": 68451
        },
        "2010-12": {
            "month": "2010-12",
            "price": "13.09",
            "revenue": 70448
        },
        "2011-01": {
            "month": "2011-01",
            "price": "12.75",
            "revenue": 66285
        },
        "2011-02": {
            "month": "2011-02",
            "price": "12.83",
            "revenue": 57512
        },
        "2011-03": {
            "month": "2011-03",
            "price": "12.77",
            "revenue": 83689
        },
        "2011-04": {
            "month": "2011-04",
            "price": "14.51",
            "revenue": 91352
        },
        "2011-05": {
            "month": "2011-05",
            "price": "17.20",
            "revenue": 75455
        },
        "2011-06": {
            "month": "2011-06",
            "price": "15.95",
            "revenue": 77540
        },
        "2011-07": {
            "month": "2011-07",
            "price": "14.15",
            "revenue": 61805
        },
        "2011-08": {
            "month": "2011-08",
            "price": "12.93",
            "revenue": 89372
        },
        "2011-09": {
            "month": "2011-09",
            "price": "12.30",
            "revenue": 72230
        },
        "2011-10": {
            "month": "2011-10",
            "price": "10.13",
            "revenue": 71624
        },
        "2011-11": {
            "month": "2011-11",
            "price": "9.52",
            "revenue": 73167
        },
        "2011-12": {
            "month": "2011-12",
            "price": "9.19",
            "revenue": 69812
        },
        "2012-01": {
            "month": "2012-01",
            "price": "8.95",
            "revenue": 66476
        },
        "2012-02": {
            "month": "2012-02",
            "price": "10.18",
            "revenue": 64079
        },
        "2012-03": {
            "month": "2012-03",
            "price": "11.64",
            "revenue": 77727
        },
        "2012-04": {
            "month": "2012-04",
            "price": "11.51",
            "revenue": 62915
        },
        "2012-05": {
            "month": "2012-05",
            "price": "11.19",
            "revenue": 65523
        },
        "2012-06": {
            "month": "2012-06",
            "price": "10.65",
            "revenue": 64071
        },
        "2012-07": {
            "month": "2012-07",
            "price": "10.44",
            "revenue": 55947
        },
        "2012-08": {
            "month": "2012-08",
            "price": "10.04",
            "revenue": 60329
        },
        "2012-09": {
            "month": "2012-09",
            "price": "8.50",
            "revenue": 61195
        },
        "2012-10": {
            "month": "2012-10",
            "price": "8.12",
            "revenue": 61902
        },
        "2012-11": {
            "month": "2012-11",
            "price": "8.04",
            "revenue": 52147
        },
        "2012-12": {
            "month": "2012-12",
            "price": "9.20",
            "revenue": 48116
        },
        "2013-01": {
            "month": "2013-01",
            "price": "8.54",
            "revenue": 59513
        },
        "2013-02": {
            "month": "2013-02",
            "price": "8.13",
            "revenue": 35235
        },
        "2013-03": {
            "month": "2013-03",
            "price": "7.86",
            "revenue": 63413
        },
        "2013-04": {
            "month": "2013-04",
            "price": "7.53",
            "revenue": 77560
        },
        "2013-05": {
            "month": "2013-05",
            "price": "7.56",
            "revenue": 68941
        },
        "2013-06": {
            "month": "2013-06",
            "price": "9.35",
            "revenue": 88338
        },
        "2013-07": {
            "month": "2013-07",
            "price": "8.31",
            "revenue": 81010
        },
        "2013-08": {
            "month": "2013-08",
            "price": "8.77",
            "revenue": 80258
        },
        "2013-09": {
            "month": "2013-09",
            "price": "8.83",
            "revenue": 79190
        },
        "2013-10": {
            "month": "2013-10",
            "price": "8.73",
            "revenue": 74029
        },
        "2013-11": {
            "month": "2013-11",
            "price": "8.18",
            "revenue": 72159
        },
        "2013-12": {
            "month": "2013-12",
            "price": "8.60",
            "revenue": 71613
        },
        "2014-01": {
            "month": "2014-01",
            "price": "9.19",
            "revenue": 70129
        },
        "2014-02": {
            "month": "2014-02",
            "price": "11.63",
            "revenue": 59687
        },
        "2014-03": {
            "month": "2014-03",
            "price": "16.01",
            "revenue": 83421
        },
        "2014-04": {
            "month": "2014-04",
            "price": "15.32",
            "revenue": 59263
        },
        "2014-05": {
            "month": "2014-05",
            "price": "14.84",
            "revenue": 73473
        },
        "2014-06": {
            "month": "2014-06",
            "price": "14.50",
            "revenue": 66286
        },
        "2014-07": {
            "month": "2014-07",
            "price": "15.76",
            "revenue": 146294
        },
        "2014-08": {
            "month": "2014-08",
            "price": "17.09",
            "revenue": 77795
        },
        "2014-09": {
            "month": "2014-09",
            "price": "15.49",
            "revenue": 86482
        },
        "2014-10": {
            "month": "2014-10",
            "price": "14.37",
            "revenue": 83627
        },
        "2014-11": {
            "month": "2014-11",
            "price": "14.26",
            "revenue": 77958
        },
        "2014-12": {
            "month": "2014-12",
            "price": "13.86",
            "revenue": 105640
        },
        "2015-01": {
            "month": "2015-01",
            "price": "15.00",
            "revenue": 83699
        },
        "2015-02": {
            "month": "2015-02",
            "price": "16.00",
            "revenue": 75017
        },
        "2015-03": {
            "month": "2015-03",
            "price": "17.14",
            "revenue": 91111
        },
        "2015-04": {
            "month": "2015-04",
            "price": "23.52",
            "revenue": 73821
        },
        "2015-05": {
            "month": "2015-05",
            "price": "23.62",
            "revenue": 75866
        },
        "2015-06": {
            "month": "2015-06",
            "price": "21.27",
            "revenue": 79613
        },
        "2015-07": {
            "month": "2015-07",
            "price": "23.61",
            "revenue": 97174
        },
        "2015-08": {
            "month": "2015-08",
            "price": "20.42",
            "revenue": 81227
        },
        "2015-09": {
            "month": "2015-09",
            "price": "19.71",
            "revenue": 97679
        },
        "2015-10": {
            "month": "2015-10",
            "price": "19.56",
            "revenue": 84946
        },
        "2015-11": {
            "month": "2015-11",
            "price": "21.82",
            "revenue": 58587
        },
        "2015-12": {
            "month": "2015-12",
            "price": "22.20",
            "revenue": 66008
        },
        "2016-01": {
            "month": "2016-01",
            "price": "20.77",
            "revenue": 77150
        },
        "2016-02": {
            "month": "2016-02",
            "price": "20.14",
            "revenue": 64171
        },
        "2016-03": {
            "month": "2016-03",
            "price": "20.07",
            "revenue": 97265
        },
        "2016-04": {
            "month": "2016-04",
            "price": "23.72",
            "revenue": 64522
        },
        "2016-05": {
            "month": "2016-05",
            "price": "21.42",
            "revenue": 97434
        },
        "2016-06": {
            "month": "2016-06",
            "price": "22.66",
            "revenue": 111297
        },
        "2016-07": {
            "month": "2016-07",
            "price": "25.35",
            "revenue": 128608
        },
        "2016-08": {
            "month": "2016-08",
            "price": "35.57",
            "revenue": 127275
        },
        "2016-09": {
            "month": "2016-09",
            "price": "39.87",
            "revenue": 106804
        },
        "2016-10": {
            "month": "2016-10",
            "price": "45.50",
            "revenue": 120589
        },
        "2016-11": {
            "month": "2016-11",
            "price": "45.21",
            "revenue": 116165
        },
        "2016-12": {
            "month": "2016-12",
            "price": "45.37",
            "revenue": 105965
        },
        "2017-01": {
            "month": "2017-01",
            "price": "45.48",
            "revenue": 100910
        },
        "2017-02": {
            "month": "2017-02",
            "price": "55.62",
            "revenue": 93448
        },
        "2017-03": {
            "month": "2017-03",
            "price": "75.77",
            "revenue": 87231
        },
        "2017-04": {
            "month": "2017-04",
            "price": "96.28",
            "revenue": 76833
        },
        "2017-05": {
            "month": "2017-05",
            "price": "86.52",
            "revenue": 90520
        },
        "2017-06": {
            "month": "2017-06",
            "price": "83.05",
            "revenue": 90772
        },
        "2017-07": {
            "month": "2017-07",
            "price": "68.24",
            "revenue": 88001
        },
        "2017-08": {
            "month": "2017-08",
            "price": "52.60",
            "revenue": 115532
        },
        "2017-09": {
            "month": "2017-09",
            "price": "56.18",
            "revenue": 107227
        },
        "2017-10": {
            "month": "2017-10",
            "price": "59.49",
            "revenue": 88628
        },
        "2017-11": {
            "month": "2017-11",
            "price": "48.40",
            "revenue": 99656
        },
        "2017-12": {
            "month": "2017-12",
            "price": "42.37",
            "revenue": 82591
        },
        "2018-01": {
            "month": "2018-01",
            "price": "38.50",
            "revenue": 125444
        },
        "2018-02": {
            "month": "2018-02",
            "price": "38.94",
            "revenue": 70416
        },
        "2018-03": {
            "month": "2018-03",
            "price": "45.53",
            "revenue": 76516
        },
        "2018-04": {
            "month": "2018-04",
            "price": "48.22",
            "revenue": 87088
        },
        "2018-05": {
            "month": "2018-05",
            "price": "44.05",
            "revenue": 119490
        },
        "2018-06": {
            "month": "2018-06",
            "price": "41.80",
            "revenue": 94136
        },
        "2018-07": {
            "month": "2018-07",
            "price": "39.75",
            "revenue": 91974
        },
        "2018-08": {
            "month": "2018-08",
            "price": "44.78",
            "revenue": 92924
        },
        "2018-09": {
            "month": "2018-09",
            "price": "40.46",
            "revenue": 84749
        },
        "2018-10": {
            "month": "2018-10",
            "price": "36.56",
            "revenue": 74297
        },
        "2018-11": {
            "month": "2018-11",
            "price": "30.46",
            "revenue": 83508
        },
        "2018-12": {
            "month": "2018-12",
            "price": "30.38",
            "revenue": 78936
        },
        "2019-01": {
            "month": "2019-01",
            "price": "28.91",
            "revenue": 102844
        },
        "2019-02": {
            "month": "2019-02",
            "price": "29.91",
            "revenue": 80600
        },
        "2019-03": {
            "month": "2019-03",
            "price": "30.76",
            "revenue": 88284
        },
        "2019-04": {
            "month": "2019-04",
            "price": "31.86",
            "revenue": 81975
        },
        "2019-05": {
            "month": "2019-05",
            "price": "29.15",
            "revenue": 106459
        },
        "2019-06": {
            "month": "2019-06",
            "price": "28.72",
            "revenue": 67385
        },
        "2019-07": {
            "month": "2019-07",
            "price": "28.76",
            "revenue": 82511
        },
        "2019-08": {
            "month": "2019-08",
            "price": "27.30",
            "revenue": 100525
        },
        "2019-09": {
            "month": "2019-09",
            "price": "28.10",
            "revenue": 94459
        },
        "2019-10": {
            "month": "2019-10",
            "price": "28.83",
            "revenue": 98133
        },
        "2019-11": {
            "month": "2019-11",
            "price": "28.45",
            "revenue": 88097
        },
        "2019-12": {
            "month": "2019-12",
            "price": "31.32",
            "revenue": 112613
        },
        "2020-01": {
            "month": "2020-01",
            "price": "43.44",
            "revenue": 90705
        },
        "2020-02": {
            "month": "2020-02",
            "price": "45.24",
            "revenue": 118517
        },
        "2020-03": {
            "month": "2020-03",
            "price": "34.07",
            "revenue": 135714
        },
        "2020-04": {
            "month": "2020-04",
            "price": "35.60",
            "revenue": 116840
        },
        "2020-05": {
            "month": "2020-05",
            "price": "45.75",
            "revenue": 115150
        },
        "2020-06": {
            "month": "2020-06",
            "price": "59.23",
            "revenue": 109114
        },
        "2020-07": {
            "month": "2020-07",
            "price": "54.51",
            "revenue": 106053
        },
        "2020-08": {
            "month": "2020-08",
            "price": "53.20",
            "revenue": 93374
        },
        "2020-09": {
            "month": "2020-09",
            "price": "54.12",
            "revenue": 89963
        },
        "2020-10": {
            "month": "2020-10",
            "price": "48.42",
            "revenue": 98365
        },
        "2020-11": {
            "month": "2020-11",
            "price": "48.32",
            "revenue": 80458
        },
        "2020-12": {
            "month": "2020-12",
            "price": "48.68",
            "revenue": 103173
        },
        "2021-01": {
            "month": "2021-01",
            "price": "52.59",
            "revenue": 100355
        },
        "2021-02": {
            "month": "2021-02",
            "price": "67.24",
            "revenue": 73227
        },
        "2021-03": {
            "month": "2021-03",
            "price": "86.45",
            "revenue": 117970
        },
        "2021-04": {
            "month": "2021-04",
            "price": "88.17",
            "revenue": 127464
        },
        "2021-05": {
            "month": "2021-05",
            "price": "68.85",
            "revenue": 105164
        },
        "2021-06": {
            "month": "2021-06",
            "price": "70.86",
            "revenue": 146728
        },
        "2021-07": {
            "month": "2021-07",
            "price": "78.37",
            "revenue": 129898
        },
        "2021-08": {
            "month": "2021-08",
            "price": "68.78",
            "revenue": 111475
        },
        "2021-09": {
            "month": "2021-09",
            "price": "68.55",
            "revenue": 110880
        },
        "2021-10": {
            "month": "2021-10",
            "price": "69.64",
            "revenue": 120054
        },
        "2021-11": {
            "month": "2021-11",
            "price": "77.99",
            "revenue": 118526
        },
        "2021-12": {
            "month": "2021-12",
            "price": "73.73",
            "revenue": 113322
        },
        "2022-01": {
            "month": "2022-01",
            "price": "70.67",
            "revenue": 133024
        },
        "2022-02": {
            "month": "2022-02",
            "price": "68.52",
            "revenue": 80721
        },
        "2022-03": {
            "month": "2022-03",
            "price": "65.66",
            "revenue": 130583
        },
        "2022-04": {
            "month": "2022-04",
            "price": "61.65",
            "revenue": 127695
        },
        "2022-05": {
            "month": "2022-05",
            "price": "55.09",
            "revenue": 112609
        },
        "2022-06": {
            "month": "2022-06",
            "price": "60.07",
            "revenue": 150430
        },
        "2022-07": {
            "month": "2022-07",
            "price": "56.16",
            "revenue": 136838
        },
        "2022-08": {
            "month": "2022-08",
            "price": "64.43",
            "revenue": 133204
        },
        "2022-09": {
            "month": "2022-09",
            "price": "66.66",
            "revenue": 114878
        },
        "2022-10": {
            "month": "2022-10",
            "price": "54.48",
            "revenue": 125452
        },
        "2022-11": {
            "month": "2022-11",
            "price": "60.25",
            "revenue": 123930
        },
        "2022-12": {
            "month": "2022-12",
            "price": "65.20",
            "revenue": 146222
        },
        "2023-01": {
            "month": "2023-01",
            "price": "66.47",
            "revenue": 85419
        },
        "2023-02": {
            "month": "2023-02",
            "price": "70.64",
            "revenue": 145451
        },
        "2023-03": {
            "month": "2023-03",
            "price": "75.63",
            "revenue": 145312
        },
        "2023-04": {
            "month": "2023-04",
            "price": "84.94",
            "revenue": 136954
        },
        "2023-05": {
            "month": "2023-05",
            "price": "86.64",
            "revenue": 155756
        },
        "2023-06": {
            "month": "2023-06",
            "price": "99.70",
            "revenue": 141447
        },
        "2023-07": {
            "month": "2023-07",
            "price": "95.42",
            "revenue": 138730
        },
        "2023-08": {
            "month": "2023-08",
            "price": "90.16",
            "revenue": 157679
        },
        "2023-09": {
            "month": "2023-09",
            "price": "90.14",
            "revenue": 112042
        },
        "2023-10": {
            "month": "2023-10",
            "price": "83.94",
            "revenue": 129860
        },
        "2023-11": {
            "month": "2023-11",
            "price": "85.42",
            "revenue": 150836
        },
        "2023-12": {
            "month": "2023-12",
            "price": "103.91",
            "revenue": 124857
        }
    }
}
