{
    "summary": {
        "stock_name": "鑫龍騰",
        "stock_id": "3188",
        "category": "建材營造",
        "main_business": "住宅及大樓開發租售業<br>建材批發業<br>一般廣告服務業",
        "website_url": "http://www.gltd.com.tw",
        "ceo": "黃勁嘉",
        "pe_ratio": 26,
        "report_year_from": 2001,
        "report_year_to": 2023,
        "age": 23,
        "eps_negative_percentage": 38,
        "eps_growth_avg": {
            "last_all": -16.31,
            "last_2y": -12.1,
            "last_4y": -20.41,
            "last_8y": -0.34,
            "last_12y": -0.34,
            "last_16y": -20.74,
            "last_20y": null,
            "at_2006_last_3y": null,
            "at_2007_last_3y": -2.98,
            "at_2008_last_3y": -23.74,
            "at_2009_last_3y": -35.32,
            "at_2010_last_3y": -61.54,
            "at_2011_last_3y": -90.91,
            "at_2012_last_3y": -100,
            "at_2013_last_3y": null,
            "at_2014_last_3y": null,
            "at_2015_last_3y": null,
            "at_2016_last_3y": null,
            "at_2017_last_3y": null,
            "at_2018_last_3y": 100,
            "at_2019_last_3y": 50,
            "at_2020_last_3y": 11.42,
            "at_2021_last_3y": 33.57,
            "at_2022_last_3y": -10.39,
            "at_2023_last_3y": -25.51,
            "at_2024_last_3y": -25.51,
            "at_2006_last_all": -3.04,
            "at_2007_last_all": -2.98,
            "at_2008_last_all": -18.75,
            "at_2009_last_all": -32.29,
            "at_2010_last_all": -32.29,
            "at_2011_last_all": -32.29,
            "at_2012_last_all": -32.29,
            "at_2013_last_all": -32.29,
            "at_2014_last_all": -32.29,
            "at_2015_last_all": -32.29,
            "at_2016_last_all": -32.29,
            "at_2017_last_all": -32.29,
            "at_2018_last_all": -13.39,
            "at_2019_last_all": -11.72,
            "at_2020_last_all": -17.72,
            "at_2021_last_all": -5.95,
            "at_2022_last_all": -12.3,
            "at_2023_last_all": -16.31,
            "at_2024_last_all": -16.31
        },
        "latest_eps": 0.74,
        "latest_price": 19.45,
        "latest_roe": 6.02,
        "latest_gross_margin": 35.18,
        "latest_equity": 2323520,
        "latest_revenue": 125958,
        "latest_gross_profit": 44307,
        "latest_net_income": 15217,
        "latest_debt_ratio": 70.36,
        "latest_current_ratio": 189.4,
        "latest_account_receivable_turnover_ratio": 104.96,
        "latest_inventory_turnover_ratio": 0.01,
        "latest_reinvestment_rate": -0.25,
        "latest_research_to_sale_ratio": null
    },
    "eps_dividends": {
        "2001": {
            "cash": 0,
            "stock": 0,
            "eps": 0
        },
        "2002": {
            "cash": 0,
            "stock": 0,
            "eps": 0
        },
        "2003": {
            "cash": 0,
            "stock": 200,
            "eps": 3.2
        },
        "2004": {
            "cash": 1,
            "stock": 2,
            "eps": 3.24
        },
        "2005": {
            "cash": 1.02,
            "stock": 1.52,
            "eps": 1.5
        },
        "2006": {
            "cash": 0.55,
            "stock": 0.55,
            "eps": 2.15
        },
        "2007": {
            "cash": 0.81,
            "stock": 0.81,
            "eps": 2.09
        },
        "2008": {
            "cash": 1.02,
            "stock": 0.51,
            "eps": 0.38
        },
        "2009": {
            "cash": 0,
            "stock": 0,
            "eps": -0.93
        },
        "2010": {
            "cash": 0,
            "stock": 0,
            "eps": -1.1
        },
        "2011": {
            "cash": 0,
            "stock": 0,
            "eps": -1.8
        },
        "2012": {
            "cash": 0,
            "stock": 0,
            "eps": -1.32
        },
        "2013": {
            "cash": 0,
            "stock": 0,
            "eps": -1.05
        },
        "2014": {
            "cash": 0,
            "stock": 0,
            "eps": -0.63
        },
        "2015": {
            "cash": 0,
            "stock": 0,
            "eps": -0.55
        },
        "2016": {
            "cash": 0,
            "stock": 0,
            "eps": -0.5
        },
        "2017": {
            "cash": 0,
            "stock": 0,
            "eps": 0.61
        },
        "2018": {
            "cash": 0,
            "stock": 0,
            "eps": 1.43
        },
        "2019": {
            "cash": 0.5,
            "stock": 0,
            "eps": 1.43
        },
        "2020": {
            "cash": 0.5,
            "stock": 0,
            "eps": 0.49
        },
        "2021": {
            "cash": 0.3,
            "stock": 0,
            "eps": 1.78
        },
        "2022": {
            "cash": 0.5,
            "stock": 0.5,
            "eps": 0.43
        },
        "2023": {
            "cash": 0.3,
            "stock": 0,
            "eps": 0.17
        }
    },
    "dividends": {
        "2003-06-17": {
            "cash": 0,
            "stock": 200
        },
        "2004-03-26": {
            "cash": 1,
            "stock": 2
        },
        "2005-03-24": {
            "cash": 1.02,
            "stock": 1.52
        },
        "2006-03-27": {
            "cash": 0.55,
            "stock": 0.55
        },
        "2007-03-28": {
            "cash": 0.81,
            "stock": 0.81
        },
        "2008-03-26": {
            "cash": 1.02,
            "stock": 0.51
        },
        "2019-07-26": {
            "cash": 0.5,
            "stock": 0
        },
        "2020-08-04": {
            "cash": 0.5,
            "stock": 0
        },
        "2021-09-15": {
            "cash": 0.3,
            "stock": 0
        },
        "2022-10-04": {
            "cash": 0.5,
            "stock": 0.5
        },
        "2023-09-07": {
            "cash": 0.3,
            "stock": 0
        }
    },
    "prices": {
        "200101": "無",
        "200102": "無",
        "200103": "無",
        "200104": "無",
        "200105": "無",
        "200106": "無",
        "200107": "無",
        "200108": "無",
        "200109": "無",
        "200110": "無",
        "200111": "無",
        "200112": "無",
        "200201": "無",
        "200202": "無",
        "200203": "無",
        "200204": "無",
        "200205": "無",
        "200206": "無",
        "200207": "無",
        "200208": "無",
        "200209": "無",
        "200210": "無",
        "200211": "無",
        "200212": "無",
        "200301": "無",
        "200302": "無",
        "200303": "無",
        "200304": "無",
        "200305": "無",
        "200306": "無",
        "200307": "無",
        "200308": "無",
        "200309": "50.50",
        "200310": "48.71",
        "200311": "50.57",
        "200312": "52.98",
        "200401": "58.05",
        "200402": "76.69",
        "200403": "69.59",
        "200404": "69.05",
        "200405": "62.00",
        "200406": "60.62",
        "200407": "35.99",
        "200408": "31.90",
        "200409": "29.89",
        "200410": "24.18",
        "200411": "24.00",
        "200412": "23.43",
        "200501": "20.70",
        "200502": "25.36",
        "200503": "27.52",
        "200504": "27.03",
        "200505": "22.29",
        "200506": "23.94",
        "200507": "24.07",
        "200508": "21.07",
        "200509": "18.28",
        "200510": "18.66",
        "200511": "19.68",
        "200512": "23.54",
        "200601": "36.02",
        "200602": "33.78",
        "200603": "30.28",
        "200604": "36.90",
        "200605": "44.06",
        "200606": "40.36",
        "200607": "34.90",
        "200608": "33.15",
        "200609": "33.17",
        "200610": "35.95",
        "200611": "40.24",
        "200612": "47.16",
        "200701": "74.52",
        "200702": "82.40",
        "200703": "80.74",
        "200704": "68.44",
        "200705": "68.55",
        "200706": "81.28",
        "200707": "85.56",
        "200708": "76.25",
        "200709": "74.43",
        "200710": "65.36",
        "200711": "48.91",
        "200712": "42.76",
        "200801": "37.23",
        "200802": "30.93",
        "200803": "37.61",
        "200804": "37.91",
        "200805": "35.36",
        "200806": "26.08",
        "200807": "18.93",
        "200808": "17.30",
        "200809": "14.91",
        "200810": "12.02",
        "200811": "8.98",
        "200812": "8.24",
        "200901": "9.82",
        "200902": "10.39",
        "200903": "11.59",
        "200904": "12.69",
        "200905": "14.56",
        "200906": "13.74",
        "200907": "14.36",
        "200908": "14.92",
        "200909": "14.90",
        "200910": "17.08",
        "200911": "17.32",
        "200912": "21.98",
        "201001": "22.63",
        "201002": "19.48",
        "201003": "21.29",
        "201004": "21.35",
        "201005": "17.50",
        "201006": "16.96",
        "201007": "17.67",
        "201008": "16.80",
        "201009": "15.10",
        "201010": "14.06",
        "201011": "12.68",
        "201012": "13.65",
        "201101": "13.12",
        "201102": "13.51",
        "201103": "12.80",
        "201104": "11.87",
        "201105": "10.70",
        "201106": "10.48",
        "201107": "9.14",
        "201108": "7.83",
        "201109": "7.66",
        "201110": "7.32",
        "201111": "6.92",
        "201112": "6.39",
        "201201": "6.83",
        "201202": "8.09",
        "201203": "7.84",
        "201204": "6.99",
        "201205": "6.68",
        "201206": "6.47",
        "201207": "6.69",
        "201208": "6.82",
        "201209": "8.29",
        "201210": "7.91",
        "201211": "6.97",
        "201212": "7.27",
        "201301": "8.36",
        "201302": "9.40",
        "201303": "11.86",
        "201304": "13.84",
        "201305": "13.70",
        "201306": "13.08",
        "201307": "11.52",
        "201308": "10.61",
        "201309": "10.96",
        "201310": "10.87",
        "201311": "11.69",
        "201312": "12.09",
        "201401": "13.25",
        "201402": "13.62",
        "201403": "13.37",
        "201404": "13.19",
        "201405": "13.66",
        "201406": "14.05",
        "201407": "15.47",
        "201408": "15.61",
        "201409": "14.12",
        "201410": "13.80",
        "201411": "13.81",
        "201412": "13.60",
        "201501": "13.10",
        "201502": "12.42",
        "201503": "11.47",
        "201504": "11.46",
        "201505": "11.10",
        "201506": "10.45",
        "201507": "10.01",
        "201508": "9.17",
        "201509": "9.70",
        "201510": "10.08",
        "201511": "10.14",
        "201512": "9.79",
        "201601": "9.66",
        "201602": "9.41",
        "201603": "9.82",
        "201604": "9.93",
        "201605": "9.99",
        "201606": "11.13",
        "201607": "16.62",
        "201608": "16.79",
        "201609": "16.11",
        "201610": "16.23",
        "201611": "16.11",
        "201612": "15.85",
        "201701": "17.83",
        "201702": "18.07",
        "201703": "18.24",
        "201704": "21.46",
        "201705": "22.10",
        "201706": "20.90",
        "201707": "19.70",
        "201708": "18.77",
        "201709": "18.74",
        "201710": "18.42",
        "201711": "17.80",
        "201712": "16.62",
        "201801": "17.51",
        "201802": "17.20",
        "201803": "16.93",
        "201804": "17.01",
        "201805": "16.69",
        "201806": "15.79",
        "201807": "15.49",
        "201808": "15.93",
        "201809": "19.69",
        "201810": "18.02",
        "201811": "17.59",
        "201812": "17.80",
        "201901": "20.03",
        "201902": "20.41",
        "201903": "19.67",
        "201904": "19.25",
        "201905": "19.44",
        "201906": "20.72",
        "201907": "20.76",
        "201908": "19.41",
        "201909": "19.44",
        "201910": "19.08",
        "201911": "18.84",
        "201912": "17.03",
        "202001": "17.80",
        "202002": "16.74",
        "202003": "14.51",
        "202004": "14.00",
        "202005": "14.02",
        "202006": "14.48",
        "202007": "14.13",
        "202008": "13.82",
        "202009": "14.01",
        "202010": "13.82",
        "202011": "13.80",
        "202012": "14.42",
        "202101": "13.86",
        "202102": "13.78",
        "202103": "13.96",
        "202104": "14.74",
        "202105": "14.29",
        "202106": "14.50",
        "202107": "14.44",
        "202108": "14.27",
        "202109": "16.28",
        "202110": "16.05",
        "202111": "17.08",
        "202112": "17.71",
        "202201": "16.96",
        "202202": "16.77",
        "202203": "16.20",
        "202204": "16.18",
        "202205": "15.84",
        "202206": "16.06",
        "202207": "14.86",
        "202208": "14.46",
        "202209": "12.34",
        "202210": "10.98",
        "202211": "11.49",
        "202212": "12.78",
        "202301": "12.25",
        "202302": "12.83",
        "202303": "12.92",
        "202304": "13.96",
        "202305": "14.71",
        "202306": "14.66",
        "202307": "14.73",
        "202308": "14.56",
        "202309": "15.18",
        "202310": "15.94",
        "202311": "16.09",
        "202312": "16.21"
    },
    "quarters": {
        "20011": {
            "year_quarter": 20011,
            "year": 2001,
            "quarter": 1,
            "eps": null,
            "eps_growth_year": null,
            "eps_4q": null,
            "eps_4q_growth_year": null,
            "roe": null,
            "roe_4q": 0,
            "gross_profit": null,
            "gross_margin": null,
            "gross_margin_4q_avg": 0,
            "net_income": null,
            "net_income_4q": null,
            "revenue": null,
            "revenue_4q": null,
            "common_shares": null,
            "book_valuer_per_share": null,
            "book_valuer_per_share_4q_avg": 0,
            "equity": null,
            "current_ratio": null,
            "debt_ratio": null,
            "inventory_turnover_ratio": null,
            "account_receivable_turnover_ratio": null,
            "reinvestment_rate": null,
            "research_to_sale_ratio": null,
            "price_fair": 0,
            "eps_avg_yearly": 0,
            "eps_latest_yearly": 0,
            "eps_growth_yearly": 0
        },
        "20012": {
            "year_quarter": 20012,
            "year": 2001,
            "quarter": 2,
            "eps": null,
            "eps_growth_year": null,
            "eps_4q": null,
            "eps_4q_growth_year": null,
            "roe": null,
            "roe_4q": 0,
            "gross_profit": null,
            "gross_margin": null,
            "gross_margin_4q_avg": 0,
            "net_income": null,
            "net_income_4q": null,
            "revenue": null,
            "revenue_4q": null,
            "common_shares": null,
            "book_valuer_per_share": null,
            "book_valuer_per_share_4q_avg": 0,
            "equity": null,
            "current_ratio": null,
            "debt_ratio": null,
            "inventory_turnover_ratio": null,
            "account_receivable_turnover_ratio": null,
            "reinvestment_rate": null,
            "research_to_sale_ratio": null,
            "price_fair": 0,
            "eps_avg_yearly": 0,
            "eps_latest_yearly": 0,
            "eps_growth_yearly": 0
        },
        "20013": {
            "year_quarter": 20013,
            "year": 2001,
            "quarter": 3,
            "eps": null,
            "eps_growth_year": null,
            "eps_4q": null,
            "eps_4q_growth_year": null,
            "roe": null,
            "roe_4q": 0,
            "gross_profit": null,
            "gross_margin": null,
            "gross_margin_4q_avg": 0,
            "net_income": null,
            "net_income_4q": null,
            "revenue": null,
            "revenue_4q": null,
            "common_shares": null,
            "book_valuer_per_share": null,
            "book_valuer_per_share_4q_avg": 0,
            "equity": null,
            "current_ratio": null,
            "debt_ratio": null,
            "inventory_turnover_ratio": null,
            "account_receivable_turnover_ratio": null,
            "reinvestment_rate": null,
            "research_to_sale_ratio": null,
            "price_fair": 0,
            "eps_avg_yearly": 0,
            "eps_latest_yearly": 0,
            "eps_growth_yearly": 0
        },
        "20014": {
            "year_quarter": 20014,
            "year": 2001,
            "quarter": 4,
            "eps": null,
            "eps_growth_year": null,
            "eps_4q": null,
            "eps_4q_growth_year": null,
            "roe": null,
            "roe_4q": 0,
            "gross_profit": null,
            "gross_margin": null,
            "gross_margin_4q_avg": 0,
            "net_income": null,
            "net_income_4q": null,
            "revenue": null,
            "revenue_4q": null,
            "common_shares": 200000,
            "book_valuer_per_share": 12.92,
            "book_valuer_per_share_4q_avg": 3.23,
            "equity": 258401,
            "current_ratio": 191.65,
            "debt_ratio": 30.84,
            "inventory_turnover_ratio": null,
            "account_receivable_turnover_ratio": null,
            "reinvestment_rate": null,
            "research_to_sale_ratio": null,
            "price_fair": 0,
            "eps_avg_yearly": 0,
            "eps_latest_yearly": 0,
            "eps_growth_yearly": 0
        },
        "20021": {
            "year_quarter": 20021,
            "year": 2002,
            "quarter": 1,
            "eps": null,
            "eps_growth_year": null,
            "eps_4q": null,
            "eps_4q_growth_year": null,
            "roe": null,
            "roe_4q": 0,
            "gross_profit": null,
            "gross_margin": null,
            "gross_margin_4q_avg": 0,
            "net_income": null,
            "net_income_4q": null,
            "revenue": null,
            "revenue_4q": null,
            "common_shares": null,
            "book_valuer_per_share": null,
            "book_valuer_per_share_4q_avg": 3.23,
            "equity": null,
            "current_ratio": null,
            "debt_ratio": null,
            "inventory_turnover_ratio": null,
            "account_receivable_turnover_ratio": null,
            "reinvestment_rate": null,
            "research_to_sale_ratio": null,
            "price_fair": 0,
            "eps_avg_yearly": 0,
            "eps_latest_yearly": 0,
            "eps_growth_yearly": 0
        },
        "20022": {
            "year_quarter": 20022,
            "year": 2002,
            "quarter": 2,
            "eps": null,
            "eps_growth_year": null,
            "eps_4q": null,
            "eps_4q_growth_year": null,
            "roe": null,
            "roe_4q": 0,
            "gross_profit": null,
            "gross_margin": null,
            "gross_margin_4q_avg": 0,
            "net_income": null,
            "net_income_4q": null,
            "revenue": null,
            "revenue_4q": null,
            "common_shares": null,
            "book_valuer_per_share": null,
            "book_valuer_per_share_4q_avg": 3.23,
            "equity": null,
            "current_ratio": null,
            "debt_ratio": null,
            "inventory_turnover_ratio": null,
            "account_receivable_turnover_ratio": null,
            "reinvestment_rate": null,
            "research_to_sale_ratio": null,
            "price_fair": 0,
            "eps_avg_yearly": 0,
            "eps_latest_yearly": 0,
            "eps_growth_yearly": 0
        },
        "20023": {
            "year_quarter": 20023,
            "year": 2002,
            "quarter": 3,
            "eps": null,
            "eps_growth_year": null,
            "eps_4q": null,
            "eps_4q_growth_year": null,
            "roe": null,
            "roe_4q": 0,
            "gross_profit": null,
            "gross_margin": null,
            "gross_margin_4q_avg": 0,
            "net_income": null,
            "net_income_4q": null,
            "revenue": null,
            "revenue_4q": null,
            "common_shares": null,
            "book_valuer_per_share": null,
            "book_valuer_per_share_4q_avg": 3.23,
            "equity": null,
            "current_ratio": null,
            "debt_ratio": null,
            "inventory_turnover_ratio": null,
            "account_receivable_turnover_ratio": null,
            "reinvestment_rate": null,
            "research_to_sale_ratio": null,
            "price_fair": 0,
            "eps_avg_yearly": 0,
            "eps_latest_yearly": 0,
            "eps_growth_yearly": 0
        },
        "20024": {
            "year_quarter": 20024,
            "year": 2002,
            "quarter": 4,
            "eps": null,
            "eps_growth_year": null,
            "eps_4q": null,
            "eps_4q_growth_year": null,
            "roe": null,
            "roe_4q": 0,
            "gross_profit": null,
            "gross_margin": null,
            "gross_margin_4q_avg": 0,
            "net_income": null,
            "net_income_4q": null,
            "revenue": null,
            "revenue_4q": null,
            "common_shares": 220000,
            "book_valuer_per_share": 18.11,
            "book_valuer_per_share_4q_avg": 4.53,
            "equity": 398316,
            "current_ratio": 291.7,
            "debt_ratio": 23.67,
            "inventory_turnover_ratio": null,
            "account_receivable_turnover_ratio": null,
            "reinvestment_rate": null,
            "research_to_sale_ratio": null,
            "price_fair": 0,
            "eps_avg_yearly": 0,
            "eps_latest_yearly": 0,
            "eps_growth_yearly": 0
        },
        "20031": {
            "year_quarter": 20031,
            "year": 2003,
            "quarter": 1,
            "eps": 0.43,
            "eps_growth_year": null,
            "eps_4q": null,
            "eps_4q_growth_year": null,
            "roe": 2.82,
            "roe_4q": 2.82,
            "gross_profit": 50110,
            "gross_margin": 33.47,
            "gross_margin_4q_avg": 8.37,
            "net_income": 11380,
            "net_income_4q": null,
            "revenue": 149704,
            "revenue_4q": null,
            "common_shares": 220000,
            "book_valuer_per_share": 18.62,
            "book_valuer_per_share_4q_avg": 9.18,
            "equity": 409696,
            "current_ratio": 229.18,
            "debt_ratio": 28.53,
            "inventory_turnover_ratio": 0.65,
            "account_receivable_turnover_ratio": null,
            "reinvestment_rate": null,
            "research_to_sale_ratio": null,
            "price_fair": 0,
            "eps_avg_yearly": 0,
            "eps_latest_yearly": 0,
            "eps_growth_yearly": 0
        },
        "20032": {
            "year_quarter": 20032,
            "year": 2003,
            "quarter": 2,
            "eps": 0.54,
            "eps_growth_year": null,
            "eps_4q": null,
            "eps_4q_growth_year": null,
            "roe": 3.42,
            "roe_4q": 6.24,
            "gross_profit": 60482,
            "gross_margin": 35.68,
            "gross_margin_4q_avg": 17.29,
            "net_income": 14241,
            "net_income_4q": null,
            "revenue": 169531,
            "revenue_4q": null,
            "common_shares": 220000,
            "book_valuer_per_share": 19.22,
            "book_valuer_per_share_4q_avg": 13.99,
            "equity": 422777,
            "current_ratio": 251.56,
            "debt_ratio": 26.24,
            "inventory_turnover_ratio": 0.71,
            "account_receivable_turnover_ratio": null,
            "reinvestment_rate": null,
            "research_to_sale_ratio": null,
            "price_fair": 75.6,
            "eps_avg_yearly": 2.16,
            "eps_latest_yearly": 2.16,
            "eps_growth_yearly": 102.33
        },
        "20033": {
            "year_quarter": 20033,
            "year": 2003,
            "quarter": 3,
            "eps": 0.85,
            "eps_growth_year": null,
            "eps_4q": null,
            "eps_4q_growth_year": null,
            "roe": 6.27,
            "roe_4q": 12.51,
            "gross_profit": 64669,
            "gross_margin": 33.74,
            "gross_margin_4q_avg": 25.72,
            "net_income": 27361,
            "net_income_4q": null,
            "revenue": 191659,
            "revenue_4q": null,
            "common_shares": 266000,
            "book_valuer_per_share": 16.9,
            "book_valuer_per_share_4q_avg": 18.21,
            "equity": 449576,
            "current_ratio": 270.66,
            "debt_ratio": 25.03,
            "inventory_turnover_ratio": 0.86,
            "account_receivable_turnover_ratio": null,
            "reinvestment_rate": null,
            "research_to_sale_ratio": null,
            "price_fair": 97.3,
            "eps_avg_yearly": 2.78,
            "eps_latest_yearly": 3.4,
            "eps_growth_yearly": 165.98
        },
        "20034": {
            "year_quarter": 20034,
            "year": 2003,
            "quarter": 4,
            "eps": 1.38,
            "eps_growth_year": null,
            "eps_4q": 3.37,
            "eps_4q_growth_year": null,
            "roe": 7.84,
            "roe_4q": 20.35,
            "gross_profit": 81072,
            "gross_margin": 34.3,
            "gross_margin_4q_avg": 34.3,
            "net_income": 36710,
            "net_income_4q": null,
            "revenue": 236370,
            "revenue_4q": null,
            "common_shares": 266000,
            "book_valuer_per_share": 18.29,
            "book_valuer_per_share_4q_avg": 18.26,
            "equity": 486459,
            "current_ratio": 262.24,
            "debt_ratio": 28.91,
            "inventory_turnover_ratio": 1.03,
            "account_receivable_turnover_ratio": null,
            "reinvestment_rate": null,
            "research_to_sale_ratio": null,
            "price_fair": 129.27,
            "eps_avg_yearly": 3.69,
            "eps_latest_yearly": 5.52,
            "eps_growth_yearly": 193.79
        },
        "20041": {
            "year_quarter": 20041,
            "year": 2004,
            "quarter": 1,
            "eps": 1.31,
            "eps_growth_year": 204.65,
            "eps_4q": 4.25,
            "eps_4q_growth_year": null,
            "roe": 6.94,
            "roe_4q": 24.47,
            "gross_profit": 77271,
            "gross_margin": 33.61,
            "gross_margin_4q_avg": 34.33,
            "net_income": 34928,
            "net_income_4q": null,
            "revenue": 229891,
            "revenue_4q": null,
            "common_shares": 266000,
            "book_valuer_per_share": 19.55,
            "book_valuer_per_share_4q_avg": 18.49,
            "equity": 519988,
            "current_ratio": 236.34,
            "debt_ratio": 29.94,
            "inventory_turnover_ratio": 0.83,
            "account_receivable_turnover_ratio": null,
            "reinvestment_rate": null,
            "research_to_sale_ratio": null,
            "price_fair": 142.8,
            "eps_avg_yearly": 4.08,
            "eps_latest_yearly": 5.24,
            "eps_growth_yearly": 140.27
        },
        "20042": {
            "year_quarter": 20042,
            "year": 2004,
            "quarter": 2,
            "eps": 0.8,
            "eps_growth_year": 48.15,
            "eps_4q": 3.87,
            "eps_4q_growth_year": null,
            "roe": 4.98,
            "roe_4q": 26.03,
            "gross_profit": 64690,
            "gross_margin": 31.68,
            "gross_margin_4q_avg": 33.33,
            "net_income": 25792,
            "net_income_4q": null,
            "revenue": 204230,
            "revenue_4q": null,
            "common_shares": 266000,
            "book_valuer_per_share": 19.37,
            "book_valuer_per_share_4q_avg": 18.53,
            "equity": 515296,
            "current_ratio": 206.68,
            "debt_ratio": 32.24,
            "inventory_turnover_ratio": 0.69,
            "account_receivable_turnover_ratio": null,
            "reinvestment_rate": null,
            "research_to_sale_ratio": null,
            "price_fair": 136.64,
            "eps_avg_yearly": 3.9,
            "eps_latest_yearly": 3.2,
            "eps_growth_yearly": 81.07
        },
        "20043": {
            "year_quarter": 20043,
            "year": 2004,
            "quarter": 3,
            "eps": 0.77,
            "eps_growth_year": -9.41,
            "eps_4q": 3.8,
            "eps_4q_growth_year": null,
            "roe": 4.76,
            "roe_4q": 24.52,
            "gross_profit": 65911,
            "gross_margin": 32.08,
            "gross_margin_4q_avg": 32.92,
            "net_income": 24778,
            "net_income_4q": null,
            "revenue": 205469,
            "revenue_4q": null,
            "common_shares": 322828,
            "book_valuer_per_share": 16.28,
            "book_valuer_per_share_4q_avg": 18.37,
            "equity": 525611,
            "current_ratio": 223.2,
            "debt_ratio": 30.67,
            "inventory_turnover_ratio": 0.63,
            "account_receivable_turnover_ratio": null,
            "reinvestment_rate": null,
            "research_to_sale_ratio": null,
            "price_fair": 131.83,
            "eps_avg_yearly": 3.77,
            "eps_latest_yearly": 3.08,
            "eps_growth_yearly": 65.06
        },
        "20044": {
            "year_quarter": 20044,
            "year": 2004,
            "quarter": 4,
            "eps": 0.36,
            "eps_growth_year": -73.91,
            "eps_4q": 3.03,
            "eps_4q_growth_year": -10.25,
            "roe": 2.18,
            "roe_4q": 18.86,
            "gross_profit": 61172,
            "gross_margin": 29.39,
            "gross_margin_4q_avg": 31.69,
            "net_income": 11544,
            "net_income_4q": null,
            "revenue": 208139,
            "revenue_4q": null,
            "common_shares": 322828,
            "book_valuer_per_share": 16.46,
            "book_valuer_per_share_4q_avg": 17.92,
            "equity": 531481,
            "current_ratio": 376.78,
            "debt_ratio": 20.06,
            "inventory_turnover_ratio": 0.61,
            "account_receivable_turnover_ratio": null,
            "reinvestment_rate": null,
            "research_to_sale_ratio": null,
            "price_fair": 120.2,
            "eps_avg_yearly": 3.43,
            "eps_latest_yearly": 1.44,
            "eps_growth_yearly": 25.34
        },
        "20051": {
            "year_quarter": 20051,
            "year": 2005,
            "quarter": 1,
            "eps": 0.21,
            "eps_growth_year": -83.97,
            "eps_4q": 2.21,
            "eps_4q_growth_year": -48.07,
            "roe": 1.22,
            "roe_4q": 13.14,
            "gross_profit": 51497,
            "gross_margin": 28.24,
            "gross_margin_4q_avg": 30.35,
            "net_income": 6537,
            "net_income_4q": null,
            "revenue": 182376,
            "revenue_4q": null,
            "common_shares": 322828,
            "book_valuer_per_share": 16.64,
            "book_valuer_per_share_4q_avg": 17.19,
            "equity": 537308,
            "current_ratio": 280.36,
            "debt_ratio": 25.03,
            "inventory_turnover_ratio": 0.55,
            "account_receivable_turnover_ratio": null,
            "reinvestment_rate": null,
            "research_to_sale_ratio": null,
            "price_fair": 35.26,
            "eps_avg_yearly": 3.11,
            "eps_latest_yearly": 0.84,
            "eps_growth_yearly": 1.34
        },
        "20052": {
            "year_quarter": 20052,
            "year": 2005,
            "quarter": 2,
            "eps": 0.03,
            "eps_growth_year": -96.25,
            "eps_4q": 1.26,
            "eps_4q_growth_year": -67.38,
            "roe": 0.2,
            "roe_4q": 8.36,
            "gross_profit": 45053,
            "gross_margin": 30.84,
            "gross_margin_4q_avg": 30.14,
            "net_income": 1043,
            "net_income_4q": null,
            "revenue": 146071,
            "revenue_4q": null,
            "common_shares": 322828,
            "book_valuer_per_share": 15.49,
            "book_valuer_per_share_4q_avg": 16.22,
            "equity": 500041,
            "current_ratio": 254.55,
            "debt_ratio": 27.76,
            "inventory_turnover_ratio": 0.43,
            "account_receivable_turnover_ratio": null,
            "reinvestment_rate": null,
            "research_to_sale_ratio": null,
            "price_fair": 8.33,
            "eps_avg_yearly": 2.78,
            "eps_latest_yearly": 0.12,
            "eps_growth_yearly": -36.91
        },
        "20053": {
            "year_quarter": 20053,
            "year": 2005,
            "quarter": 3,
            "eps": 0.55,
            "eps_growth_year": -28.57,
            "eps_4q": 1.07,
            "eps_4q_growth_year": -71.87,
            "roe": 3.96,
            "roe_4q": 7.5600000000000005,
            "gross_profit": 60146,
            "gross_margin": 33.72,
            "gross_margin_4q_avg": 30.55,
            "net_income": 20289,
            "net_income_4q": null,
            "revenue": 178381,
            "revenue_4q": null,
            "common_shares": 375655,
            "book_valuer_per_share": 13.94,
            "book_valuer_per_share_4q_avg": 15.63,
            "equity": 523524,
            "current_ratio": 292.31,
            "debt_ratio": 24.58,
            "inventory_turnover_ratio": 0.57,
            "account_receivable_turnover_ratio": null,
            "reinvestment_rate": null,
            "research_to_sale_ratio": null,
            "price_fair": 95.2,
            "eps_avg_yearly": 2.72,
            "eps_latest_yearly": 2.2,
            "eps_growth_yearly": 660.12
        },
        "20054": {
            "year_quarter": 20054,
            "year": 2005,
            "quarter": 4,
            "eps": 0.71,
            "eps_growth_year": 97.22,
            "eps_4q": 1.46,
            "eps_4q_growth_year": -51.72,
            "roe": 4.92,
            "roe_4q": 10.299999999999999,
            "gross_profit": 72295,
            "gross_margin": 39.06,
            "gross_margin_4q_avg": 32.97,
            "net_income": 26340,
            "net_income_4q": null,
            "revenue": 185108,
            "revenue_4q": null,
            "common_shares": 375655,
            "book_valuer_per_share": 14.57,
            "book_valuer_per_share_4q_avg": 15.16,
            "equity": 547234,
            "current_ratio": 471.96,
            "debt_ratio": 17.31,
            "inventory_turnover_ratio": 0.62,
            "account_receivable_turnover_ratio": null,
            "reinvestment_rate": null,
            "research_to_sale_ratio": null,
            "price_fair": 95.58,
            "eps_avg_yearly": 2.73,
            "eps_latest_yearly": 2.84,
            "eps_growth_yearly": 610.69
        },
        "20061": {
            "year_quarter": 20061,
            "year": 2006,
            "quarter": 1,
            "eps": 0.61,
            "eps_growth_year": 190.48,
            "eps_4q": 1.85,
            "eps_4q_growth_year": -15.99,
            "roe": 4,
            "roe_4q": 13.079999999999998,
            "gross_profit": 75662,
            "gross_margin": 45.21,
            "gross_margin_4q_avg": 37.21,
            "net_income": 23399,
            "net_income_4q": null,
            "revenue": 167365,
            "revenue_4q": null,
            "common_shares": 390000,
            "book_valuer_per_share": 15.96,
            "book_valuer_per_share_4q_avg": 14.99,
            "equity": 622635,
            "current_ratio": 383.49,
            "debt_ratio": 18.6,
            "inventory_turnover_ratio": 0.51,
            "account_receivable_turnover_ratio": null,
            "reinvestment_rate": null,
            "research_to_sale_ratio": null,
            "price_fair": 94.73,
            "eps_avg_yearly": 2.71,
            "eps_latest_yearly": 2.44,
            "eps_growth_yearly": 555.1
        },
        "20062": {
            "year_quarter": 20062,
            "year": 2006,
            "quarter": 2,
            "eps": 0.45,
            "eps_growth_year": 1400,
            "eps_4q": 2.14,
            "eps_4q_growth_year": 69.83,
            "roe": 3,
            "roe_4q": 15.879999999999999,
            "gross_profit": 84689,
            "gross_margin": 44.67,
            "gross_margin_4q_avg": 40.67,
            "net_income": 18597,
            "net_income_4q": null,
            "revenue": 189591,
            "revenue_4q": null,
            "common_shares": 390000,
            "book_valuer_per_share": 15.79,
            "book_valuer_per_share_4q_avg": 15.07,
            "equity": 615795,
            "current_ratio": 291.85,
            "debt_ratio": 25.35,
            "inventory_turnover_ratio": 0.59,
            "account_receivable_turnover_ratio": null,
            "reinvestment_rate": null,
            "research_to_sale_ratio": null,
            "price_fair": 92.29,
            "eps_avg_yearly": 2.64,
            "eps_latest_yearly": 1.8,
            "eps_growth_yearly": 504.33
        },
        "20063": {
            "year_quarter": 20063,
            "year": 2006,
            "quarter": 3,
            "eps": 0.88,
            "eps_growth_year": 60,
            "eps_4q": 2.54,
            "eps_4q_growth_year": 137.38,
            "roe": 5.87,
            "roe_4q": 17.79,
            "gross_profit": 83501,
            "gross_margin": 43.24,
            "gross_margin_4q_avg": 43.05,
            "net_income": 36309,
            "net_income_4q": null,
            "revenue": 193102,
            "revenue_4q": null,
            "common_shares": 413916,
            "book_valuer_per_share": 14.99,
            "book_valuer_per_share_4q_avg": 15.33,
            "equity": 620300,
            "current_ratio": 357.96,
            "debt_ratio": 21.17,
            "inventory_turnover_ratio": 0.6,
            "account_receivable_turnover_ratio": null,
            "reinvestment_rate": null,
            "research_to_sale_ratio": null,
            "price_fair": 94.5,
            "eps_avg_yearly": 2.7,
            "eps_latest_yearly": 3.52,
            "eps_growth_yearly": 495.61
        },
        "20064": {
            "year_quarter": 20064,
            "year": 2006,
            "quarter": 4,
            "eps": 0.21,
            "eps_growth_year": -70.42,
            "eps_4q": 2.11,
            "eps_4q_growth_year": 44.52,
            "roe": 1.39,
            "roe_4q": 14.26,
            "gross_profit": 82162,
            "gross_margin": 44.82,
            "gross_margin_4q_avg": 44.49,
            "net_income": 8647,
            "net_income_4q": null,
            "revenue": 183334,
            "revenue_4q": null,
            "common_shares": 413916,
            "book_valuer_per_share": 15.17,
            "book_valuer_per_share_4q_avg": 15.48,
            "equity": 628058,
            "current_ratio": 568.16,
            "debt_ratio": 14.8,
            "inventory_turnover_ratio": 0.58,
            "account_receivable_turnover_ratio": null,
            "reinvestment_rate": -6.82,
            "research_to_sale_ratio": null,
            "price_fair": 90.16,
            "eps_avg_yearly": 2.58,
            "eps_latest_yearly": 0.84,
            "eps_growth_yearly": 442.26
        },
        "20071": {
            "year_quarter": 20071,
            "year": 2007,
            "quarter": 1,
            "eps": 0.38,
            "eps_growth_year": -37.7,
            "eps_4q": 1.94,
            "eps_4q_growth_year": 4.58,
            "roe": 2.42,
            "roe_4q": 12.68,
            "gross_profit": 69520,
            "gross_margin": 44.02,
            "gross_margin_4q_avg": 44.19,
            "net_income": 15504,
            "net_income_4q": null,
            "revenue": 157924,
            "revenue_4q": null,
            "common_shares": 413916,
            "book_valuer_per_share": 15.75,
            "book_valuer_per_share_4q_avg": 15.43,
            "equity": 652002,
            "current_ratio": 341.18,
            "debt_ratio": 22.56,
            "inventory_turnover_ratio": 0.55,
            "account_receivable_turnover_ratio": null,
            "reinvestment_rate": -9.64,
            "research_to_sale_ratio": null,
            "price_fair": 87.85,
            "eps_avg_yearly": 2.51,
            "eps_latest_yearly": 1.52,
            "eps_growth_yearly": 434.86
        },
        "20072": {
            "year_quarter": 20072,
            "year": 2007,
            "quarter": 2,
            "eps": 0.74,
            "eps_growth_year": 64.44,
            "eps_4q": 2.23,
            "eps_4q_growth_year": 3.95,
            "roe": 4.59,
            "roe_4q": 14.27,
            "gross_profit": 94990,
            "gross_margin": 42.5,
            "gross_margin_4q_avg": 43.65,
            "net_income": 30041,
            "net_income_4q": null,
            "revenue": 223513,
            "revenue_4q": null,
            "common_shares": 413916,
            "book_valuer_per_share": 15.85,
            "book_valuer_per_share_4q_avg": 15.44,
            "equity": 655907,
            "current_ratio": 253.22,
            "debt_ratio": 27.92,
            "inventory_turnover_ratio": 0.75,
            "account_receivable_turnover_ratio": null,
            "reinvestment_rate": -11.13,
            "research_to_sale_ratio": null,
            "price_fair": 89.6,
            "eps_avg_yearly": 2.56,
            "eps_latest_yearly": 2.96,
            "eps_growth_yearly": 452.15
        },
        "20073": {
            "year_quarter": 20073,
            "year": 2007,
            "quarter": 3,
            "eps": 0.95,
            "eps_growth_year": 7.95,
            "eps_4q": 2.18,
            "eps_4q_growth_year": -14.18,
            "roe": 6.45,
            "roe_4q": 14.85,
            "gross_profit": 113223,
            "gross_margin": 43.36,
            "gross_margin_4q_avg": 43.68,
            "net_income": 41973,
            "net_income_4q": null,
            "revenue": 261118,
            "revenue_4q": null,
            "common_shares": 450836,
            "book_valuer_per_share": 14.32,
            "book_valuer_per_share_4q_avg": 15.27,
            "equity": 645590,
            "current_ratio": 282.25,
            "debt_ratio": 25.06,
            "inventory_turnover_ratio": 0.82,
            "account_receivable_turnover_ratio": null,
            "reinvestment_rate": -11.31,
            "research_to_sale_ratio": null,
            "price_fair": 90.48,
            "eps_avg_yearly": 2.59,
            "eps_latest_yearly": 3.8,
            "eps_growth_yearly": 444.89
        },
        "20074": {
            "year_quarter": 20074,
            "year": 2007,
            "quarter": 4,
            "eps": 0.02,
            "eps_growth_year": -90.48,
            "eps_4q": 2.16,
            "eps_4q_growth_year": 2.28,
            "roe": 0.13,
            "roe_4q": 13.59,
            "gross_profit": 78711,
            "gross_margin": 40.09,
            "gross_margin_4q_avg": 42.49,
            "net_income": 818,
            "net_income_4q": null,
            "revenue": 196342,
            "revenue_4q": null,
            "common_shares": 450836,
            "book_valuer_per_share": 14.17,
            "book_valuer_per_share_4q_avg": 15.02,
            "equity": 638734,
            "current_ratio": 366.92,
            "debt_ratio": 20.84,
            "inventory_turnover_ratio": 0.65,
            "account_receivable_turnover_ratio": null,
            "reinvestment_rate": -15.01,
            "research_to_sale_ratio": null,
            "price_fair": 78.58,
            "eps_avg_yearly": 2.25,
            "eps_latest_yearly": 0.08,
            "eps_growth_yearly": 404.83
        },
        "20081": {
            "year_quarter": 20081,
            "year": 2008,
            "quarter": 1,
            "eps": -0.13,
            "eps_growth_year": -134.21,
            "eps_4q": 1.51,
            "eps_4q_growth_year": -22.21,
            "roe": -0.91,
            "roe_4q": 10.26,
            "gross_profit": 62334,
            "gross_margin": 36.41,
            "gross_margin_4q_avg": 40.59,
            "net_income": -5783,
            "net_income_4q": null,
            "revenue": 171208,
            "revenue_4q": null,
            "common_shares": 450836,
            "book_valuer_per_share": 13.99,
            "book_valuer_per_share_4q_avg": 14.58,
            "equity": 630624,
            "current_ratio": 362.09,
            "debt_ratio": 21.47,
            "inventory_turnover_ratio": 0.55,
            "account_receivable_turnover_ratio": null,
            "reinvestment_rate": -17.39,
            "research_to_sale_ratio": null,
            "price_fair": 71.59,
            "eps_avg_yearly": 2.05,
            "eps_latest_yearly": 0.08,
            "eps_growth_yearly": 433.17
        },
        "20082": {
            "year_quarter": 20082,
            "year": 2008,
            "quarter": 2,
            "eps": 0.6,
            "eps_growth_year": -18.92,
            "eps_4q": 1.39,
            "eps_4q_growth_year": -37.82,
            "roe": 4.58,
            "roe_4q": 10.25,
            "gross_profit": 48344,
            "gross_margin": 31.21,
            "gross_margin_4q_avg": 37.77,
            "net_income": 28242,
            "net_income_4q": null,
            "revenue": 154893,
            "revenue_4q": null,
            "common_shares": 450836,
            "book_valuer_per_share": 13.35,
            "book_valuer_per_share_4q_avg": 13.96,
            "equity": 601926,
            "current_ratio": 441.81,
            "debt_ratio": 16.8,
            "inventory_turnover_ratio": 0.55,
            "account_receivable_turnover_ratio": null,
            "reinvestment_rate": -19.66,
            "research_to_sale_ratio": null,
            "price_fair": 68.7,
            "eps_avg_yearly": 1.96,
            "eps_latest_yearly": 0.08,
            "eps_growth_yearly": 475.24
        },
        "20083": {
            "year_quarter": 20083,
            "year": 2008,
            "quarter": 3,
            "eps": 0.15,
            "eps_growth_year": -84.21,
            "eps_4q": 0.64,
            "eps_4q_growth_year": -70.41,
            "roe": 1.18,
            "roe_4q": 4.9799999999999995,
            "gross_profit": 46310,
            "gross_margin": 30.41,
            "gross_margin_4q_avg": 34.53,
            "net_income": 7066,
            "net_income_4q": null,
            "revenue": 152262,
            "revenue_4q": null,
            "common_shares": 478586,
            "book_valuer_per_share": 12.47,
            "book_valuer_per_share_4q_avg": 13.5,
            "equity": 596607,
            "current_ratio": 568.05,
            "debt_ratio": 13.02,
            "inventory_turnover_ratio": 0.61,
            "account_receivable_turnover_ratio": null,
            "reinvestment_rate": -20.04,
            "research_to_sale_ratio": null,
            "price_fair": 62.5,
            "eps_avg_yearly": 1.79,
            "eps_latest_yearly": 0.6,
            "eps_growth_yearly": 454.88
        },
        "20084": {
            "year_quarter": 20084,
            "year": 2008,
            "quarter": 4,
            "eps": -0.24,
            "eps_growth_year": -1300,
            "eps_4q": 0.4,
            "eps_4q_growth_year": -81.48,
            "roe": -1.9,
            "roe_4q": 2.95,
            "gross_profit": 31467,
            "gross_margin": 32.73,
            "gross_margin_4q_avg": 32.69,
            "net_income": -11140,
            "net_income_4q": null,
            "revenue": 96148,
            "revenue_4q": null,
            "common_shares": 478586,
            "book_valuer_per_share": 11.98,
            "book_valuer_per_share_4q_avg": 12.95,
            "equity": 573518,
            "current_ratio": 1097.51,
            "debt_ratio": 6.71,
            "inventory_turnover_ratio": 0.42,
            "account_receivable_turnover_ratio": 1.65,
            "reinvestment_rate": -26.76,
            "research_to_sale_ratio": null,
            "price_fair": 63.43,
            "eps_avg_yearly": 1.81,
            "eps_latest_yearly": 0.6,
            "eps_growth_yearly": 506.25
        },
        "20091": {
            "year_quarter": 20091,
            "year": 2009,
            "quarter": 1,
            "eps": -0.3,
            "eps_growth_year": null,
            "eps_4q": 0.22,
            "eps_4q_growth_year": -85.11,
            "roe": -2.37,
            "roe_4q": 1.4900000000000002,
            "gross_profit": 20411,
            "gross_margin": 22.64,
            "gross_margin_4q_avg": 29.25,
            "net_income": -13430,
            "net_income_4q": null,
            "revenue": 90154,
            "revenue_4q": null,
            "common_shares": 478586,
            "book_valuer_per_share": 11.73,
            "book_valuer_per_share_4q_avg": 12.38,
            "equity": 561148,
            "current_ratio": 708.62,
            "debt_ratio": 10.55,
            "inventory_turnover_ratio": 0.51,
            "account_receivable_turnover_ratio": 0.83,
            "reinvestment_rate": -21.75,
            "research_to_sale_ratio": null,
            "price_fair": 66.27,
            "eps_avg_yearly": 1.89,
            "eps_latest_yearly": 0.6,
            "eps_growth_yearly": 562.33
        },
        "20092": {
            "year_quarter": 20092,
            "year": 2009,
            "quarter": 2,
            "eps": -0.42,
            "eps_growth_year": -170,
            "eps_4q": -0.76,
            "eps_4q_growth_year": -154.9,
            "roe": -3.43,
            "roe_4q": -6.520000000000001,
            "gross_profit": 31071,
            "gross_margin": 24.64,
            "gross_margin_4q_avg": 27.61,
            "net_income": -18917,
            "net_income_4q": null,
            "revenue": 126101,
            "revenue_4q": null,
            "common_shares": 478586,
            "book_valuer_per_share": 11.31,
            "book_valuer_per_share_4q_avg": 11.87,
            "equity": 541245,
            "current_ratio": 812.45,
            "debt_ratio": 9.26,
            "inventory_turnover_ratio": 0.79,
            "account_receivable_turnover_ratio": 1.15,
            "reinvestment_rate": -22.93,
            "research_to_sale_ratio": null,
            "price_fair": 71.91,
            "eps_avg_yearly": 2.05,
            "eps_latest_yearly": 0.6,
            "eps_growth_yearly": 644.62
        },
        "20093": {
            "year_quarter": 20093,
            "year": 2009,
            "quarter": 3,
            "eps": -0.08,
            "eps_growth_year": -153.33,
            "eps_4q": -0.98,
            "eps_4q_growth_year": -252.54,
            "roe": -0.66,
            "roe_4q": -8.36,
            "gross_profit": 42567,
            "gross_margin": 30.28,
            "gross_margin_4q_avg": 27.57,
            "net_income": -3538,
            "net_income_4q": null,
            "revenue": 140555,
            "revenue_4q": null,
            "common_shares": 478586,
            "book_valuer_per_share": 11.22,
            "book_valuer_per_share_4q_avg": 11.56,
            "equity": 537131,
            "current_ratio": 641.16,
            "debt_ratio": 12,
            "inventory_turnover_ratio": 0.95,
            "account_receivable_turnover_ratio": 1.08,
            "reinvestment_rate": -23.67,
            "research_to_sale_ratio": null,
            "price_fair": 52.53,
            "eps_avg_yearly": 2.04,
            "eps_latest_yearly": 0.6,
            "eps_growth_yearly": 15.75
        },
        "20094": {
            "year_quarter": 20094,
            "year": 2009,
            "quarter": 4,
            "eps": -0.13,
            "eps_growth_year": null,
            "eps_4q": -0.93,
            "eps_4q_growth_year": -331.34,
            "roe": -1.09,
            "roe_4q": -7.55,
            "gross_profit": 35018,
            "gross_margin": 28.2,
            "gross_margin_4q_avg": 26.44,
            "net_income": -5811,
            "net_income_4q": null,
            "revenue": 124184,
            "revenue_4q": null,
            "common_shares": 478586,
            "book_valuer_per_share": 11.75,
            "book_valuer_per_share_4q_avg": 11.5,
            "equity": 529521,
            "current_ratio": 589.33,
            "debt_ratio": 13.41,
            "inventory_turnover_ratio": 0.92,
            "account_receivable_turnover_ratio": 1.79,
            "reinvestment_rate": -17.93,
            "research_to_sale_ratio": null,
            "price_fair": 28.42,
            "eps_avg_yearly": 1.95,
            "eps_latest_yearly": 0.6,
            "eps_growth_yearly": 4.57
        },
        "20101": {
            "year_quarter": 20101,
            "year": 2010,
            "quarter": 1,
            "eps": -0.08,
            "eps_growth_year": null,
            "eps_4q": -0.7,
            "eps_4q_growth_year": -414.12,
            "roe": -0.66,
            "roe_4q": -5.84,
            "gross_profit": 36853,
            "gross_margin": 26.92,
            "gross_margin_4q_avg": 27.51,
            "net_income": -3491,
            "net_income_4q": null,
            "revenue": 136906,
            "revenue_4q": null,
            "common_shares": 478586,
            "book_valuer_per_share": 11.67,
            "book_valuer_per_share_4q_avg": 11.49,
            "equity": 525892,
            "current_ratio": 599.81,
            "debt_ratio": 13.35,
            "inventory_turnover_ratio": 1.05,
            "account_receivable_turnover_ratio": 0.98,
            "reinvestment_rate": -11.88,
            "research_to_sale_ratio": 13.16,
            "price_fair": 41.92,
            "eps_avg_yearly": 1.89,
            "eps_latest_yearly": 0.6,
            "eps_growth_yearly": 12.18
        },
        "20102": {
            "year_quarter": 20102,
            "year": 2010,
            "quarter": 2,
            "eps": -0.06,
            "eps_growth_year": null,
            "eps_4q": -0.35,
            "eps_4q_growth_year": null,
            "roe": -0.55,
            "roe_4q": -2.96,
            "gross_profit": 40499,
            "gross_margin": 27.44,
            "gross_margin_4q_avg": 28.21,
            "net_income": -2886,
            "net_income_4q": null,
            "revenue": 147588,
            "revenue_4q": null,
            "common_shares": 478586,
            "book_valuer_per_share": 11.61,
            "book_valuer_per_share_4q_avg": 11.56,
            "equity": 523353,
            "current_ratio": 559.31,
            "debt_ratio": 14.54,
            "inventory_turnover_ratio": 1.09,
            "account_receivable_turnover_ratio": 1.02,
            "reinvestment_rate": -14.74,
            "research_to_sale_ratio": 9.86,
            "price_fair": 66.6,
            "eps_avg_yearly": 1.9,
            "eps_latest_yearly": 0.6,
            "eps_growth_yearly": 28.91
        },
        "20103": {
            "year_quarter": 20103,
            "year": 2010,
            "quarter": 3,
            "eps": 0.08,
            "eps_growth_year": null,
            "eps_4q": -0.19,
            "eps_4q_growth_year": null,
            "roe": 0.71,
            "roe_4q": -1.5900000000000003,
            "gross_profit": 44786,
            "gross_margin": 31.07,
            "gross_margin_4q_avg": 28.41,
            "net_income": 3714,
            "net_income_4q": null,
            "revenue": 144147,
            "revenue_4q": null,
            "common_shares": 478586,
            "book_valuer_per_share": 11.69,
            "book_valuer_per_share_4q_avg": 11.68,
            "equity": 526617,
            "current_ratio": 624.8,
            "debt_ratio": 13.21,
            "inventory_turnover_ratio": 0.94,
            "account_receivable_turnover_ratio": 0.97,
            "reinvestment_rate": -15.04,
            "research_to_sale_ratio": 9.43,
            "price_fair": 4.9,
            "eps_avg_yearly": 1.63,
            "eps_latest_yearly": 0.6,
            "eps_growth_yearly": -29.98
        },
        "20104": {
            "year_quarter": 20104,
            "year": 2010,
            "quarter": 4,
            "eps": -1.04,
            "eps_growth_year": null,
            "eps_4q": -1.1,
            "eps_4q_growth_year": null,
            "roe": -9.33,
            "roe_4q": -9.830000000000002,
            "gross_profit": 26092,
            "gross_margin": 24.34,
            "gross_margin_4q_avg": 27.44,
            "net_income": -46851,
            "net_income_4q": null,
            "revenue": 107206,
            "revenue_4q": null,
            "common_shares": 470586,
            "book_valuer_per_share": 10.61,
            "book_valuer_per_share_4q_avg": 11.4,
            "equity": 477866,
            "current_ratio": 591.07,
            "debt_ratio": 14.33,
            "inventory_turnover_ratio": 0.74,
            "account_receivable_turnover_ratio": 0.81,
            "reinvestment_rate": -145.69,
            "research_to_sale_ratio": 19.07,
            "price_fair": 62.61,
            "eps_avg_yearly": 1.79,
            "eps_latest_yearly": 0.6,
            "eps_growth_yearly": 24.94
        },
        "20111": {
            "year_quarter": 20111,
            "year": 2011,
            "quarter": 1,
            "eps": -0.4,
            "eps_growth_year": null,
            "eps_4q": -1.43,
            "eps_4q_growth_year": null,
            "roe": -3.89,
            "roe_4q": -13.060000000000002,
            "gross_profit": 23556,
            "gross_margin": 21.9,
            "gross_margin_4q_avg": 26.19,
            "net_income": -18237,
            "net_income_4q": null,
            "revenue": 107542,
            "revenue_4q": null,
            "common_shares": 470586,
            "book_valuer_per_share": 10.21,
            "book_valuer_per_share_4q_avg": 11.03,
            "equity": 459846,
            "current_ratio": 616.25,
            "debt_ratio": 13.91,
            "inventory_turnover_ratio": 0.78,
            "account_receivable_turnover_ratio": 0.95,
            "reinvestment_rate": null,
            "research_to_sale_ratio": 16.6,
            "price_fair": 5.58,
            "eps_avg_yearly": 1.86,
            "eps_latest_yearly": 0.6,
            "eps_growth_yearly": -49.78
        },
        "20112": {
            "year_quarter": 20112,
            "year": 2011,
            "quarter": 2,
            "eps": -0.54,
            "eps_growth_year": null,
            "eps_4q": -1.9,
            "eps_4q_growth_year": null,
            "roe": -5.4,
            "roe_4q": -17.91,
            "gross_profit": 27709,
            "gross_margin": 24.35,
            "gross_margin_4q_avg": 25.42,
            "net_income": -24184,
            "net_income_4q": null,
            "revenue": 113790,
            "revenue_4q": null,
            "common_shares": 470586,
            "book_valuer_per_share": 9.66,
            "book_valuer_per_share_4q_avg": 10.54,
            "equity": 435368,
            "current_ratio": 617.83,
            "debt_ratio": 14.13,
            "inventory_turnover_ratio": 0.81,
            "account_receivable_turnover_ratio": 1.04,
            "reinvestment_rate": null,
            "research_to_sale_ratio": 13.53,
            "price_fair": 4.48,
            "eps_avg_yearly": 1.49,
            "eps_latest_yearly": 0.6,
            "eps_growth_yearly": -192.69
        },
        "20113": {
            "year_quarter": 20113,
            "year": 2011,
            "quarter": 3,
            "eps": -0.19,
            "eps_growth_year": -328.49,
            "eps_4q": -2.17,
            "eps_4q_growth_year": null,
            "roe": -1.97,
            "roe_4q": -20.59,
            "gross_profit": 25099,
            "gross_margin": 21.91,
            "gross_margin_4q_avg": 23.13,
            "net_income": -8486,
            "net_income_4q": null,
            "revenue": 114576,
            "revenue_4q": null,
            "common_shares": 470586,
            "book_valuer_per_share": 9.5,
            "book_valuer_per_share_4q_avg": 10,
            "equity": 427919,
            "current_ratio": 682.28,
            "debt_ratio": 13.1,
            "inventory_turnover_ratio": 0.87,
            "account_receivable_turnover_ratio": 0.99,
            "reinvestment_rate": null,
            "research_to_sale_ratio": 18.45,
            "price_fair": 1.02,
            "eps_avg_yearly": 0.34,
            "eps_latest_yearly": 0.6,
            "eps_growth_yearly": -345.79
        },
        "20114": {
            "year_quarter": 20114,
            "year": 2011,
            "quarter": 4,
            "eps": -0.67,
            "eps_growth_year": null,
            "eps_4q": -1.8,
            "eps_4q_growth_year": null,
            "roe": -7.33,
            "roe_4q": -18.59,
            "gross_profit": 24397,
            "gross_margin": 24.66,
            "gross_margin_4q_avg": 23.21,
            "net_income": -30257,
            "net_income_4q": null,
            "revenue": 98934,
            "revenue_4q": null,
            "common_shares": 450586,
            "book_valuer_per_share": 8.82,
            "book_valuer_per_share_4q_avg": 9.55,
            "equity": 397337,
            "current_ratio": 508.43,
            "debt_ratio": 17.93,
            "inventory_turnover_ratio": 0.78,
            "account_receivable_turnover_ratio": 0.85,
            "reinvestment_rate": null,
            "research_to_sale_ratio": 21.34,
            "price_fair": 1.8,
            "eps_avg_yearly": 0.6,
            "eps_latest_yearly": 0.6,
            "eps_growth_yearly": -300
        },
        "20121": {
            "year_quarter": 20121,
            "year": 2012,
            "quarter": 1,
            "eps": -0.69,
            "eps_growth_year": null,
            "eps_4q": -2.09,
            "eps_4q_growth_year": null,
            "roe": -8.22,
            "roe_4q": -22.92,
            "gross_profit": 21171,
            "gross_margin": 21.06,
            "gross_margin_4q_avg": 23,
            "net_income": -31352,
            "net_income_4q": null,
            "revenue": 100539,
            "revenue_4q": null,
            "common_shares": 450586,
            "book_valuer_per_share": 8.11,
            "book_valuer_per_share_4q_avg": 9.02,
            "equity": 365613,
            "current_ratio": 498.66,
            "debt_ratio": 17.69,
            "inventory_turnover_ratio": 0.88,
            "account_receivable_turnover_ratio": 0.92,
            "reinvestment_rate": null,
            "research_to_sale_ratio": 14.17,
            "price_fair": 1.8,
            "eps_avg_yearly": 0.6,
            "eps_latest_yearly": 0.6,
            "eps_growth_yearly": -300
        },
        "20122": {
            "year_quarter": 20122,
            "year": 2012,
            "quarter": 2,
            "eps": -0.16,
            "eps_growth_year": null,
            "eps_4q": -1.71,
            "eps_4q_growth_year": null,
            "roe": -1.93,
            "roe_4q": -19.45,
            "gross_profit": 24081,
            "gross_margin": 23.18,
            "gross_margin_4q_avg": 22.7,
            "net_income": -6998,
            "net_income_4q": null,
            "revenue": 103888,
            "revenue_4q": null,
            "common_shares": 450586,
            "book_valuer_per_share": 7.97,
            "book_valuer_per_share_4q_avg": 8.6,
            "equity": 359290,
            "current_ratio": 400.82,
            "debt_ratio": 21.73,
            "inventory_turnover_ratio": 0.89,
            "account_receivable_turnover_ratio": 0.95,
            "reinvestment_rate": null,
            "research_to_sale_ratio": 13.58,
            "price_fair": 1.8,
            "eps_avg_yearly": 0.6,
            "eps_latest_yearly": 0.6,
            "eps_growth_yearly": -300
        },
        "20123": {
            "year_quarter": 20123,
            "year": 2012,
            "quarter": 3,
            "eps": -0.11,
            "eps_growth_year": null,
            "eps_4q": -1.64,
            "eps_4q_growth_year": null,
            "roe": -1.45,
            "roe_4q": -18.93,
            "gross_profit": 24424,
            "gross_margin": 23.14,
            "gross_margin_4q_avg": 23.01,
            "net_income": -5172,
            "net_income_4q": null,
            "revenue": 105551,
            "revenue_4q": null,
            "common_shares": 450586,
            "book_valuer_per_share": 7.86,
            "book_valuer_per_share_4q_avg": 8.19,
            "equity": 354108,
            "current_ratio": 475.44,
            "debt_ratio": 17.98,
            "inventory_turnover_ratio": 0.98,
            "account_receivable_turnover_ratio": 0.97,
            "reinvestment_rate": null,
            "research_to_sale_ratio": 7.43,
            "price_fair": 0,
            "eps_avg_yearly": 0,
            "eps_latest_yearly": 0,
            "eps_growth_yearly": 0
        },
        "20124": {
            "year_quarter": 20124,
            "year": 2012,
            "quarter": 4,
            "eps": -0.36,
            "eps_growth_year": null,
            "eps_4q": -1.32,
            "eps_4q_growth_year": null,
            "roe": -4.65,
            "roe_4q": -16.25,
            "gross_profit": 16368,
            "gross_margin": 20.35,
            "gross_margin_4q_avg": 21.93,
            "net_income": -16114,
            "net_income_4q": null,
            "revenue": 80448,
            "revenue_4q": null,
            "common_shares": 450586,
            "book_valuer_per_share": 7.53,
            "book_valuer_per_share_4q_avg": 7.87,
            "equity": 339485,
            "current_ratio": 492.06,
            "debt_ratio": 16.83,
            "inventory_turnover_ratio": 0.95,
            "account_receivable_turnover_ratio": 0.81,
            "reinvestment_rate": null,
            "research_to_sale_ratio": 14.64,
            "price_fair": 0,
            "eps_avg_yearly": 0,
            "eps_latest_yearly": 0,
            "eps_growth_yearly": 0
        },
        "20131": {
            "year_quarter": 20131,
            "year": 2013,
            "quarter": 1,
            "eps": -0.11,
            "eps_growth_year": null,
            "eps_4q": -0.73,
            "eps_4q_growth_year": null,
            "roe": -1.44,
            "roe_4q": -9.47,
            "gross_profit": 19504,
            "gross_margin": 23.33,
            "gross_margin_4q_avg": 22.5,
            "net_income": -4831,
            "net_income_4q": null,
            "revenue": 83586,
            "revenue_4q": null,
            "common_shares": 450586,
            "book_valuer_per_share": 7.38,
            "book_valuer_per_share_4q_avg": 7.69,
            "equity": 332435,
            "current_ratio": 414.96,
            "debt_ratio": 20.2,
            "inventory_turnover_ratio": 1.01,
            "account_receivable_turnover_ratio": 0.97,
            "reinvestment_rate": null,
            "research_to_sale_ratio": 12.92,
            "price_fair": 0,
            "eps_avg_yearly": 0,
            "eps_latest_yearly": 0,
            "eps_growth_yearly": 0
        },
        "20132": {
            "year_quarter": 20132,
            "year": 2013,
            "quarter": 2,
            "eps": 0.15,
            "eps_growth_year": null,
            "eps_4q": -0.43,
            "eps_4q_growth_year": null,
            "roe": 2.04,
            "roe_4q": -5.500000000000001,
            "gross_profit": 23111,
            "gross_margin": 25.59,
            "gross_margin_4q_avg": 23.1,
            "net_income": 6859,
            "net_income_4q": null,
            "revenue": 90307,
            "revenue_4q": null,
            "common_shares": 450586,
            "book_valuer_per_share": 7.57,
            "book_valuer_per_share_4q_avg": 7.59,
            "equity": 340890,
            "current_ratio": 492.2,
            "debt_ratio": 16.93,
            "inventory_turnover_ratio": 1.05,
            "account_receivable_turnover_ratio": 1.08,
            "reinvestment_rate": null,
            "research_to_sale_ratio": 11.47,
            "price_fair": 0,
            "eps_avg_yearly": 0,
            "eps_latest_yearly": 0,
            "eps_growth_yearly": 0
        },
        "20133": {
            "year_quarter": 20133,
            "year": 2013,
            "quarter": 3,
            "eps": -0.33,
            "eps_growth_year": null,
            "eps_4q": -0.64,
            "eps_4q_growth_year": null,
            "roe": -4.46,
            "roe_4q": -8.51,
            "gross_profit": 17138,
            "gross_margin": 21.79,
            "gross_margin_4q_avg": 22.77,
            "net_income": -14885,
            "net_income_4q": null,
            "revenue": 78668,
            "revenue_4q": null,
            "common_shares": 450586,
            "book_valuer_per_share": 7.25,
            "book_valuer_per_share_4q_avg": 7.43,
            "equity": 326480,
            "current_ratio": 562.94,
            "debt_ratio": 15,
            "inventory_turnover_ratio": 0.95,
            "account_receivable_turnover_ratio": 1.03,
            "reinvestment_rate": null,
            "research_to_sale_ratio": 11.82,
            "price_fair": 0,
            "eps_avg_yearly": 0,
            "eps_latest_yearly": 0,
            "eps_growth_yearly": 0
        },
        "20134": {
            "year_quarter": 20134,
            "year": 2013,
            "quarter": 4,
            "eps": -0.76,
            "eps_growth_year": null,
            "eps_4q": -1.05,
            "eps_4q_growth_year": null,
            "roe": -11.05,
            "roe_4q": -14.910000000000002,
            "gross_profit": -1466,
            "gross_margin": -2.4,
            "gross_margin_4q_avg": 17.08,
            "net_income": -34239,
            "net_income_4q": null,
            "revenue": 61019,
            "revenue_4q": null,
            "common_shares": 450586,
            "book_valuer_per_share": 6.5,
            "book_valuer_per_share_4q_avg": 7.18,
            "equity": 293075,
            "current_ratio": 576.78,
            "debt_ratio": 14.56,
            "inventory_turnover_ratio": 1.06,
            "account_receivable_turnover_ratio": 1.03,
            "reinvestment_rate": null,
            "research_to_sale_ratio": 14.13,
            "price_fair": 0,
            "eps_avg_yearly": 0,
            "eps_latest_yearly": 0,
            "eps_growth_yearly": 0
        },
        "20141": {
            "year_quarter": 20141,
            "year": 2014,
            "quarter": 1,
            "eps": -0.03,
            "eps_growth_year": null,
            "eps_4q": -0.96,
            "eps_4q_growth_year": null,
            "roe": -0.43,
            "roe_4q": -13.900000000000002,
            "gross_profit": 14601,
            "gross_margin": 22.28,
            "gross_margin_4q_avg": 16.82,
            "net_income": -1239,
            "net_income_4q": null,
            "revenue": 65528,
            "revenue_4q": null,
            "common_shares": 450586,
            "book_valuer_per_share": 6.37,
            "book_valuer_per_share_4q_avg": 6.92,
            "equity": 288945,
            "current_ratio": 625.31,
            "debt_ratio": 13.67,
            "inventory_turnover_ratio": 0.98,
            "account_receivable_turnover_ratio": 1.29,
            "reinvestment_rate": null,
            "research_to_sale_ratio": 14.21,
            "price_fair": 0,
            "eps_avg_yearly": 0,
            "eps_latest_yearly": 0,
            "eps_growth_yearly": 0
        },
        "20142": {
            "year_quarter": 20142,
            "year": 2014,
            "quarter": 2,
            "eps": -0.24,
            "eps_growth_year": -260,
            "eps_4q": -1.33,
            "eps_4q_growth_year": null,
            "roe": -3.76,
            "roe_4q": -19.7,
            "gross_profit": 16975,
            "gross_margin": 22.87,
            "gross_margin_4q_avg": 16.14,
            "net_income": -10734,
            "net_income_4q": null,
            "revenue": 74237,
            "revenue_4q": null,
            "common_shares": 457056,
            "book_valuer_per_share": 6.15,
            "book_valuer_per_share_4q_avg": 6.57,
            "equity": 282069,
            "current_ratio": 594.36,
            "debt_ratio": 14.87,
            "inventory_turnover_ratio": 1.06,
            "account_receivable_turnover_ratio": 1.41,
            "reinvestment_rate": null,
            "research_to_sale_ratio": 11.36,
            "price_fair": 0,
            "eps_avg_yearly": 0,
            "eps_latest_yearly": 0,
            "eps_growth_yearly": 0
        },
        "20143": {
            "year_quarter": 20143,
            "year": 2014,
            "quarter": 3,
            "eps": -0.22,
            "eps_growth_year": null,
            "eps_4q": -1.22,
            "eps_4q_growth_year": null,
            "roe": -3.57,
            "roe_4q": -18.810000000000002,
            "gross_profit": 10303,
            "gross_margin": 17.5,
            "gross_margin_4q_avg": 15.06,
            "net_income": -9896,
            "net_income_4q": null,
            "revenue": 58874,
            "revenue_4q": null,
            "common_shares": 459136,
            "book_valuer_per_share": 5.94,
            "book_valuer_per_share_4q_avg": 6.24,
            "equity": 273000,
            "current_ratio": 705.76,
            "debt_ratio": 12.64,
            "inventory_turnover_ratio": 0.93,
            "account_receivable_turnover_ratio": 1.03,
            "reinvestment_rate": null,
            "research_to_sale_ratio": 14.27,
            "price_fair": 0,
            "eps_avg_yearly": 0,
            "eps_latest_yearly": 0,
            "eps_growth_yearly": 0
        },
        "20144": {
            "year_quarter": 20144,
            "year": 2014,
            "quarter": 4,
            "eps": -0.14,
            "eps_growth_year": null,
            "eps_4q": -0.61,
            "eps_4q_growth_year": null,
            "roe": -2.32,
            "roe_4q": -10.079999999999998,
            "gross_profit": 13796,
            "gross_margin": 25.48,
            "gross_margin_4q_avg": 22.03,
            "net_income": -6294,
            "net_income_4q": null,
            "revenue": 54141,
            "revenue_4q": null,
            "common_shares": 459486,
            "book_valuer_per_share": 5.85,
            "book_valuer_per_share_4q_avg": 6.08,
            "equity": 269046,
            "current_ratio": 608.87,
            "debt_ratio": 14.07,
            "inventory_turnover_ratio": 0.85,
            "account_receivable_turnover_ratio": 0.98,
            "reinvestment_rate": null,
            "research_to_sale_ratio": 16.14,
            "price_fair": 0,
            "eps_avg_yearly": 0,
            "eps_latest_yearly": 0,
            "eps_growth_yearly": 0
        },
        "20151": {
            "year_quarter": 20151,
            "year": 2015,
            "quarter": 1,
            "eps": -0.2,
            "eps_growth_year": null,
            "eps_4q": -0.78,
            "eps_4q_growth_year": null,
            "roe": -3.49,
            "roe_4q": -13.14,
            "gross_profit": 13065,
            "gross_margin": 27.81,
            "gross_margin_4q_avg": 23.42,
            "net_income": -9266,
            "net_income_4q": null,
            "revenue": 46983,
            "revenue_4q": null,
            "common_shares": 459536,
            "book_valuer_per_share": 5.66,
            "book_valuer_per_share_4q_avg": 5.9,
            "equity": 261231,
            "current_ratio": 866.72,
            "debt_ratio": 9.92,
            "inventory_turnover_ratio": 0.74,
            "account_receivable_turnover_ratio": 0.97,
            "reinvestment_rate": null,
            "research_to_sale_ratio": 17.28,
            "price_fair": 0,
            "eps_avg_yearly": 0,
            "eps_latest_yearly": 0,
            "eps_growth_yearly": 0
        },
        "20152": {
            "year_quarter": 20152,
            "year": 2015,
            "quarter": 2,
            "eps": -0.15,
            "eps_growth_year": null,
            "eps_4q": -0.7,
            "eps_4q_growth_year": null,
            "roe": -2.65,
            "roe_4q": -12.030000000000001,
            "gross_profit": 11708,
            "gross_margin": 28.86,
            "gross_margin_4q_avg": 24.91,
            "net_income": -6837,
            "net_income_4q": null,
            "revenue": 40572,
            "revenue_4q": null,
            "common_shares": 461256,
            "book_valuer_per_share": 5.51,
            "book_valuer_per_share_4q_avg": 5.74,
            "equity": 254293,
            "current_ratio": 1181.4,
            "debt_ratio": 7.41,
            "inventory_turnover_ratio": 0.68,
            "account_receivable_turnover_ratio": 0.97,
            "reinvestment_rate": null,
            "research_to_sale_ratio": 17.82,
            "price_fair": 0,
            "eps_avg_yearly": 0,
            "eps_latest_yearly": 0,
            "eps_growth_yearly": 0
        },
        "20153": {
            "year_quarter": 20153,
            "year": 2015,
            "quarter": 3,
            "eps": 0.17,
            "eps_growth_year": null,
            "eps_4q": -0.23,
            "eps_4q_growth_year": null,
            "roe": 2.45,
            "roe_4q": -6.01,
            "gross_profit": 13456,
            "gross_margin": 25.73,
            "gross_margin_4q_avg": 26.97,
            "net_income": 8158,
            "net_income_4q": null,
            "revenue": 52306,
            "revenue_4q": null,
            "common_shares": 611256,
            "book_valuer_per_share": 6.75,
            "book_valuer_per_share_4q_avg": 5.94,
            "equity": 412648,
            "current_ratio": 1199.85,
            "debt_ratio": 7.75,
            "inventory_turnover_ratio": 1.1,
            "account_receivable_turnover_ratio": 1.16,
            "reinvestment_rate": null,
            "research_to_sale_ratio": 11.42,
            "price_fair": 0,
            "eps_avg_yearly": 0,
            "eps_latest_yearly": 0,
            "eps_growth_yearly": 0
        },
        "20154": {
            "year_quarter": 20154,
            "year": 2015,
            "quarter": 4,
            "eps": -0.37,
            "eps_growth_year": null,
            "eps_4q": -0.5,
            "eps_4q_growth_year": null,
            "roe": -5.69,
            "roe_4q": -9.38,
            "gross_profit": 7830,
            "gross_margin": 17.01,
            "gross_margin_4q_avg": 24.85,
            "net_income": -22845,
            "net_income_4q": null,
            "revenue": 46022,
            "revenue_4q": null,
            "common_shares": 611451,
            "book_valuer_per_share": 6.37,
            "book_valuer_per_share_4q_avg": 6.07,
            "equity": 390750,
            "current_ratio": 1173.46,
            "debt_ratio": 8.11,
            "inventory_turnover_ratio": 1.24,
            "account_receivable_turnover_ratio": 1,
            "reinvestment_rate": null,
            "research_to_sale_ratio": 14.58,
            "price_fair": 0,
            "eps_avg_yearly": 0,
            "eps_latest_yearly": 0,
            "eps_growth_yearly": 0
        },
        "20161": {
            "year_quarter": 20161,
            "year": 2016,
            "quarter": 1,
            "eps": -0.13,
            "eps_growth_year": null,
            "eps_4q": -0.48,
            "eps_4q_growth_year": null,
            "roe": -2.09,
            "roe_4q": -7.98,
            "gross_profit": 3435,
            "gross_margin": 10.16,
            "gross_margin_4q_avg": 20.44,
            "net_income": -8076,
            "net_income_4q": null,
            "revenue": 33825,
            "revenue_4q": null,
            "common_shares": 612951,
            "book_valuer_per_share": 6.24,
            "book_valuer_per_share_4q_avg": 6.22,
            "equity": 382377,
            "current_ratio": 1375.55,
            "debt_ratio": 6.67,
            "inventory_turnover_ratio": 0.23,
            "account_receivable_turnover_ratio": 0.94,
            "reinvestment_rate": null,
            "research_to_sale_ratio": 0,
            "price_fair": 0,
            "eps_avg_yearly": 0,
            "eps_latest_yearly": 0,
            "eps_growth_yearly": 0
        },
        "20162": {
            "year_quarter": 20162,
            "year": 2016,
            "quarter": 2,
            "eps": -0.15,
            "eps_growth_year": null,
            "eps_4q": -0.32,
            "eps_4q_growth_year": null,
            "roe": -1.94,
            "roe_4q": -7.269999999999999,
            "gross_profit": 6434,
            "gross_margin": 14.91,
            "gross_margin_4q_avg": 16.95,
            "net_income": -11719,
            "net_income_4q": null,
            "revenue": 43150,
            "revenue_4q": null,
            "common_shares": 1062951,
            "book_valuer_per_share": 7.76,
            "book_valuer_per_share_4q_avg": 6.78,
            "equity": 824611,
            "current_ratio": 3255.32,
            "debt_ratio": 2.95,
            "inventory_turnover_ratio": 0.16,
            "account_receivable_turnover_ratio": 1.48,
            "reinvestment_rate": null,
            "research_to_sale_ratio": 0,
            "price_fair": 0,
            "eps_avg_yearly": 0,
            "eps_latest_yearly": 0,
            "eps_growth_yearly": 0
        },
        "20163": {
            "year_quarter": 20163,
            "year": 2016,
            "quarter": 3,
            "eps": -0.11,
            "eps_growth_year": -164.71,
            "eps_4q": -0.51,
            "eps_4q_growth_year": null,
            "roe": -1.42,
            "roe_4q": -11.14,
            "gross_profit": 2696,
            "gross_margin": 5.97,
            "gross_margin_4q_avg": 12.01,
            "net_income": -11667,
            "net_income_4q": null,
            "revenue": 45186,
            "revenue_4q": null,
            "common_shares": 1062951,
            "book_valuer_per_share": 7.65,
            "book_valuer_per_share_4q_avg": 7.01,
            "equity": 812944,
            "current_ratio": 237.23,
            "debt_ratio": 41.15,
            "inventory_turnover_ratio": 0.07,
            "account_receivable_turnover_ratio": 2.43,
            "reinvestment_rate": null,
            "research_to_sale_ratio": null,
            "price_fair": 0,
            "eps_avg_yearly": 0,
            "eps_latest_yearly": 0,
            "eps_growth_yearly": 0
        },
        "20164": {
            "year_quarter": 20164,
            "year": 2016,
            "quarter": 4,
            "eps": -0.11,
            "eps_growth_year": null,
            "eps_4q": -0.4,
            "eps_4q_growth_year": null,
            "roe": -1.43,
            "roe_4q": -6.879999999999999,
            "gross_profit": 2849,
            "gross_margin": 8.86,
            "gross_margin_4q_avg": 9.98,
            "net_income": -11526,
            "net_income_4q": null,
            "revenue": 32159,
            "revenue_4q": null,
            "common_shares": 1062951,
            "book_valuer_per_share": 7.54,
            "book_valuer_per_share_4q_avg": 7.3,
            "equity": 801418,
            "current_ratio": 224.45,
            "debt_ratio": 43.54,
            "inventory_turnover_ratio": 0.03,
            "account_receivable_turnover_ratio": 6.79,
            "reinvestment_rate": null,
            "research_to_sale_ratio": null,
            "price_fair": 0,
            "eps_avg_yearly": 0,
            "eps_latest_yearly": 0,
            "eps_growth_yearly": 0
        },
        "20171": {
            "year_quarter": 20171,
            "year": 2017,
            "quarter": 1,
            "eps": 0.2,
            "eps_growth_year": null,
            "eps_4q": -0.13,
            "eps_4q_growth_year": null,
            "roe": 2.66,
            "roe_4q": -2.13,
            "gross_profit": 50868,
            "gross_margin": 20.94,
            "gross_margin_4q_avg": 12.67,
            "net_income": 21620,
            "net_income_4q": null,
            "revenue": 242933,
            "revenue_4q": null,
            "common_shares": 1062951,
            "book_valuer_per_share": 7.74,
            "book_valuer_per_share_4q_avg": 7.67,
            "equity": 823038,
            "current_ratio": 257.92,
            "debt_ratio": 38.02,
            "inventory_turnover_ratio": 0.2,
            "account_receivable_turnover_ratio": 71.87,
            "reinvestment_rate": null,
            "research_to_sale_ratio": null,
            "price_fair": 0,
            "eps_avg_yearly": 0,
            "eps_latest_yearly": 0,
            "eps_growth_yearly": 0
        },
        "20172": {
            "year_quarter": 20172,
            "year": 2017,
            "quarter": 2,
            "eps": 0.21,
            "eps_growth_year": null,
            "eps_4q": 0.2,
            "eps_4q_growth_year": null,
            "roe": 2.71,
            "roe_4q": 2.5200000000000005,
            "gross_profit": 51217,
            "gross_margin": 21.73,
            "gross_margin_4q_avg": 14.38,
            "net_income": 22621,
            "net_income_4q": null,
            "revenue": 235728,
            "revenue_4q": null,
            "common_shares": 1062951,
            "book_valuer_per_share": 7.96,
            "book_valuer_per_share_4q_avg": 7.72,
            "equity": 845659,
            "current_ratio": 196.32,
            "debt_ratio": 61.69,
            "inventory_turnover_ratio": 0.14,
            "account_receivable_turnover_ratio": 63.76,
            "reinvestment_rate": null,
            "research_to_sale_ratio": null,
            "price_fair": 25.2,
            "eps_avg_yearly": 0.84,
            "eps_latest_yearly": 0.84,
            "eps_growth_yearly": 20
        },
        "20173": {
            "year_quarter": 20173,
            "year": 2017,
            "quarter": 3,
            "eps": 0.09,
            "eps_growth_year": null,
            "eps_4q": 0.4,
            "eps_4q_growth_year": null,
            "roe": 1.18,
            "roe_4q": 5.12,
            "gross_profit": 58136,
            "gross_margin": 22.87,
            "gross_margin_4q_avg": 18.6,
            "net_income": 10049,
            "net_income_4q": null,
            "revenue": 254185,
            "revenue_4q": null,
            "common_shares": 1062951,
            "book_valuer_per_share": 8.05,
            "book_valuer_per_share_4q_avg": 7.82,
            "equity": 855708,
            "current_ratio": 211.43,
            "debt_ratio": 58.82,
            "inventory_turnover_ratio": 0.12,
            "account_receivable_turnover_ratio": 374.63,
            "reinvestment_rate": null,
            "research_to_sale_ratio": null,
            "price_fair": 1.8,
            "eps_avg_yearly": 0.6,
            "eps_latest_yearly": 0.36,
            "eps_growth_yearly": -104.29
        },
        "20174": {
            "year_quarter": 20174,
            "year": 2017,
            "quarter": 4,
            "eps": 0.11,
            "eps_growth_year": null,
            "eps_4q": 0.63,
            "eps_4q_growth_year": null,
            "roe": 1.41,
            "roe_4q": 7.96,
            "gross_profit": 36379,
            "gross_margin": 17.08,
            "gross_margin_4q_avg": 20.66,
            "net_income": 12167,
            "net_income_4q": null,
            "revenue": 213028,
            "revenue_4q": null,
            "common_shares": 1062951,
            "book_valuer_per_share": 8.16,
            "book_valuer_per_share_4q_avg": 7.98,
            "equity": 867875,
            "current_ratio": 181.39,
            "debt_ratio": 54.5,
            "inventory_turnover_ratio": 0.11,
            "account_receivable_turnover_ratio": 220.98,
            "reinvestment_rate": null,
            "research_to_sale_ratio": null,
            "price_fair": 1.64,
            "eps_avg_yearly": 0.55,
            "eps_latest_yearly": 0.44,
            "eps_growth_yearly": -39.89
        },
        "20181": {
            "year_quarter": 20181,
            "year": 2018,
            "quarter": 1,
            "eps": 0.18,
            "eps_growth_year": -10,
            "eps_4q": 0.6,
            "eps_4q_growth_year": null,
            "roe": 2.19,
            "roe_4q": 7.489999999999999,
            "gross_profit": 38612,
            "gross_margin": 22.47,
            "gross_margin_4q_avg": 21.04,
            "net_income": 19244,
            "net_income_4q": null,
            "revenue": 171867,
            "revenue_4q": null,
            "common_shares": 1062951,
            "book_valuer_per_share": 8.35,
            "book_valuer_per_share_4q_avg": 8.13,
            "equity": 887119,
            "current_ratio": 135.62,
            "debt_ratio": 73.19,
            "inventory_turnover_ratio": 0.06,
            "account_receivable_turnover_ratio": 125.63,
            "reinvestment_rate": null,
            "research_to_sale_ratio": null,
            "price_fair": 20.65,
            "eps_avg_yearly": 0.59,
            "eps_latest_yearly": 0.72,
            "eps_growth_yearly": 33.72
        },
        "20182": {
            "year_quarter": 20182,
            "year": 2018,
            "quarter": 2,
            "eps": 0.43,
            "eps_growth_year": 104.76,
            "eps_4q": 0.89,
            "eps_4q_growth_year": 349.36,
            "roe": 4.29,
            "roe_4q": 9.07,
            "gross_profit": 71433,
            "gross_margin": 24.76,
            "gross_margin_4q_avg": 21.8,
            "net_income": 38884,
            "net_income_4q": null,
            "revenue": 288520,
            "revenue_4q": null,
            "common_shares": 902951,
            "book_valuer_per_share": 10.26,
            "book_valuer_per_share_4q_avg": 8.71,
            "equity": 926003,
            "current_ratio": 143.71,
            "debt_ratio": 77.01,
            "inventory_turnover_ratio": 0.07,
            "account_receivable_turnover_ratio": 237.56,
            "reinvestment_rate": -48.64,
            "research_to_sale_ratio": null,
            "price_fair": 28.56,
            "eps_avg_yearly": 0.82,
            "eps_latest_yearly": 1.72,
            "eps_growth_yearly": 138.08
        },
        "20183": {
            "year_quarter": 20183,
            "year": 2018,
            "quarter": 3,
            "eps": 0.08,
            "eps_growth_year": -11.11,
            "eps_4q": 0.85,
            "eps_4q_growth_year": 112.26,
            "roe": 0.73,
            "roe_4q": 8.62,
            "gross_profit": 29443,
            "gross_margin": 25.82,
            "gross_margin_4q_avg": 22.53,
            "net_income": 6811,
            "net_income_4q": null,
            "revenue": 114053,
            "revenue_4q": null,
            "common_shares": 902951,
            "book_valuer_per_share": 10.33,
            "book_valuer_per_share_4q_avg": 9.28,
            "equity": 932814,
            "current_ratio": 137.93,
            "debt_ratio": 79.19,
            "inventory_turnover_ratio": 0.02,
            "account_receivable_turnover_ratio": 130.94,
            "reinvestment_rate": -32.39,
            "research_to_sale_ratio": null,
            "price_fair": 25.67,
            "eps_avg_yearly": 0.73,
            "eps_latest_yearly": 0.32,
            "eps_growth_yearly": 60.81
        },
        "20184": {
            "year_quarter": 20184,
            "year": 2018,
            "quarter": 4,
            "eps": 0.74,
            "eps_growth_year": 550.04,
            "eps_4q": 1.46,
            "eps_4q_growth_year": 134.04,
            "roe": 6.95,
            "roe_4q": 14.159999999999998,
            "gross_profit": 116458,
            "gross_margin": 9.39,
            "gross_margin_4q_avg": 20.61,
            "net_income": 67185,
            "net_income_4q": null,
            "revenue": 1240732,
            "revenue_4q": null,
            "common_shares": 902951,
            "book_valuer_per_share": 11.07,
            "book_valuer_per_share_4q_avg": 10,
            "equity": 999999,
            "current_ratio": 135.26,
            "debt_ratio": 73.67,
            "inventory_turnover_ratio": 0.31,
            "account_receivable_turnover_ratio": 246.1,
            "reinvestment_rate": -12.89,
            "research_to_sale_ratio": null,
            "price_fair": 36.8,
            "eps_avg_yearly": 1.05,
            "eps_latest_yearly": 2.96,
            "eps_growth_yearly": 523.55
        },
        "20191": {
            "year_quarter": 20191,
            "year": 2019,
            "quarter": 1,
            "eps": 0.71,
            "eps_growth_year": 294.44,
            "eps_4q": 1.96,
            "eps_4q_growth_year": 224.37,
            "roe": 6.17,
            "roe_4q": 18.14,
            "gross_profit": 98338,
            "gross_margin": 18,
            "gross_margin_4q_avg": 19.49,
            "net_income": 63694,
            "net_income_4q": null,
            "revenue": 546282,
            "revenue_4q": null,
            "common_shares": 902951,
            "book_valuer_per_share": 11.78,
            "book_valuer_per_share_4q_avg": 10.86,
            "equity": 1063693,
            "current_ratio": 176.54,
            "debt_ratio": 71.74,
            "inventory_turnover_ratio": 0.14,
            "account_receivable_turnover_ratio": 98.29,
            "reinvestment_rate": -7.73,
            "research_to_sale_ratio": null,
            "price_fair": 44.63,
            "eps_avg_yearly": 1.28,
            "eps_latest_yearly": 2.84,
            "eps_growth_yearly": 456.08
        },
        "20192": {
            "year_quarter": 20192,
            "year": 2019,
            "quarter": 2,
            "eps": 0.39,
            "eps_growth_year": -9.3,
            "eps_4q": 1.91,
            "eps_4q_growth_year": 115.14,
            "roe": 3.32,
            "roe_4q": 17.17,
            "gross_profit": 83427,
            "gross_margin": 17.54,
            "gross_margin_4q_avg": 17.69,
            "net_income": 35164,
            "net_income_4q": null,
            "revenue": 475738,
            "revenue_4q": null,
            "common_shares": 902951,
            "book_valuer_per_share": 11.67,
            "book_valuer_per_share_4q_avg": 11.21,
            "equity": 1053710,
            "current_ratio": 188.28,
            "debt_ratio": 69.56,
            "inventory_turnover_ratio": 0.12,
            "account_receivable_turnover_ratio": 337.04,
            "reinvestment_rate": -5.43,
            "research_to_sale_ratio": null,
            "price_fair": 45.73,
            "eps_avg_yearly": 1.31,
            "eps_latest_yearly": 1.56,
            "eps_growth_yearly": 385.37
        },
        "20193": {
            "year_quarter": 20193,
            "year": 2019,
            "quarter": 3,
            "eps": 0.2,
            "eps_growth_year": 150,
            "eps_4q": 2.04,
            "eps_4q_growth_year": 138.68,
            "roe": 1.69,
            "roe_4q": 18.13,
            "gross_profit": 60354,
            "gross_margin": 24.31,
            "gross_margin_4q_avg": 17.31,
            "net_income": 17996,
            "net_income_4q": null,
            "revenue": 248306,
            "revenue_4q": null,
            "common_shares": 902951,
            "book_valuer_per_share": 11.87,
            "book_valuer_per_share_4q_avg": 11.6,
            "equity": 1071706,
            "current_ratio": 224.65,
            "debt_ratio": 72.44,
            "inventory_turnover_ratio": 0.06,
            "account_receivable_turnover_ratio": 433.72,
            "reinvestment_rate": -3.98,
            "research_to_sale_ratio": null,
            "price_fair": 43.96,
            "eps_avg_yearly": 1.26,
            "eps_latest_yearly": 0.8,
            "eps_growth_yearly": 327.35
        },
        "20194": {
            "year_quarter": 20194,
            "year": 2019,
            "quarter": 4,
            "eps": 0.13,
            "eps_growth_year": -82.85,
            "eps_4q": 1.1,
            "eps_4q_growth_year": -24.89,
            "roe": 1.18,
            "roe_4q": 12.36,
            "gross_profit": 47511,
            "gross_margin": 22.04,
            "gross_margin_4q_avg": 20.47,
            "net_income": 15351,
            "net_income_4q": null,
            "revenue": 215586,
            "revenue_4q": null,
            "common_shares": 1202951,
            "book_valuer_per_share": 12.8,
            "book_valuer_per_share_4q_avg": 12.03,
            "equity": 1540079,
            "current_ratio": 256.12,
            "debt_ratio": 66.47,
            "inventory_turnover_ratio": 0.05,
            "account_receivable_turnover_ratio": 658.28,
            "reinvestment_rate": 0.14,
            "research_to_sale_ratio": null,
            "price_fair": 41.62,
            "eps_avg_yearly": 1.19,
            "eps_latest_yearly": 0.52,
            "eps_growth_yearly": 284.86
        },
        "20201": {
            "year_quarter": 20201,
            "year": 2020,
            "quarter": 1,
            "eps": 0.07,
            "eps_growth_year": -90.14,
            "eps_4q": 0.64,
            "eps_4q_growth_year": -67.41,
            "roe": 0.54,
            "roe_4q": 6.73,
            "gross_profit": 32458,
            "gross_margin": 21.7,
            "gross_margin_4q_avg": 21.4,
            "net_income": 8143,
            "net_income_4q": null,
            "revenue": 149593,
            "revenue_4q": null,
            "common_shares": 1202951,
            "book_valuer_per_share": 12.37,
            "book_valuer_per_share_4q_avg": 12.18,
            "equity": 1488075,
            "current_ratio": 252.39,
            "debt_ratio": 67.27,
            "inventory_turnover_ratio": 0.03,
            "account_receivable_turnover_ratio": 26.84,
            "reinvestment_rate": 0.29,
            "research_to_sale_ratio": null,
            "price_fair": 38.97,
            "eps_avg_yearly": 1.11,
            "eps_latest_yearly": 0.28,
            "eps_growth_yearly": 245.74
        },
        "20202": {
            "year_quarter": 20202,
            "year": 2020,
            "quarter": 2,
            "eps": 0.09,
            "eps_growth_year": -76.92,
            "eps_4q": 0.43,
            "eps_4q_growth_year": -77.36,
            "roe": 0.71,
            "roe_4q": 4.119999999999999,
            "gross_profit": 37569,
            "gross_margin": 22.62,
            "gross_margin_4q_avg": 22.67,
            "net_income": 10637,
            "net_income_4q": null,
            "revenue": 166103,
            "revenue_4q": null,
            "common_shares": 1202951,
            "book_valuer_per_share": 12.46,
            "book_valuer_per_share_4q_avg": 12.38,
            "equity": 1498712,
            "current_ratio": 306.74,
            "debt_ratio": 69.27,
            "inventory_turnover_ratio": 0.03,
            "account_receivable_turnover_ratio": 31.49,
            "reinvestment_rate": -0.1,
            "research_to_sale_ratio": null,
            "price_fair": 36.94,
            "eps_avg_yearly": 1.06,
            "eps_latest_yearly": 0.36,
            "eps_growth_yearly": 235.63
        },
        "20203": {
            "year_quarter": 20203,
            "year": 2020,
            "quarter": 3,
            "eps": 0.1,
            "eps_growth_year": -50,
            "eps_4q": 0.38,
            "eps_4q_growth_year": -81.36,
            "roe": 0.77,
            "roe_4q": 3.2,
            "gross_profit": 31919,
            "gross_margin": 22.54,
            "gross_margin_4q_avg": 22.23,
            "net_income": 11578,
            "net_income_4q": null,
            "revenue": 141615,
            "revenue_4q": null,
            "common_shares": 1202951,
            "book_valuer_per_share": 12.55,
            "book_valuer_per_share_4q_avg": 12.55,
            "equity": 1510290,
            "current_ratio": 315.41,
            "debt_ratio": 68.74,
            "inventory_turnover_ratio": 0.03,
            "account_receivable_turnover_ratio": 47205,
            "reinvestment_rate": 0.8,
            "research_to_sale_ratio": null,
            "price_fair": 35.3,
            "eps_avg_yearly": 1.01,
            "eps_latest_yearly": 0.4,
            "eps_growth_yearly": 221.97
        },
        "20204": {
            "year_quarter": 20204,
            "year": 2020,
            "quarter": 4,
            "eps": 0.23,
            "eps_growth_year": 83.47,
            "eps_4q": 0.49,
            "eps_4q_growth_year": -55.73,
            "roe": 1.85,
            "roe_4q": 3.87,
            "gross_profit": 81830,
            "gross_margin": 23.06,
            "gross_margin_4q_avg": 22.48,
            "net_income": 28165,
            "net_income_4q": null,
            "revenue": 354821,
            "revenue_4q": null,
            "common_shares": 1202951,
            "book_valuer_per_share": 12.79,
            "book_valuer_per_share_4q_avg": 12.54,
            "equity": 1538455,
            "current_ratio": 189.28,
            "debt_ratio": 66.9,
            "inventory_turnover_ratio": 0.07,
            "account_receivable_turnover_ratio": 6451.29,
            "reinvestment_rate": 0.66,
            "research_to_sale_ratio": null,
            "price_fair": 35.09,
            "eps_avg_yearly": 1,
            "eps_latest_yearly": 0.92,
            "eps_growth_yearly": 241.84
        },
        "20211": {
            "year_quarter": 20211,
            "year": 2021,
            "quarter": 1,
            "eps": 0.63,
            "eps_growth_year": 800,
            "eps_4q": 1.05,
            "eps_4q_growth_year": 64.15,
            "roe": 4.84,
            "roe_4q": 8.169999999999998,
            "gross_profit": 134454,
            "gross_margin": 25.84,
            "gross_margin_4q_avg": 23.52,
            "net_income": 75449,
            "net_income_4q": null,
            "revenue": 520428,
            "revenue_4q": null,
            "common_shares": 1202951,
            "book_valuer_per_share": 13.12,
            "book_valuer_per_share_4q_avg": 12.73,
            "equity": 1577815,
            "current_ratio": 153.42,
            "debt_ratio": 65.15,
            "inventory_turnover_ratio": 0.1,
            "account_receivable_turnover_ratio": 10008.23,
            "reinvestment_rate": 0.53,
            "research_to_sale_ratio": null,
            "price_fair": 38.41,
            "eps_avg_yearly": 1.1,
            "eps_latest_yearly": 2.52,
            "eps_growth_yearly": 270.2
        },
        "20212": {
            "year_quarter": 20212,
            "year": 2021,
            "quarter": 2,
            "eps": 0.81,
            "eps_growth_year": 800,
            "eps_4q": 1.77,
            "eps_4q_growth_year": 307.5,
            "roe": 5.98,
            "roe_4q": 13.44,
            "gross_profit": 170552,
            "gross_margin": 26.05,
            "gross_margin_4q_avg": 24.37,
            "net_income": 97226,
            "net_income_4q": null,
            "revenue": 654818,
            "revenue_4q": null,
            "common_shares": 1202951,
            "book_valuer_per_share": 13.92,
            "book_valuer_per_share_4q_avg": 13.1,
            "equity": 1675041,
            "current_ratio": 162.93,
            "debt_ratio": 61.33,
            "inventory_turnover_ratio": 0.14,
            "account_receivable_turnover_ratio": 50.9,
            "reinvestment_rate": -0.27,
            "research_to_sale_ratio": null,
            "price_fair": 43.66,
            "eps_avg_yearly": 1.25,
            "eps_latest_yearly": 3.24,
            "eps_growth_yearly": 276.1
        },
        "20213": {
            "year_quarter": 20213,
            "year": 2021,
            "quarter": 3,
            "eps": 0.23,
            "eps_growth_year": 130,
            "eps_4q": 1.9,
            "eps_4q_growth_year": 400.89,
            "roe": 1.66,
            "roe_4q": 14.33,
            "gross_profit": 59406,
            "gross_margin": 33.96,
            "gross_margin_4q_avg": 27.23,
            "net_income": 28113,
            "net_income_4q": null,
            "revenue": 174919,
            "revenue_4q": null,
            "common_shares": 1202951,
            "book_valuer_per_share": 14.16,
            "book_valuer_per_share_4q_avg": 13.5,
            "equity": 1703154,
            "current_ratio": 162.87,
            "debt_ratio": 61.35,
            "inventory_turnover_ratio": 0.03,
            "account_receivable_turnover_ratio": 13.6,
            "reinvestment_rate": -0.27,
            "research_to_sale_ratio": null,
            "price_fair": 44.89,
            "eps_avg_yearly": 1.28,
            "eps_latest_yearly": 0.92,
            "eps_growth_yearly": 272.48
        },
        "20214": {
            "year_quarter": 20214,
            "year": 2021,
            "quarter": 4,
            "eps": 0.11,
            "eps_growth_year": -51.33,
            "eps_4q": 1.78,
            "eps_4q_growth_year": 266.52,
            "roe": 0.8,
            "roe_4q": 13.280000000000001,
            "gross_profit": 41555,
            "gross_margin": 29.02,
            "gross_margin_4q_avg": 28.72,
            "net_income": 13709,
            "net_income_4q": null,
            "revenue": 143213,
            "revenue_4q": null,
            "common_shares": 1202951,
            "book_valuer_per_share": 14.27,
            "book_valuer_per_share_4q_avg": 13.87,
            "equity": 1716863,
            "current_ratio": 152.05,
            "debt_ratio": 65.55,
            "inventory_turnover_ratio": 0.03,
            "account_receivable_turnover_ratio": null,
            "reinvestment_rate": -0.27,
            "research_to_sale_ratio": null,
            "price_fair": 44.89,
            "eps_avg_yearly": 1.28,
            "eps_latest_yearly": 0.44,
            "eps_growth_yearly": 253.88
        },
        "20221": {
            "year_quarter": 20221,
            "year": 2022,
            "quarter": 1,
            "eps": 0.03,
            "eps_growth_year": -95.24,
            "eps_4q": 1.19,
            "eps_4q_growth_year": 13.62,
            "roe": 0.23,
            "roe_4q": 8.67,
            "gross_profit": 16613,
            "gross_margin": 33.13,
            "gross_margin_4q_avg": 30.54,
            "net_income": 3924,
            "net_income_4q": null,
            "revenue": 50151,
            "revenue_4q": null,
            "common_shares": 1202951,
            "book_valuer_per_share": 13.8,
            "book_valuer_per_share_4q_avg": 14.04,
            "equity": 1660639,
            "current_ratio": 144.25,
            "debt_ratio": 74.2,
            "inventory_turnover_ratio": 0.01,
            "account_receivable_turnover_ratio": null,
            "reinvestment_rate": -0.29,
            "research_to_sale_ratio": null,
            "price_fair": 43.58,
            "eps_avg_yearly": 1.25,
            "eps_latest_yearly": 0.12,
            "eps_growth_yearly": 219.79
        },
        "20222": {
            "year_quarter": 20222,
            "year": 2022,
            "quarter": 2,
            "eps": -0.07,
            "eps_growth_year": -108.64,
            "eps_4q": 0.29,
            "eps_4q_growth_year": -83.31,
            "roe": -0.51,
            "roe_4q": 2.1799999999999997,
            "gross_profit": 404,
            "gross_margin": 2.55,
            "gross_margin_4q_avg": 24.67,
            "net_income": -8525,
            "net_income_4q": null,
            "revenue": 15853,
            "revenue_4q": null,
            "common_shares": 1202951,
            "book_valuer_per_share": 13.73,
            "book_valuer_per_share_4q_avg": 13.99,
            "equity": 1652114,
            "current_ratio": 143.29,
            "debt_ratio": 74.61,
            "inventory_turnover_ratio": 0,
            "account_receivable_turnover_ratio": 158.53,
            "reinvestment_rate": -0.76,
            "research_to_sale_ratio": null,
            "price_fair": 42.47,
            "eps_avg_yearly": 1.21,
            "eps_latest_yearly": 0.12,
            "eps_growth_yearly": 197.41
        },
        "20223": {
            "year_quarter": 20223,
            "year": 2022,
            "quarter": 3,
            "eps": -0.09,
            "eps_growth_year": -139.13,
            "eps_4q": -0.02,
            "eps_4q_growth_year": -100.91,
            "roe": -0.63,
            "roe_4q": -0.1100000000000001,
            "gross_profit": 0,
            "gross_margin": null,
            "gross_margin_4q_avg": 16.18,
            "net_income": -12331,
            "net_income_4q": null,
            "revenue": 0,
            "revenue_4q": null,
            "common_shares": 1863099,
            "book_valuer_per_share": 12.03,
            "book_valuer_per_share_4q_avg": 13.46,
            "equity": 2241948,
            "current_ratio": 153.61,
            "debt_ratio": 69.4,
            "inventory_turnover_ratio": 0,
            "account_receivable_turnover_ratio": 0,
            "reinvestment_rate": -0.77,
            "research_to_sale_ratio": null,
            "price_fair": 44.7,
            "eps_avg_yearly": 1.28,
            "eps_latest_yearly": 0.12,
            "eps_growth_yearly": 234.76
        },
        "20224": {
            "year_quarter": 20224,
            "year": 2022,
            "quarter": 4,
            "eps": 0.56,
            "eps_growth_year": 390.99,
            "eps_4q": 0.47,
            "eps_4q_growth_year": -73.72,
            "roe": 4.54,
            "roe_4q": 3.6300000000000003,
            "gross_profit": 214400,
            "gross_margin": 21.54,
            "gross_margin_4q_avg": 14.31,
            "net_income": 104248,
            "net_income_4q": null,
            "revenue": 995572,
            "revenue_4q": null,
            "common_shares": 1863099,
            "book_valuer_per_share": 12.59,
            "book_valuer_per_share_4q_avg": 13.04,
            "equity": 2346196,
            "current_ratio": 183.22,
            "debt_ratio": 65.37,
            "inventory_turnover_ratio": 0.13,
            "account_receivable_turnover_ratio": 238.75,
            "reinvestment_rate": -0.69,
            "research_to_sale_ratio": null,
            "price_fair": 3.44,
            "eps_avg_yearly": 1.15,
            "eps_latest_yearly": 0.12,
            "eps_growth_yearly": -1.03
        },
        "20231": {
            "year_quarter": 20231,
            "year": 2023,
            "quarter": 1,
            "eps": 0.09,
            "eps_growth_year": 200,
            "eps_4q": 0.54,
            "eps_4q_growth_year": -54.57,
            "roe": 0.74,
            "roe_4q": 4.140000000000001,
            "gross_profit": 42506,
            "gross_margin": 27.21,
            "gross_margin_4q_avg": 12.83,
            "net_income": 17194,
            "net_income_4q": null,
            "revenue": 156238,
            "revenue_4q": null,
            "common_shares": 1863099,
            "book_valuer_per_share": 12.39,
            "book_valuer_per_share_4q_avg": 12.69,
            "equity": 2307498,
            "current_ratio": 229.14,
            "debt_ratio": 66.96,
            "inventory_turnover_ratio": 0.02,
            "account_receivable_turnover_ratio": 34.76,
            "reinvestment_rate": -0.75,
            "research_to_sale_ratio": null,
            "price_fair": 2.87,
            "eps_avg_yearly": 0.96,
            "eps_latest_yearly": 0.36,
            "eps_growth_yearly": -25.6
        },
        "20232": {
            "year_quarter": 20232,
            "year": 2023,
            "quarter": 2,
            "eps": 0,
            "eps_growth_year": null,
            "eps_4q": 0.59,
            "eps_4q_growth_year": 100.21,
            "roe": 0.03,
            "roe_4q": 4.680000000000001,
            "gross_profit": 18129,
            "gross_margin": 34.58,
            "gross_margin_4q_avg": 20.83,
            "net_income": 806,
            "net_income_4q": null,
            "revenue": 52431,
            "revenue_4q": null,
            "common_shares": 1863099,
            "book_valuer_per_share": 12.39,
            "book_valuer_per_share_4q_avg": 12.35,
            "equity": 2308303,
            "current_ratio": 210.48,
            "debt_ratio": 69.21,
            "inventory_turnover_ratio": 0.01,
            "account_receivable_turnover_ratio": 38.13,
            "reinvestment_rate": 0.01,
            "research_to_sale_ratio": null,
            "price_fair": 2.72,
            "eps_avg_yearly": 0.91,
            "eps_latest_yearly": 0.36,
            "eps_growth_yearly": -12.71
        },
        "20233": {
            "year_quarter": 20233,
            "year": 2023,
            "quarter": 3,
            "eps": 0.08,
            "eps_growth_year": null,
            "eps_4q": 0.74,
            "eps_4q_growth_year": null,
            "roe": 0.66,
            "roe_4q": 5.970000000000001,
            "gross_profit": 44307,
            "gross_margin": 35.18,
            "gross_margin_4q_avg": 29.63,
            "net_income": 15217,
            "net_income_4q": null,
            "revenue": 125958,
            "revenue_4q": null,
            "common_shares": 1863099,
            "book_valuer_per_share": 12.47,
            "book_valuer_per_share_4q_avg": 12.46,
            "equity": 2323520,
            "current_ratio": 189.4,
            "debt_ratio": 70.36,
            "inventory_turnover_ratio": 0.01,
            "account_receivable_turnover_ratio": 104.96,
            "reinvestment_rate": -0.25,
            "research_to_sale_ratio": null,
            "price_fair": 12.69,
            "eps_avg_yearly": 0.92,
            "eps_latest_yearly": 0.36,
            "eps_growth_yearly": 3.85
        }
    },
    "months": {
        "2003-09": {
            "month": "2003-09",
            "price": "50.50",
            "revenue": 72716
        },
        "2003-10": {
            "month": "2003-10",
            "price": "48.71",
            "revenue": 73782
        },
        "2003-11": {
            "month": "2003-11",
            "price": "50.57",
            "revenue": 84027
        },
        "2003-12": {
            "month": "2003-12",
            "price": "52.98",
            "revenue": 78561
        },
        "2004-01": {
            "month": "2004-01",
            "price": "58.05",
            "revenue": 78749
        },
        "2004-02": {
            "month": "2004-02",
            "price": "76.69",
            "revenue": 75762
        },
        "2004-03": {
            "month": "2004-03",
            "price": "69.59",
            "revenue": 75380
        },
        "2004-04": {
            "month": "2004-04",
            "price": "69.05",
            "revenue": 66930
        },
        "2004-05": {
            "month": "2004-05",
            "price": "62.00",
            "revenue": 67603
        },
        "2004-06": {
            "month": "2004-06",
            "price": "60.62",
            "revenue": 70097
        },
        "2004-07": {
            "month": "2004-07",
            "price": "35.99",
            "revenue": 68951
        },
        "2004-08": {
            "month": "2004-08",
            "price": "31.90",
            "revenue": 66923
        },
        "2004-09": {
            "month": "2004-09",
            "price": "29.89",
            "revenue": 69595
        },
        "2004-10": {
            "month": "2004-10",
            "price": "24.18",
            "revenue": 65921
        },
        "2004-11": {
            "month": "2004-11",
            "price": "24.00",
            "revenue": 73522
        },
        "2004-12": {
            "month": "2004-12",
            "price": "23.43",
            "revenue": 68695
        },
        "2005-01": {
            "month": "2005-01",
            "price": "20.70",
            "revenue": 70964
        },
        "2005-02": {
            "month": "2005-02",
            "price": "25.36",
            "revenue": 52510
        },
        "2005-03": {
            "month": "2005-03",
            "price": "27.52",
            "revenue": 58902
        },
        "2005-04": {
            "month": "2005-04",
            "price": "27.03",
            "revenue": 53968
        },
        "2005-05": {
            "month": "2005-05",
            "price": "22.29",
            "revenue": 45778
        },
        "2005-06": {
            "month": "2005-06",
            "price": "23.94",
            "revenue": 46325
        },
        "2005-07": {
            "month": "2005-07",
            "price": "24.07",
            "revenue": 52706
        },
        "2005-08": {
            "month": "2005-08",
            "price": "21.07",
            "revenue": 54700
        },
        "2005-09": {
            "month": "2005-09",
            "price": "18.28",
            "revenue": 70993
        },
        "2005-10": {
            "month": "2005-10",
            "price": "18.66",
            "revenue": 66280
        },
        "2005-11": {
            "month": "2005-11",
            "price": "19.68",
            "revenue": 67712
        },
        "2005-12": {
            "month": "2005-12",
            "price": "23.54",
            "revenue": 51129
        },
        "2006-01": {
            "month": "2006-01",
            "price": "36.02",
            "revenue": 41881
        },
        "2006-02": {
            "month": "2006-02",
            "price": "33.78",
            "revenue": 57574
        },
        "2006-03": {
            "month": "2006-03",
            "price": "30.28",
            "revenue": 67917
        },
        "2006-04": {
            "month": "2006-04",
            "price": "36.90",
            "revenue": 65419
        },
        "2006-05": {
            "month": "2006-05",
            "price": "44.06",
            "revenue": 65570
        },
        "2006-06": {
            "month": "2006-06",
            "price": "40.36",
            "revenue": 58603
        },
        "2006-07": {
            "month": "2006-07",
            "price": "34.90",
            "revenue": 59866
        },
        "2006-08": {
            "month": "2006-08",
            "price": "33.15",
            "revenue": 63134
        },
        "2006-09": {
            "month": "2006-09",
            "price": "33.17",
            "revenue": 70103
        },
        "2006-10": {
            "month": "2006-10",
            "price": "35.95",
            "revenue": 65499
        },
        "2006-11": {
            "month": "2006-11",
            "price": "40.24",
            "revenue": 69042
        },
        "2006-12": {
            "month": "2006-12",
            "price": "47.16",
            "revenue": 48793
        },
        "2007-01": {
            "month": "2007-01",
            "price": "74.52",
            "revenue": 50811
        },
        "2007-02": {
            "month": "2007-02",
            "price": "82.40",
            "revenue": 42555
        },
        "2007-03": {
            "month": "2007-03",
            "price": "80.74",
            "revenue": 64545
        },
        "2007-04": {
            "month": "2007-04",
            "price": "68.44",
            "revenue": 70116
        },
        "2007-05": {
            "month": "2007-05",
            "price": "68.55",
            "revenue": 74698
        },
        "2007-06": {
            "month": "2007-06",
            "price": "81.28",
            "revenue": 78699
        },
        "2007-07": {
            "month": "2007-07",
            "price": "85.56",
            "revenue": 79227
        },
        "2007-08": {
            "month": "2007-08",
            "price": "76.25",
            "revenue": 86021
        },
        "2007-09": {
            "month": "2007-09",
            "price": "74.43",
            "revenue": 95870212
        },
        "2007-10": {
            "month": "2007-10",
            "price": "65.36",
            "revenue": 83090
        },
        "2007-11": {
            "month": "2007-11",
            "price": "48.91",
            "revenue": 64091
        },
        "2007-12": {
            "month": "2007-12",
            "price": "42.76",
            "revenue": 49161
        },
        "2008-01": {
            "month": "2008-01",
            "price": "37.23",
            "revenue": 61468
        },
        "2008-02": {
            "month": "2008-02",
            "price": "30.93",
            "revenue": 52872
        },
        "2008-03": {
            "month": "2008-03",
            "price": "37.61",
            "revenue": 60051
        },
        "2008-04": {
            "month": "2008-04",
            "price": "37.91",
            "revenue": 53414
        },
        "2008-05": {
            "month": "2008-05",
            "price": "35.36",
            "revenue": 51076
        },
        "2008-06": {
            "month": "2008-06",
            "price": "26.08",
            "revenue": 45675
        },
        "2008-07": {
            "month": "2008-07",
            "price": "18.93",
            "revenue": 52909
        },
        "2008-08": {
            "month": "2008-08",
            "price": "17.30",
            "revenue": 49555
        },
        "2008-09": {
            "month": "2008-09",
            "price": "14.91",
            "revenue": 48035
        },
        "2008-10": {
            "month": "2008-10",
            "price": "12.02",
            "revenue": 43913
        },
        "2008-11": {
            "month": "2008-11",
            "price": "8.98",
            "revenue": 25399
        },
        "2008-12": {
            "month": "2008-12",
            "price": "8.24",
            "revenue": 20185
        },
        "2009-01": {
            "month": "2009-01",
            "price": "9.82",
            "revenue": 17101
        },
        "2009-02": {
            "month": "2009-02",
            "price": "10.39",
            "revenue": 30508
        },
        "2009-03": {
            "month": "2009-03",
            "price": "11.59",
            "revenue": 39748
        },
        "2009-04": {
            "month": "2009-04",
            "price": "12.69",
            "revenue": 49028
        },
        "2009-05": {
            "month": "2009-05",
            "price": "14.56",
            "revenue": 35630
        },
        "2009-06": {
            "month": "2009-06",
            "price": "13.74",
            "revenue": 37383
        },
        "2009-07": {
            "month": "2009-07",
            "price": "14.36",
            "revenue": 42017
        },
        "2009-08": {
            "month": "2009-08",
            "price": "14.92",
            "revenue": 45787
        },
        "2009-09": {
            "month": "2009-09",
            "price": "14.90",
            "revenue": 52399
        },
        "2009-10": {
            "month": "2009-10",
            "price": "17.08",
            "revenue": 48177
        },
        "2009-11": {
            "month": "2009-11",
            "price": "17.32",
            "revenue": 40966
        },
        "2009-12": {
            "month": "2009-12",
            "price": "21.98",
            "revenue": 31669
        },
        "2010-01": {
            "month": "2010-01",
            "price": "22.63",
            "revenue": 50321
        },
        "2010-02": {
            "month": "2010-02",
            "price": "19.48",
            "revenue": 33371
        },
        "2010-03": {
            "month": "2010-03",
            "price": "21.29",
            "revenue": 53991
        },
        "2010-04": {
            "month": "2010-04",
            "price": "21.35",
            "revenue": 52014
        },
        "2010-05": {
            "month": "2010-05",
            "price": "17.50",
            "revenue": 49492
        },
        "2010-06": {
            "month": "2010-06",
            "price": "16.96",
            "revenue": 43999
        },
        "2010-07": {
            "month": "2010-07",
            "price": "17.67",
            "revenue": 49740
        },
        "2010-08": {
            "month": "2010-08",
            "price": "16.80",
            "revenue": 50022
        },
        "2010-09": {
            "month": "2010-09",
            "price": "15.10",
            "revenue": 43150
        },
        "2010-10": {
            "month": "2010-10",
            "price": "14.06",
            "revenue": 37616
        },
        "2010-11": {
            "month": "2010-11",
            "price": "12.68",
            "revenue": 36829
        },
        "2010-12": {
            "month": "2010-12",
            "price": "13.65",
            "revenue": 29430
        },
        "2011-01": {
            "month": "2011-01",
            "price": "13.12",
            "revenue": 40074
        },
        "2011-02": {
            "month": "2011-02",
            "price": "13.51",
            "revenue": 21060
        },
        "2011-03": {
            "month": "2011-03",
            "price": "12.80",
            "revenue": 41847
        },
        "2011-04": {
            "month": "2011-04",
            "price": "11.87",
            "revenue": 41567
        },
        "2011-05": {
            "month": "2011-05",
            "price": "10.70",
            "revenue": 36520
        },
        "2011-06": {
            "month": "2011-06",
            "price": "10.48",
            "revenue": 33533
        },
        "2011-07": {
            "month": "2011-07",
            "price": "9.14",
            "revenue": 35074
        },
        "2011-08": {
            "month": "2011-08",
            "price": "7.83",
            "revenue": 36589
        },
        "2011-09": {
            "month": "2011-09",
            "price": "7.66",
            "revenue": 39123
        },
        "2011-10": {
            "month": "2011-10",
            "price": "7.32",
            "revenue": 31418
        },
        "2011-11": {
            "month": "2011-11",
            "price": "6.92",
            "revenue": 33209
        },
        "2011-12": {
            "month": "2011-12",
            "price": "6.39",
            "revenue": 33422
        },
        "2012-01": {
            "month": "2012-01",
            "price": "6.83",
            "revenue": 29321
        },
        "2012-02": {
            "month": "2012-02",
            "price": "8.09",
            "revenue": 34718
        },
        "2012-03": {
            "month": "2012-03",
            "price": "7.84",
            "revenue": 33592
        },
        "2012-04": {
            "month": "2012-04",
            "price": "6.99",
            "revenue": 34458
        },
        "2012-05": {
            "month": "2012-05",
            "price": "6.68",
            "revenue": 37545
        },
        "2012-06": {
            "month": "2012-06",
            "price": "6.47",
            "revenue": 29421
        },
        "2012-07": {
            "month": "2012-07",
            "price": "6.69",
            "revenue": 37246
        },
        "2012-08": {
            "month": "2012-08",
            "price": "6.82",
            "revenue": 36259
        },
        "2012-09": {
            "month": "2012-09",
            "price": "8.29",
            "revenue": 32406
        },
        "2012-10": {
            "month": "2012-10",
            "price": "7.91",
            "revenue": 28632
        },
        "2012-11": {
            "month": "2012-11",
            "price": "6.97",
            "revenue": 28980
        },
        "2012-12": {
            "month": "2012-12",
            "price": "7.27",
            "revenue": 22901
        },
        "2013-01": {
            "month": "2013-01",
            "price": "8.36",
            "revenue": 30513
        },
        "2013-02": {
            "month": "2013-02",
            "price": "9.40",
            "revenue": 22289
        },
        "2013-03": {
            "month": "2013-03",
            "price": "11.86",
            "revenue": 30767
        },
        "2013-04": {
            "month": "2013-04",
            "price": "13.84",
            "revenue": 32911
        },
        "2013-05": {
            "month": "2013-05",
            "price": "13.70",
            "revenue": 30524
        },
        "2013-06": {
            "month": "2013-06",
            "price": "13.08",
            "revenue": 26890
        },
        "2013-07": {
            "month": "2013-07",
            "price": "11.52",
            "revenue": 26985
        },
        "2013-08": {
            "month": "2013-08",
            "price": "10.61",
            "revenue": 24106
        },
        "2013-09": {
            "month": "2013-09",
            "price": "10.96",
            "revenue": 27576
        },
        "2013-10": {
            "month": "2013-10",
            "price": "10.87",
            "revenue": 21028
        },
        "2013-11": {
            "month": "2013-11",
            "price": "11.69",
            "revenue": 20497
        },
        "2013-12": {
            "month": "2013-12",
            "price": "12.09",
            "revenue": 19493
        },
        "2014-01": {
            "month": "2014-01",
            "price": "13.25",
            "revenue": 23466
        },
        "2014-02": {
            "month": "2014-02",
            "price": "13.62",
            "revenue": 16359
        },
        "2014-03": {
            "month": "2014-03",
            "price": "13.37",
            "revenue": 25702
        },
        "2014-04": {
            "month": "2014-04",
            "price": "13.19",
            "revenue": 23895
        },
        "2014-05": {
            "month": "2014-05",
            "price": "13.66",
            "revenue": 26168
        },
        "2014-06": {
            "month": "2014-06",
            "price": "14.05",
            "revenue": 24175
        },
        "2014-07": {
            "month": "2014-07",
            "price": "15.47",
            "revenue": 23961
        },
        "2014-08": {
            "month": "2014-08",
            "price": "15.61",
            "revenue": 19934
        },
        "2014-09": {
            "month": "2014-09",
            "price": "14.12",
            "revenue": 14980
        },
        "2014-10": {
            "month": "2014-10",
            "price": "13.80",
            "revenue": 18833
        },
        "2014-11": {
            "month": "2014-11",
            "price": "13.81",
            "revenue": 18239
        },
        "2014-12": {
            "month": "2014-12",
            "price": "13.60",
            "revenue": 17069
        },
        "2015-01": {
            "month": "2015-01",
            "price": "13.10",
            "revenue": 19423
        },
        "2015-02": {
            "month": "2015-02",
            "price": "12.42",
            "revenue": 12022
        },
        "2015-03": {
            "month": "2015-03",
            "price": "11.47",
            "revenue": 15537
        },
        "2015-04": {
            "month": "2015-04",
            "price": "11.46",
            "revenue": 15194
        },
        "2015-05": {
            "month": "2015-05",
            "price": "11.10",
            "revenue": 13698
        },
        "2015-06": {
            "month": "2015-06",
            "price": "10.45",
            "revenue": 11680
        },
        "2015-07": {
            "month": "2015-07",
            "price": "10.01",
            "revenue": 16861
        },
        "2015-08": {
            "month": "2015-08",
            "price": "9.17",
            "revenue": 16325
        },
        "2015-09": {
            "month": "2015-09",
            "price": "9.70",
            "revenue": 19120
        },
        "2015-10": {
            "month": "2015-10",
            "price": "10.08",
            "revenue": 17808
        },
        "2015-11": {
            "month": "2015-11",
            "price": "10.14",
            "revenue": 17395
        },
        "2015-12": {
            "month": "2015-12",
            "price": "9.79",
            "revenue": 10819
        },
        "2016-01": {
            "month": "2016-01",
            "price": "9.66",
            "revenue": 23309
        },
        "2016-02": {
            "month": "2016-02",
            "price": "9.41",
            "revenue": 3559
        },
        "2016-03": {
            "month": "2016-03",
            "price": "9.82",
            "revenue": 6957
        },
        "2016-04": {
            "month": "2016-04",
            "price": "9.93",
            "revenue": 7349
        },
        "2016-05": {
            "month": "2016-05",
            "price": "9.99",
            "revenue": 9981
        },
        "2016-06": {
            "month": "2016-06",
            "price": "11.13",
            "revenue": 25820
        },
        "2016-07": {
            "month": "2016-07",
            "price": "16.62",
            "revenue": 9958
        },
        "2016-08": {
            "month": "2016-08",
            "price": "16.79",
            "revenue": 31847
        },
        "2016-09": {
            "month": "2016-09",
            "price": "16.11",
            "revenue": 3392
        },
        "2016-10": {
            "month": "2016-10",
            "price": "16.23",
            "revenue": 15815
        },
        "2016-11": {
            "month": "2016-11",
            "price": "16.11",
            "revenue": 3217
        },
        "2016-12": {
            "month": "2016-12",
            "price": "15.85",
            "revenue": 13127
        },
        "2017-01": {
            "month": "2017-01",
            "price": "17.83",
            "revenue": 6589
        },
        "2017-02": {
            "month": "2017-02",
            "price": "18.07",
            "revenue": 0
        },
        "2017-03": {
            "month": "2017-03",
            "price": "18.24",
            "revenue": 236344
        },
        "2017-04": {
            "month": "2017-04",
            "price": "21.46",
            "revenue": 82949
        },
        "2017-05": {
            "month": "2017-05",
            "price": "22.10",
            "revenue": 70979
        },
        "2017-06": {
            "month": "2017-06",
            "price": "20.90",
            "revenue": 81800
        },
        "2017-07": {
            "month": "2017-07",
            "price": "19.70",
            "revenue": 70797
        },
        "2017-08": {
            "month": "2017-08",
            "price": "18.77",
            "revenue": 124570
        },
        "2017-09": {
            "month": "2017-09",
            "price": "18.74",
            "revenue": 58818
        },
        "2017-10": {
            "month": "2017-10",
            "price": "18.42",
            "revenue": 76738
        },
        "2017-11": {
            "month": "2017-11",
            "price": "17.80",
            "revenue": 69079
        },
        "2017-12": {
            "month": "2017-12",
            "price": "16.62",
            "revenue": 67211
        },
        "2018-01": {
            "month": "2018-01",
            "price": "17.51",
            "revenue": 71842
        },
        "2018-02": {
            "month": "2018-02",
            "price": "17.20",
            "revenue": 44787
        },
        "2018-03": {
            "month": "2018-03",
            "price": "16.93",
            "revenue": 55238
        },
        "2018-04": {
            "month": "2018-04",
            "price": "17.01",
            "revenue": 95925
        },
        "2018-05": {
            "month": "2018-05",
            "price": "16.69",
            "revenue": 102355
        },
        "2018-06": {
            "month": "2018-06",
            "price": "15.79",
            "revenue": 90240
        },
        "2018-07": {
            "month": "2018-07",
            "price": "15.49",
            "revenue": 21162
        },
        "2018-08": {
            "month": "2018-08",
            "price": "15.93",
            "revenue": 29440
        },
        "2018-09": {
            "month": "2018-09",
            "price": "19.69",
            "revenue": 63451
        },
        "2018-10": {
            "month": "2018-10",
            "price": "18.02",
            "revenue": 19227
        },
        "2018-11": {
            "month": "2018-11",
            "price": "17.59",
            "revenue": 897616
        },
        "2018-12": {
            "month": "2018-12",
            "price": "17.80",
            "revenue": 323889
        },
        "2019-01": {
            "month": "2019-01",
            "price": "20.03",
            "revenue": 265446
        },
        "2019-02": {
            "month": "2019-02",
            "price": "20.41",
            "revenue": 97381
        },
        "2019-03": {
            "month": "2019-03",
            "price": "19.67",
            "revenue": 183455
        },
        "2019-04": {
            "month": "2019-04",
            "price": "19.25",
            "revenue": 153729
        },
        "2019-05": {
            "month": "2019-05",
            "price": "19.44",
            "revenue": 222862
        },
        "2019-06": {
            "month": "2019-06",
            "price": "20.72",
            "revenue": 99147
        },
        "2019-07": {
            "month": "2019-07",
            "price": "20.76",
            "revenue": 99109
        },
        "2019-08": {
            "month": "2019-08",
            "price": "19.41",
            "revenue": 47480
        },
        "2019-09": {
            "month": "2019-09",
            "price": "19.44",
            "revenue": 101717
        },
        "2019-10": {
            "month": "2019-10",
            "price": "19.08",
            "revenue": 54634
        },
        "2019-11": {
            "month": "2019-11",
            "price": "18.84",
            "revenue": 90583
        },
        "2019-12": {
            "month": "2019-12",
            "price": "17.03",
            "revenue": 70369
        },
        "2020-01": {
            "month": "2020-01",
            "price": "17.80",
            "revenue": 47636
        },
        "2020-02": {
            "month": "2020-02",
            "price": "16.74",
            "revenue": 53723
        },
        "2020-03": {
            "month": "2020-03",
            "price": "14.51",
            "revenue": 48234
        },
        "2020-04": {
            "month": "2020-04",
            "price": "14.00",
            "revenue": 73746
        },
        "2020-05": {
            "month": "2020-05",
            "price": "14.02",
            "revenue": 50905
        },
        "2020-06": {
            "month": "2020-06",
            "price": "14.48",
            "revenue": 41452
        },
        "2020-07": {
            "month": "2020-07",
            "price": "14.13",
            "revenue": 41679
        },
        "2020-08": {
            "month": "2020-08",
            "price": "13.82",
            "revenue": 31044
        },
        "2020-09": {
            "month": "2020-09",
            "price": "14.01",
            "revenue": 68892
        },
        "2020-10": {
            "month": "2020-10",
            "price": "13.82",
            "revenue": 103652
        },
        "2020-11": {
            "month": "2020-11",
            "price": "13.80",
            "revenue": 166688
        },
        "2020-12": {
            "month": "2020-12",
            "price": "14.42",
            "revenue": 84481
        },
        "2021-01": {
            "month": "2021-01",
            "price": "13.86",
            "revenue": 176361
        },
        "2021-02": {
            "month": "2021-02",
            "price": "13.78",
            "revenue": 166835
        },
        "2021-03": {
            "month": "2021-03",
            "price": "13.96",
            "revenue": 177232
        },
        "2021-04": {
            "month": "2021-04",
            "price": "14.74",
            "revenue": 191949
        },
        "2021-05": {
            "month": "2021-05",
            "price": "14.29",
            "revenue": 286182
        },
        "2021-06": {
            "month": "2021-06",
            "price": "14.50",
            "revenue": 176687
        },
        "2021-07": {
            "month": "2021-07",
            "price": "14.44",
            "revenue": 49570
        },
        "2021-08": {
            "month": "2021-08",
            "price": "14.27",
            "revenue": 53550
        },
        "2021-09": {
            "month": "2021-09",
            "price": "16.28",
            "revenue": 71799
        },
        "2021-10": {
            "month": "2021-10",
            "price": "16.05",
            "revenue": 26793
        },
        "2021-11": {
            "month": "2021-11",
            "price": "17.08",
            "revenue": 63411
        },
        "2021-12": {
            "month": "2021-12",
            "price": "17.71",
            "revenue": 53009
        },
        "2022-01": {
            "month": "2022-01",
            "price": "16.96",
            "revenue": 17174
        },
        "2022-02": {
            "month": "2022-02",
            "price": "16.77",
            "revenue": 16714
        },
        "2022-03": {
            "month": "2022-03",
            "price": "16.20",
            "revenue": 16263
        },
        "2022-04": {
            "month": "2022-04",
            "price": "16.18",
            "revenue": 15853
        },
        "2022-05": {
            "month": "2022-05",
            "price": "15.84",
            "revenue": 0
        },
        "2022-06": {
            "month": "2022-06",
            "price": "16.06",
            "revenue": 0
        },
        "2022-07": {
            "month": "2022-07",
            "price": "14.86",
            "revenue": 0
        },
        "2022-08": {
            "month": "2022-08",
            "price": "14.46",
            "revenue": 0
        },
        "2022-09": {
            "month": "2022-09",
            "price": "12.34",
            "revenue": 0
        },
        "2022-10": {
            "month": "2022-10",
            "price": "10.98",
            "revenue": 49482
        },
        "2022-11": {
            "month": "2022-11",
            "price": "11.49",
            "revenue": 707052
        },
        "2022-12": {
            "month": "2022-12",
            "price": "12.78",
            "revenue": 239038
        },
        "2023-01": {
            "month": "2023-01",
            "price": "12.25",
            "revenue": 102899
        },
        "2023-02": {
            "month": "2023-02",
            "price": "12.83",
            "revenue": 7692
        },
        "2023-03": {
            "month": "2023-03",
            "price": "12.92",
            "revenue": 45647
        },
        "2023-04": {
            "month": "2023-04",
            "price": "13.96",
            "revenue": 28270
        },
        "2023-05": {
            "month": "2023-05",
            "price": "14.71",
            "revenue": 24161
        },
        "2023-06": {
            "month": "2023-06",
            "price": "14.66",
            "revenue": 0
        },
        "2023-07": {
            "month": "2023-07",
            "price": "14.73",
            "revenue": 33112
        },
        "2023-08": {
            "month": "2023-08",
            "price": "14.56",
            "revenue": 30340
        },
        "2023-09": {
            "month": "2023-09",
            "price": "15.18",
            "revenue": 62506
        },
        "2023-10": {
            "month": "2023-10",
            "price": "15.94",
            "revenue": 709193
        },
        "2023-11": {
            "month": "2023-11",
            "price": "16.09",
            "revenue": 446990
        },
        "2023-12": {
            "month": "2023-12",
            "price": "16.21",
            "revenue": 556631
        }
    }
}
