{
    "summary": {
        "stock_name": "景碩",
        "stock_id": "3189",
        "category": "半導體",
        "main_business": "電子零組件製造業<br>電子材料批發業<br>電子材料零售業",
        "website_url": "http://www.kinsus.com.tw",
        "ceo": "陳河旭",
        "pe_ratio": 100,
        "report_year_from": 2002,
        "report_year_to": 2023,
        "age": 22,
        "eps_negative_percentage": 5,
        "eps_growth_avg": {
            "last_all": 0.27,
            "last_2y": 27.16,
            "last_4y": -4.63,
            "last_8y": -21.11,
            "last_12y": -10.61,
            "last_16y": -11.43,
            "last_20y": null,
            "at_2006_last_3y": null,
            "at_2007_last_3y": 41.21,
            "at_2008_last_3y": 4.61,
            "at_2009_last_3y": -5.2,
            "at_2010_last_3y": -13.86,
            "at_2011_last_3y": -4.54,
            "at_2012_last_3y": 7.03,
            "at_2013_last_3y": 14.31,
            "at_2014_last_3y": 10.38,
            "at_2015_last_3y": 1.93,
            "at_2016_last_3y": -3.82,
            "at_2017_last_3y": -27.11,
            "at_2018_last_3y": -37.58,
            "at_2019_last_3y": -57.68,
            "at_2020_last_3y": -69.19,
            "at_2021_last_3y": -9.91,
            "at_2022_last_3y": 26.94,
            "at_2023_last_3y": 27.16,
            "at_2024_last_3y": 27.16,
            "at_2006_last_all": 62.66,
            "at_2007_last_all": 41.21,
            "at_2008_last_all": 23.69,
            "at_2009_last_all": 17.44,
            "at_2010_last_all": 18.93,
            "at_2011_last_all": 18.34,
            "at_2012_last_all": 16.28,
            "at_2013_last_all": 16.19,
            "at_2014_last_all": 15.82,
            "at_2015_last_all": 12.87,
            "at_2016_last_all": 10.1,
            "at_2017_last_all": 3.82,
            "at_2018_last_all": 1.58,
            "at_2019_last_all": -4.77,
            "at_2020_last_all": -4.77,
            "at_2021_last_all": 1.39,
            "at_2022_last_all": 5.81,
            "at_2023_last_all": 0.27,
            "at_2024_last_all": 0.27
        },
        "latest_eps": 0.1,
        "latest_price": 103,
        "latest_roe": 3,
        "latest_gross_margin": 30.87,
        "latest_equity": 39159126,
        "latest_revenue": 7489463,
        "latest_gross_profit": 2311784,
        "latest_net_income": 780039,
        "latest_debt_ratio": 49.84,
        "latest_current_ratio": 205.97,
        "latest_account_receivable_turnover_ratio": 1.86,
        "latest_inventory_turnover_ratio": 1.95,
        "latest_reinvestment_rate": 103.69,
        "latest_research_to_sale_ratio": 8.8
    },
    "eps_dividends": {
        "2001": {
            "cash": 0,
            "stock": 0,
            "eps": 0
        },
        "2002": {
            "cash": 0,
            "stock": 0,
            "eps": 0
        },
        "2003": {
            "cash": 0,
            "stock": 0,
            "eps": 2.4
        },
        "2004": {
            "cash": 0.55,
            "stock": 0.55,
            "eps": 5.94
        },
        "2005": {
            "cash": 1,
            "stock": 1.5,
            "eps": 7.45
        },
        "2006": {
            "cash": 1.28,
            "stock": 1.28,
            "eps": 12.11
        },
        "2007": {
            "cash": 3,
            "stock": 1,
            "eps": 9.31
        },
        "2008": {
            "cash": 4,
            "stock": 0.05,
            "eps": 4.99
        },
        "2009": {
            "cash": 2,
            "stock": 0,
            "eps": 4.3
        },
        "2010": {
            "cash": 2.3,
            "stock": 0,
            "eps": 5.5
        },
        "2011": {
            "cash": 6,
            "stock": 0,
            "eps": 6.28
        },
        "2012": {
            "cash": 0,
            "stock": 0,
            "eps": 6.27
        },
        "2013": {
            "cash": 3,
            "stock": 0,
            "eps": 7.23
        },
        "2014": {
            "cash": 3.5,
            "stock": 0,
            "eps": 8.11
        },
        "2015": {
            "cash": 4,
            "stock": 0,
            "eps": 6.52
        },
        "2016": {
            "cash": 3.5,
            "stock": 0,
            "eps": 5.01
        },
        "2017": {
            "cash": 3,
            "stock": 0,
            "eps": 1.11
        },
        "2018": {
            "cash": 1.5,
            "stock": 0,
            "eps": 0.78
        },
        "2019": {
            "cash": 1.5,
            "stock": 0,
            "eps": -4.53
        },
        "2020": {
            "cash": 1,
            "stock": 0,
            "eps": 1.21
        },
        "2021": {
            "cash": 1,
            "stock": 0,
            "eps": 8.55
        },
        "2022": {
            "cash": 4.5,
            "stock": 0,
            "eps": 15.46
        },
        "2023": {
            "cash": 6.5,
            "stock": 0,
            "eps": 0.1
        },
        "2024": {
            "cash": 1,
            "stock": 0,
            "eps": 0
        }
    },
    "dividends": {
        "2004-01-29": {
            "cash": 0.55,
            "stock": 0.55
        },
        "2005-03-28": {
            "cash": 1,
            "stock": 1.5
        },
        "2006-02-15": {
            "cash": 1.28,
            "stock": 1.28
        },
        "2007-02-15": {
            "cash": 3,
            "stock": 1
        },
        "2008-02-26": {
            "cash": 4,
            "stock": 0.05
        },
        "2009-01-22": {
            "cash": 2,
            "stock": 0
        },
        "2010-02-08": {
            "cash": 2.3,
            "stock": 0
        },
        "2011-01-01": {
            "cash": 3,
            "stock": 0
        },
        "2011-01-26": {
            "cash": 3,
            "stock": 0
        },
        "2013-01-28": {
            "cash": 3,
            "stock": 0
        },
        "2014-09-04": {
            "cash": 3.5,
            "stock": 0
        },
        "2015-09-03": {
            "cash": 4,
            "stock": 0
        },
        "2016-08-31": {
            "cash": 3.5,
            "stock": 0
        },
        "2017-09-06": {
            "cash": 3,
            "stock": 0
        },
        "2018-09-11": {
            "cash": 1.5,
            "stock": 0
        },
        "2019-09-12": {
            "cash": 1.5,
            "stock": 0
        },
        "2020-09-11": {
            "cash": 1,
            "stock": 0
        },
        "2021-09-10": {
            "cash": 1,
            "stock": 0
        },
        "2022-08-12": {
            "cash": 4.5,
            "stock": 0
        },
        "2023-08-09": {
            "cash": 6.5,
            "stock": 0
        },
        "2024-01-29": {
            "cash": 1,
            "stock": 0
        }
    },
    "prices": {
        "200101": "無",
        "200102": "無",
        "200103": "無",
        "200104": "無",
        "200105": "無",
        "200106": "無",
        "200107": "無",
        "200108": "無",
        "200109": "無",
        "200110": "無",
        "200111": "無",
        "200112": "無",
        "200201": "無",
        "200202": "無",
        "200203": "無",
        "200204": "無",
        "200205": "無",
        "200206": "無",
        "200207": "無",
        "200208": "無",
        "200209": "無",
        "200210": "無",
        "200211": "無",
        "200212": "無",
        "200301": "無",
        "200302": "無",
        "200303": "無",
        "200304": "無",
        "200305": "無",
        "200306": "無",
        "200307": "無",
        "200308": "無",
        "200309": "無",
        "200310": "53.97",
        "200311": "62.13",
        "200312": "71.34",
        "200401": "78.54",
        "200402": "85.83",
        "200403": "108.29",
        "200404": "110.25",
        "200405": "109.75",
        "200406": "107.63",
        "200407": "76.17",
        "200408": "72.35",
        "200409": "70.29",
        "200410": "68.92",
        "200411": "58.02",
        "200412": "51.92",
        "200501": "44.07",
        "200502": "48.45",
        "200503": "57.10",
        "200504": "58.54",
        "200505": "61.88",
        "200506": "72.96",
        "200507": "75.19",
        "200508": "66.83",
        "200509": "69.60",
        "200510": "76.09",
        "200511": "76.32",
        "200512": "97.30",
        "200601": "113.73",
        "200602": "106.84",
        "200603": "106.80",
        "200604": "128.45",
        "200605": "121.33",
        "200606": "105.39",
        "200607": "97.49",
        "200608": "89.63",
        "200609": "98.47",
        "200610": "91.34",
        "200611": "90.27",
        "200612": "92.84",
        "200701": "107.43",
        "200702": "107.42",
        "200703": "124.93",
        "200704": "126.30",
        "200705": "124.30",
        "200706": "131.95",
        "200707": "136.32",
        "200708": "119.02",
        "200709": "110.44",
        "200710": "121.09",
        "200711": "116.11",
        "200712": "111.41",
        "200801": "84.25",
        "200802": "78.61",
        "200803": "78.77",
        "200804": "86.84",
        "200805": "86.03",
        "200806": "75.37",
        "200807": "59.81",
        "200808": "58.90",
        "200809": "50.66",
        "200810": "38.28",
        "200811": "32.35",
        "200812": "30.52",
        "200901": "31.20",
        "200902": "36.27",
        "200903": "44.18",
        "200904": "50.39",
        "200905": "61.31",
        "200906": "55.34",
        "200907": "67.05",
        "200908": "69.68",
        "200909": "80.16",
        "200910": "88.99",
        "200911": "88.49",
        "200912": "83.35",
        "201001": "83.10",
        "201002": "76.98",
        "201003": "82.10",
        "201004": "80.52",
        "201005": "78.59",
        "201006": "72.53",
        "201007": "67.49",
        "201008": "67.04",
        "201009": "71.47",
        "201010": "80.02",
        "201011": "87.42",
        "201012": "98.62",
        "201101": "95.80",
        "201102": "89.61",
        "201103": "89.96",
        "201104": "91.78",
        "201105": "112.52",
        "201106": "121.02",
        "201107": "118.55",
        "201108": "100.31",
        "201109": "102.23",
        "201110": "97.23",
        "201111": "98.04",
        "201112": "80.04",
        "201201": "82.62",
        "201202": "94.62",
        "201203": "99.47",
        "201204": "90.54",
        "201205": "90.49",
        "201206": "83.18",
        "201207": "82.23",
        "201208": "85.97",
        "201209": "86.46",
        "201210": "81.36",
        "201211": "87.39",
        "201212": "91.03",
        "201301": "91.59",
        "201302": "94.61",
        "201303": "92.27",
        "201304": "94.46",
        "201305": "107.41",
        "201306": "110.24",
        "201307": "109.67",
        "201308": "109.00",
        "201309": "107.62",
        "201310": "104.39",
        "201311": "101.16",
        "201312": "97.73",
        "201401": "100.58",
        "201402": "104.03",
        "201403": "105.48",
        "201404": "113.52",
        "201405": "127.17",
        "201406": "132.60",
        "201407": "127.52",
        "201408": "125.55",
        "201409": "117.93",
        "201410": "113.25",
        "201411": "111.40",
        "201412": "104.80",
        "201501": "103.36",
        "201502": "101.81",
        "201503": "102.95",
        "201504": "98.16",
        "201505": "90.65",
        "201506": "85.55",
        "201507": "75.51",
        "201508": "58.23",
        "201509": "63.05",
        "201510": "68.38",
        "201511": "63.80",
        "201512": "66.46",
        "201601": "63.34",
        "201602": "73.98",
        "201603": "74.91",
        "201604": "66.77",
        "201605": "65.37",
        "201606": "72.04",
        "201607": "71.30",
        "201608": "67.80",
        "201609": "71.17",
        "201610": "71.82",
        "201611": "70.46",
        "201612": "71.62",
        "201701": "71.09",
        "201702": "81.72",
        "201703": "81.62",
        "201704": "77.04",
        "201705": "79.00",
        "201706": "79.18",
        "201707": "81.36",
        "201708": "83.97",
        "201709": "78.16",
        "201710": "73.53",
        "201711": "74.18",
        "201712": "57.31",
        "201801": "52.58",
        "201802": "49.03",
        "201803": "54.43",
        "201804": "52.51",
        "201805": "55.02",
        "201806": "55.95",
        "201807": "53.14",
        "201808": "50.04",
        "201809": "51.47",
        "201810": "45.10",
        "201811": "42.23",
        "201812": "46.25",
        "201901": "42.59",
        "201902": "44.08",
        "201903": "42.47",
        "201904": "47.51",
        "201905": "40.52",
        "201906": "40.08",
        "201907": "41.40",
        "201908": "38.08",
        "201909": "42.60",
        "201910": "44.53",
        "201911": "49.47",
        "201912": "53.18",
        "202001": "49.04",
        "202002": "51.72",
        "202003": "41.98",
        "202004": "46.97",
        "202005": "49.67",
        "202006": "60.02",
        "202007": "70.43",
        "202008": "75.00",
        "202009": "65.94",
        "202010": "68.92",
        "202011": "79.41",
        "202012": "83.70",
        "202101": "86.90",
        "202102": "88.44",
        "202103": "94.92",
        "202104": "110.95",
        "202105": "96.21",
        "202106": "124.38",
        "202107": "178.61",
        "202108": "182.55",
        "202109": "207.78",
        "202110": "222.05",
        "202111": "239.93",
        "202112": "232.16",
        "202201": "211.61",
        "202202": "215.97",
        "202203": "196.70",
        "202204": "184.71",
        "202205": "169.93",
        "202206": "154.26",
        "202207": "135.64",
        "202208": "128.93",
        "202209": "104.34",
        "202210": "100.06",
        "202211": "115.32",
        "202212": "115.66",
        "202301": "107.00",
        "202302": "110.53",
        "202303": "115.33",
        "202304": "111.26",
        "202305": "110.82",
        "202306": "115.38",
        "202307": "112.64",
        "202308": "104.52",
        "202309": "109.50",
        "202310": "101.87",
        "202311": "96.68",
        "202312": "100.84",
        "202401": "98.60",
        "202402": "100.45",
        "202403": "96.59"
    },
    "quarters": {
        "20011": {
            "year_quarter": 20011,
            "year": 2001,
            "quarter": 1,
            "eps": null,
            "eps_growth_year": null,
            "eps_4q": null,
            "eps_4q_growth_year": null,
            "roe": null,
            "roe_4q": 0,
            "gross_profit": null,
            "gross_margin": null,
            "gross_margin_4q_avg": 0,
            "net_income": null,
            "net_income_4q": null,
            "revenue": null,
            "revenue_4q": null,
            "common_shares": null,
            "book_valuer_per_share": null,
            "book_valuer_per_share_4q_avg": 0,
            "equity": null,
            "current_ratio": null,
            "debt_ratio": null,
            "inventory_turnover_ratio": null,
            "account_receivable_turnover_ratio": null,
            "reinvestment_rate": null,
            "research_to_sale_ratio": null,
            "price_fair": 0,
            "eps_avg_yearly": 0,
            "eps_latest_yearly": 0,
            "eps_growth_yearly": 0
        },
        "20012": {
            "year_quarter": 20012,
            "year": 2001,
            "quarter": 2,
            "eps": null,
            "eps_growth_year": null,
            "eps_4q": null,
            "eps_4q_growth_year": null,
            "roe": null,
            "roe_4q": 0,
            "gross_profit": null,
            "gross_margin": null,
            "gross_margin_4q_avg": 0,
            "net_income": null,
            "net_income_4q": null,
            "revenue": null,
            "revenue_4q": null,
            "common_shares": null,
            "book_valuer_per_share": null,
            "book_valuer_per_share_4q_avg": 0,
            "equity": null,
            "current_ratio": null,
            "debt_ratio": null,
            "inventory_turnover_ratio": null,
            "account_receivable_turnover_ratio": null,
            "reinvestment_rate": null,
            "research_to_sale_ratio": null,
            "price_fair": 0,
            "eps_avg_yearly": 0,
            "eps_latest_yearly": 0,
            "eps_growth_yearly": 0
        },
        "20013": {
            "year_quarter": 20013,
            "year": 2001,
            "quarter": 3,
            "eps": null,
            "eps_growth_year": null,
            "eps_4q": null,
            "eps_4q_growth_year": null,
            "roe": null,
            "roe_4q": 0,
            "gross_profit": null,
            "gross_margin": null,
            "gross_margin_4q_avg": 0,
            "net_income": null,
            "net_income_4q": null,
            "revenue": null,
            "revenue_4q": null,
            "common_shares": null,
            "book_valuer_per_share": null,
            "book_valuer_per_share_4q_avg": 0,
            "equity": null,
            "current_ratio": null,
            "debt_ratio": null,
            "inventory_turnover_ratio": null,
            "account_receivable_turnover_ratio": null,
            "reinvestment_rate": null,
            "research_to_sale_ratio": null,
            "price_fair": 0,
            "eps_avg_yearly": 0,
            "eps_latest_yearly": 0,
            "eps_growth_yearly": 0
        },
        "20014": {
            "year_quarter": 20014,
            "year": 2001,
            "quarter": 4,
            "eps": null,
            "eps_growth_year": null,
            "eps_4q": null,
            "eps_4q_growth_year": null,
            "roe": null,
            "roe_4q": 0,
            "gross_profit": null,
            "gross_margin": null,
            "gross_margin_4q_avg": 0,
            "net_income": null,
            "net_income_4q": null,
            "revenue": null,
            "revenue_4q": null,
            "common_shares": 1900000,
            "book_valuer_per_share": 9.34,
            "book_valuer_per_share_4q_avg": 2.34,
            "equity": 1775392,
            "current_ratio": 215.41,
            "debt_ratio": 13.04,
            "inventory_turnover_ratio": null,
            "account_receivable_turnover_ratio": null,
            "reinvestment_rate": null,
            "research_to_sale_ratio": null,
            "price_fair": 0,
            "eps_avg_yearly": 0,
            "eps_latest_yearly": 0,
            "eps_growth_yearly": 0
        },
        "20021": {
            "year_quarter": 20021,
            "year": 2002,
            "quarter": 1,
            "eps": null,
            "eps_growth_year": null,
            "eps_4q": null,
            "eps_4q_growth_year": null,
            "roe": null,
            "roe_4q": 0,
            "gross_profit": null,
            "gross_margin": null,
            "gross_margin_4q_avg": 0,
            "net_income": null,
            "net_income_4q": null,
            "revenue": null,
            "revenue_4q": null,
            "common_shares": null,
            "book_valuer_per_share": null,
            "book_valuer_per_share_4q_avg": 2.34,
            "equity": null,
            "current_ratio": null,
            "debt_ratio": null,
            "inventory_turnover_ratio": null,
            "account_receivable_turnover_ratio": null,
            "reinvestment_rate": null,
            "research_to_sale_ratio": null,
            "price_fair": 0,
            "eps_avg_yearly": 0,
            "eps_latest_yearly": 0,
            "eps_growth_yearly": 0
        },
        "20022": {
            "year_quarter": 20022,
            "year": 2002,
            "quarter": 2,
            "eps": null,
            "eps_growth_year": null,
            "eps_4q": null,
            "eps_4q_growth_year": null,
            "roe": null,
            "roe_4q": 0,
            "gross_profit": null,
            "gross_margin": null,
            "gross_margin_4q_avg": 0,
            "net_income": null,
            "net_income_4q": null,
            "revenue": null,
            "revenue_4q": null,
            "common_shares": null,
            "book_valuer_per_share": null,
            "book_valuer_per_share_4q_avg": 2.34,
            "equity": null,
            "current_ratio": null,
            "debt_ratio": null,
            "inventory_turnover_ratio": null,
            "account_receivable_turnover_ratio": null,
            "reinvestment_rate": null,
            "research_to_sale_ratio": null,
            "price_fair": 0,
            "eps_avg_yearly": 0,
            "eps_latest_yearly": 0,
            "eps_growth_yearly": 0
        },
        "20023": {
            "year_quarter": 20023,
            "year": 2002,
            "quarter": 3,
            "eps": null,
            "eps_growth_year": null,
            "eps_4q": null,
            "eps_4q_growth_year": null,
            "roe": null,
            "roe_4q": 0,
            "gross_profit": null,
            "gross_margin": null,
            "gross_margin_4q_avg": 0,
            "net_income": null,
            "net_income_4q": null,
            "revenue": null,
            "revenue_4q": null,
            "common_shares": null,
            "book_valuer_per_share": null,
            "book_valuer_per_share_4q_avg": 2.34,
            "equity": null,
            "current_ratio": null,
            "debt_ratio": null,
            "inventory_turnover_ratio": null,
            "account_receivable_turnover_ratio": null,
            "reinvestment_rate": null,
            "research_to_sale_ratio": null,
            "price_fair": 0,
            "eps_avg_yearly": 0,
            "eps_latest_yearly": 0,
            "eps_growth_yearly": 0
        },
        "20024": {
            "year_quarter": 20024,
            "year": 2002,
            "quarter": 4,
            "eps": null,
            "eps_growth_year": null,
            "eps_4q": null,
            "eps_4q_growth_year": null,
            "roe": null,
            "roe_4q": 0,
            "gross_profit": null,
            "gross_margin": null,
            "gross_margin_4q_avg": 0,
            "net_income": null,
            "net_income_4q": null,
            "revenue": null,
            "revenue_4q": null,
            "common_shares": 2000000,
            "book_valuer_per_share": 10.11,
            "book_valuer_per_share_4q_avg": 2.53,
            "equity": 2021743,
            "current_ratio": 210.94,
            "debt_ratio": 23.53,
            "inventory_turnover_ratio": null,
            "account_receivable_turnover_ratio": null,
            "reinvestment_rate": null,
            "research_to_sale_ratio": null,
            "price_fair": 0,
            "eps_avg_yearly": 0,
            "eps_latest_yearly": 0,
            "eps_growth_yearly": 0
        },
        "20031": {
            "year_quarter": 20031,
            "year": 2003,
            "quarter": 1,
            "eps": null,
            "eps_growth_year": null,
            "eps_4q": null,
            "eps_4q_growth_year": null,
            "roe": null,
            "roe_4q": 0,
            "gross_profit": null,
            "gross_margin": null,
            "gross_margin_4q_avg": 0,
            "net_income": null,
            "net_income_4q": null,
            "revenue": null,
            "revenue_4q": null,
            "common_shares": null,
            "book_valuer_per_share": null,
            "book_valuer_per_share_4q_avg": 2.53,
            "equity": null,
            "current_ratio": null,
            "debt_ratio": null,
            "inventory_turnover_ratio": null,
            "account_receivable_turnover_ratio": null,
            "reinvestment_rate": null,
            "research_to_sale_ratio": null,
            "price_fair": 0,
            "eps_avg_yearly": 0,
            "eps_latest_yearly": 0,
            "eps_growth_yearly": 0
        },
        "20032": {
            "year_quarter": 20032,
            "year": 2003,
            "quarter": 2,
            "eps": null,
            "eps_growth_year": null,
            "eps_4q": null,
            "eps_4q_growth_year": null,
            "roe": null,
            "roe_4q": 0,
            "gross_profit": null,
            "gross_margin": null,
            "gross_margin_4q_avg": 0,
            "net_income": null,
            "net_income_4q": null,
            "revenue": null,
            "revenue_4q": null,
            "common_shares": null,
            "book_valuer_per_share": null,
            "book_valuer_per_share_4q_avg": 2.53,
            "equity": null,
            "current_ratio": null,
            "debt_ratio": null,
            "inventory_turnover_ratio": null,
            "account_receivable_turnover_ratio": null,
            "reinvestment_rate": null,
            "research_to_sale_ratio": null,
            "price_fair": 0,
            "eps_avg_yearly": 0,
            "eps_latest_yearly": 0,
            "eps_growth_yearly": 0
        },
        "20033": {
            "year_quarter": 20033,
            "year": 2003,
            "quarter": 3,
            "eps": 1.14,
            "eps_growth_year": null,
            "eps_4q": null,
            "eps_4q_growth_year": null,
            "roe": 9.77,
            "roe_4q": 9.77,
            "gross_profit": 326506,
            "gross_margin": 47.97,
            "gross_margin_4q_avg": 11.99,
            "net_income": 228514,
            "net_income_4q": null,
            "revenue": 680624,
            "revenue_4q": null,
            "common_shares": 2000000,
            "book_valuer_per_share": 11.69,
            "book_valuer_per_share_4q_avg": 5.45,
            "equity": 2338661,
            "current_ratio": 188.4,
            "debt_ratio": 25.68,
            "inventory_turnover_ratio": 2.41,
            "account_receivable_turnover_ratio": null,
            "reinvestment_rate": null,
            "research_to_sale_ratio": null,
            "price_fair": 0,
            "eps_avg_yearly": 0,
            "eps_latest_yearly": 0,
            "eps_growth_yearly": 0
        },
        "20034": {
            "year_quarter": 20034,
            "year": 2003,
            "quarter": 4,
            "eps": 1.26,
            "eps_growth_year": null,
            "eps_4q": null,
            "eps_4q_growth_year": null,
            "roe": 10.26,
            "roe_4q": 20.03,
            "gross_profit": 344905,
            "gross_margin": 39.22,
            "gross_margin_4q_avg": 21.8,
            "net_income": 252883,
            "net_income_4q": null,
            "revenue": 879333,
            "revenue_4q": null,
            "common_shares": 2000000,
            "book_valuer_per_share": 12.96,
            "book_valuer_per_share_4q_avg": 6.16,
            "equity": 2591674,
            "current_ratio": 161.03,
            "debt_ratio": 28.63,
            "inventory_turnover_ratio": 3.19,
            "account_receivable_turnover_ratio": null,
            "reinvestment_rate": null,
            "research_to_sale_ratio": null,
            "price_fair": 176.4,
            "eps_avg_yearly": 5.04,
            "eps_latest_yearly": 5.04,
            "eps_growth_yearly": 42.11
        },
        "20041": {
            "year_quarter": 20041,
            "year": 2004,
            "quarter": 1,
            "eps": 1.92,
            "eps_growth_year": null,
            "eps_4q": null,
            "eps_4q_growth_year": null,
            "roe": 13.81,
            "roe_4q": 33.84,
            "gross_profit": 501846,
            "gross_margin": 46.49,
            "gross_margin_4q_avg": 33.42,
            "net_income": 384383,
            "net_income_4q": null,
            "revenue": 1079578,
            "revenue_4q": null,
            "common_shares": 2000000,
            "book_valuer_per_share": 14.88,
            "book_valuer_per_share_4q_avg": 9.88,
            "equity": 2975615,
            "current_ratio": 168.16,
            "debt_ratio": 29.04,
            "inventory_turnover_ratio": 2.54,
            "account_receivable_turnover_ratio": null,
            "reinvestment_rate": null,
            "research_to_sale_ratio": null,
            "price_fair": 222.6,
            "eps_avg_yearly": 6.36,
            "eps_latest_yearly": 7.68,
            "eps_growth_yearly": 125.81
        },
        "20042": {
            "year_quarter": 20042,
            "year": 2004,
            "quarter": 2,
            "eps": 1.91,
            "eps_growth_year": null,
            "eps_4q": 5.82,
            "eps_4q_growth_year": null,
            "roe": 13.56,
            "roe_4q": 47.400000000000006,
            "gross_profit": 531628,
            "gross_margin": 41.39,
            "gross_margin_4q_avg": 43.77,
            "net_income": 422915,
            "net_income_4q": null,
            "revenue": 1284351,
            "revenue_4q": null,
            "common_shares": 2220000,
            "book_valuer_per_share": 14.7,
            "book_valuer_per_share_4q_avg": 13.56,
            "equity": 3263840,
            "current_ratio": 136.92,
            "debt_ratio": 32.37,
            "inventory_turnover_ratio": 2.72,
            "account_receivable_turnover_ratio": null,
            "reinvestment_rate": null,
            "research_to_sale_ratio": null,
            "price_fair": 237.53,
            "eps_avg_yearly": 6.79,
            "eps_latest_yearly": 7.64,
            "eps_growth_yearly": 83.18
        },
        "20043": {
            "year_quarter": 20043,
            "year": 2004,
            "quarter": 3,
            "eps": 1.42,
            "eps_growth_year": 24.56,
            "eps_4q": 6.19,
            "eps_4q_growth_year": null,
            "roe": 9.22,
            "roe_4q": 46.85,
            "gross_profit": 431610,
            "gross_margin": 36.83,
            "gross_margin_4q_avg": 40.98,
            "net_income": 315456,
            "net_income_4q": null,
            "revenue": 1171961,
            "revenue_4q": null,
            "common_shares": 2220000,
            "book_valuer_per_share": 16.12,
            "book_valuer_per_share_4q_avg": 14.67,
            "equity": 3579296,
            "current_ratio": 135.78,
            "debt_ratio": 29.38,
            "inventory_turnover_ratio": 2.21,
            "account_receivable_turnover_ratio": null,
            "reinvestment_rate": null,
            "research_to_sale_ratio": null,
            "price_fair": 227.85,
            "eps_avg_yearly": 6.51,
            "eps_latest_yearly": 5.68,
            "eps_growth_yearly": 36.73
        },
        "20044": {
            "year_quarter": 20044,
            "year": 2004,
            "quarter": 4,
            "eps": 0.69,
            "eps_growth_year": -45.24,
            "eps_4q": 5.76,
            "eps_4q_growth_year": null,
            "roe": 4.18,
            "roe_4q": 40.77,
            "gross_profit": 313970,
            "gross_margin": 28.57,
            "gross_margin_4q_avg": 38.32,
            "net_income": 152935,
            "net_income_4q": null,
            "revenue": 1098818,
            "revenue_4q": null,
            "common_shares": 2220000,
            "book_valuer_per_share": 16.81,
            "book_valuer_per_share_4q_avg": 15.63,
            "equity": 3731014,
            "current_ratio": 133.06,
            "debt_ratio": 30.47,
            "inventory_turnover_ratio": 2.02,
            "account_receivable_turnover_ratio": null,
            "reinvestment_rate": null,
            "research_to_sale_ratio": null,
            "price_fair": 17.28,
            "eps_avg_yearly": 5.76,
            "eps_latest_yearly": 2.76,
            "eps_growth_yearly": -11.74
        },
        "20051": {
            "year_quarter": 20051,
            "year": 2005,
            "quarter": 1,
            "eps": 1.16,
            "eps_growth_year": -39.58,
            "eps_4q": 5.18,
            "eps_4q_growth_year": null,
            "roe": 6.66,
            "roe_4q": 33.620000000000005,
            "gross_profit": 351184,
            "gross_margin": 33.01,
            "gross_margin_4q_avg": 34.95,
            "net_income": 257157,
            "net_income_4q": null,
            "revenue": 1063921,
            "revenue_4q": null,
            "common_shares": 2220000,
            "book_valuer_per_share": 17.96,
            "book_valuer_per_share_4q_avg": 16.4,
            "equity": 3988082,
            "current_ratio": 155.22,
            "debt_ratio": 28.07,
            "inventory_turnover_ratio": 1.77,
            "account_receivable_turnover_ratio": null,
            "reinvestment_rate": null,
            "research_to_sale_ratio": null,
            "price_fair": 195.07,
            "eps_avg_yearly": 5.57,
            "eps_latest_yearly": 4.64,
            "eps_growth_yearly": 35.63
        },
        "20052": {
            "year_quarter": 20052,
            "year": 2005,
            "quarter": 2,
            "eps": 1.85,
            "eps_growth_year": -3.14,
            "eps_4q": 5.12,
            "eps_4q_growth_year": -11.98,
            "roe": 10.15,
            "roe_4q": 30.21,
            "gross_profit": 455559,
            "gross_margin": 30.88,
            "gross_margin_4q_avg": 32.32,
            "net_income": 410129,
            "net_income_4q": null,
            "revenue": 1475492,
            "revenue_4q": null,
            "common_shares": 2220000,
            "book_valuer_per_share": 18.45,
            "book_valuer_per_share_4q_avg": 17.34,
            "equity": 4095063,
            "current_ratio": 120.48,
            "debt_ratio": 33.48,
            "inventory_turnover_ratio": 2.3,
            "account_receivable_turnover_ratio": null,
            "reinvestment_rate": null,
            "research_to_sale_ratio": null,
            "price_fair": 204.2,
            "eps_avg_yearly": 5.83,
            "eps_latest_yearly": 7.4,
            "eps_growth_yearly": 64.53
        },
        "20053": {
            "year_quarter": 20053,
            "year": 2005,
            "quarter": 3,
            "eps": 1.97,
            "eps_growth_year": 38.73,
            "eps_4q": 5.08,
            "eps_4q_growth_year": -17.92,
            "roe": 9.85,
            "roe_4q": 30.84,
            "gross_profit": 638239,
            "gross_margin": 35.56,
            "gross_margin_4q_avg": 32.01,
            "net_income": 519116,
            "net_income_4q": null,
            "revenue": 1794608,
            "revenue_4q": null,
            "common_shares": 2898000,
            "book_valuer_per_share": 22.24,
            "book_valuer_per_share_4q_avg": 18.87,
            "equity": 6445210,
            "current_ratio": 274.38,
            "debt_ratio": 23.55,
            "inventory_turnover_ratio": 2.34,
            "account_receivable_turnover_ratio": null,
            "reinvestment_rate": null,
            "research_to_sale_ratio": null,
            "price_fair": 213.15,
            "eps_avg_yearly": 6.09,
            "eps_latest_yearly": 7.88,
            "eps_growth_yearly": 59.7
        },
        "20054": {
            "year_quarter": 20054,
            "year": 2005,
            "quarter": 4,
            "eps": 2.47,
            "eps_growth_year": 257.97,
            "eps_4q": 6.86,
            "eps_4q_growth_year": 19.18,
            "roe": 9.85,
            "roe_4q": 36.510000000000005,
            "gross_profit": 876732,
            "gross_margin": 38.08,
            "gross_margin_4q_avg": 34.38,
            "net_income": 667586,
            "net_income_4q": null,
            "revenue": 2302245,
            "revenue_4q": null,
            "common_shares": 2898000,
            "book_valuer_per_share": 24.54,
            "book_valuer_per_share_4q_avg": 20.8,
            "equity": 7112511,
            "current_ratio": 198.46,
            "debt_ratio": 26.02,
            "inventory_turnover_ratio": 2.56,
            "account_receivable_turnover_ratio": null,
            "reinvestment_rate": null,
            "research_to_sale_ratio": null,
            "price_fair": 227.89,
            "eps_avg_yearly": 6.51,
            "eps_latest_yearly": 9.88,
            "eps_growth_yearly": 64.35
        },
        "20061": {
            "year_quarter": 20061,
            "year": 2006,
            "quarter": 1,
            "eps": 3.07,
            "eps_growth_year": 164.66,
            "eps_4q": 8.58,
            "eps_4q_growth_year": 65.58,
            "roe": 11.78,
            "roe_4q": 41.629999999999995,
            "gross_profit": 1051457,
            "gross_margin": 38.87,
            "gross_margin_4q_avg": 35.85,
            "net_income": 889997,
            "net_income_4q": null,
            "revenue": 2705157,
            "revenue_4q": null,
            "common_shares": 2898000,
            "book_valuer_per_share": 27.61,
            "book_valuer_per_share_4q_avg": 23.21,
            "equity": 8002267,
            "current_ratio": 211.43,
            "debt_ratio": 23.45,
            "inventory_turnover_ratio": 2.34,
            "account_receivable_turnover_ratio": null,
            "reinvestment_rate": null,
            "research_to_sale_ratio": null,
            "price_fair": 248.08,
            "eps_avg_yearly": 7.09,
            "eps_latest_yearly": 12.28,
            "eps_growth_yearly": 67.63
        },
        "20062": {
            "year_quarter": 20062,
            "year": 2006,
            "quarter": 2,
            "eps": 3.74,
            "eps_growth_year": 102.16,
            "eps_4q": 10.69,
            "eps_4q_growth_year": 108.6,
            "roe": 10.47,
            "roe_4q": 41.95,
            "gross_profit": 1366159,
            "gross_margin": 41.41,
            "gross_margin_4q_avg": 38.48,
            "net_income": 1118127,
            "net_income_4q": null,
            "revenue": 3299067,
            "revenue_4q": null,
            "common_shares": 3398000,
            "book_valuer_per_share": 39.32,
            "book_valuer_per_share_4q_avg": 28.43,
            "equity": 13359388,
            "current_ratio": 314.26,
            "debt_ratio": 20.49,
            "inventory_turnover_ratio": 2.37,
            "account_receivable_turnover_ratio": null,
            "reinvestment_rate": null,
            "research_to_sale_ratio": null,
            "price_fair": 273.13,
            "eps_avg_yearly": 7.8,
            "eps_latest_yearly": 14.96,
            "eps_growth_yearly": 69.42
        },
        "20063": {
            "year_quarter": 20063,
            "year": 2006,
            "quarter": 3,
            "eps": 3.17,
            "eps_growth_year": 60.91,
            "eps_4q": 10.65,
            "eps_4q_growth_year": 109.51,
            "roe": 8.14,
            "roe_4q": 40.24,
            "gross_profit": 1397457,
            "gross_margin": 45.22,
            "gross_margin_4q_avg": 40.9,
            "net_income": 1134169,
            "net_income_4q": null,
            "revenue": 3090640,
            "revenue_4q": null,
            "common_shares": 3890000,
            "book_valuer_per_share": 37.26,
            "book_valuer_per_share_4q_avg": 32.18,
            "equity": 14494026,
            "current_ratio": 363.25,
            "debt_ratio": 16.41,
            "inventory_turnover_ratio": 2.01,
            "account_receivable_turnover_ratio": null,
            "reinvestment_rate": null,
            "research_to_sale_ratio": null,
            "price_fair": 287.35,
            "eps_avg_yearly": 8.21,
            "eps_latest_yearly": 12.68,
            "eps_growth_yearly": 58.55
        },
        "20064": {
            "year_quarter": 20064,
            "year": 2006,
            "quarter": 4,
            "eps": 2.13,
            "eps_growth_year": -13.77,
            "eps_4q": 10.74,
            "eps_4q_growth_year": 56.54,
            "roe": 5.22,
            "roe_4q": 35.61,
            "gross_profit": 1062499,
            "gross_margin": 37.69,
            "gross_margin_4q_avg": 40.8,
            "net_income": 777568,
            "net_income_4q": null,
            "revenue": 2818910,
            "revenue_4q": null,
            "common_shares": 3890000,
            "book_valuer_per_share": 39.26,
            "book_valuer_per_share_4q_avg": 35.86,
            "equity": 15271257,
            "current_ratio": 449.79,
            "debt_ratio": 13.59,
            "inventory_turnover_ratio": 2.21,
            "account_receivable_turnover_ratio": null,
            "reinvestment_rate": null,
            "research_to_sale_ratio": null,
            "price_fair": 288.18,
            "eps_avg_yearly": 8.23,
            "eps_latest_yearly": 8.52,
            "eps_growth_yearly": 43.96
        },
        "20071": {
            "year_quarter": 20071,
            "year": 2007,
            "quarter": 1,
            "eps": 1.86,
            "eps_growth_year": -39.41,
            "eps_4q": 9.65,
            "eps_4q_growth_year": 12.47,
            "roe": 4.63,
            "roe_4q": 28.46,
            "gross_profit": 951397,
            "gross_margin": 37.36,
            "gross_margin_4q_avg": 40.42,
            "net_income": 723667,
            "net_income_4q": null,
            "revenue": 2546546,
            "revenue_4q": null,
            "common_shares": 3890000,
            "book_valuer_per_share": 41.12,
            "book_valuer_per_share_4q_avg": 39.24,
            "equity": 15995238,
            "current_ratio": 490.27,
            "debt_ratio": 12.79,
            "inventory_turnover_ratio": 2.15,
            "account_receivable_turnover_ratio": null,
            "reinvestment_rate": null,
            "research_to_sale_ratio": null,
            "price_fair": 286.2,
            "eps_avg_yearly": 8.18,
            "eps_latest_yearly": 7.44,
            "eps_growth_yearly": 37.19
        },
        "20072": {
            "year_quarter": 20072,
            "year": 2007,
            "quarter": 2,
            "eps": 2.16,
            "eps_growth_year": -42.25,
            "eps_4q": 8.94,
            "eps_4q_growth_year": -16.31,
            "roe": 5.35,
            "roe_4q": 23.34,
            "gross_profit": 982707,
            "gross_margin": 32.76,
            "gross_margin_4q_avg": 38.26,
            "net_income": 839186,
            "net_income_4q": null,
            "revenue": 2999750,
            "revenue_4q": null,
            "common_shares": 3890000,
            "book_valuer_per_share": 39.47,
            "book_valuer_per_share_4q_avg": 39.28,
            "equity": 15354211,
            "current_ratio": 295.04,
            "debt_ratio": 19.95,
            "inventory_turnover_ratio": 2.66,
            "account_receivable_turnover_ratio": null,
            "reinvestment_rate": 98.91,
            "research_to_sale_ratio": null,
            "price_fair": 287.28,
            "eps_avg_yearly": 8.21,
            "eps_latest_yearly": 8.64,
            "eps_growth_yearly": 39.02
        },
        "20073": {
            "year_quarter": 20073,
            "year": 2007,
            "quarter": 3,
            "eps": 2.6,
            "eps_growth_year": -17.98,
            "eps_4q": 7.97,
            "eps_4q_growth_year": -25.12,
            "roe": 7.11,
            "roe_4q": 22.31,
            "gross_profit": 1533055,
            "gross_margin": 41.74,
            "gross_margin_4q_avg": 37.39,
            "net_income": 1132459,
            "net_income_4q": null,
            "revenue": 3672616,
            "revenue_4q": null,
            "common_shares": 4354000,
            "book_valuer_per_share": 37.87,
            "book_valuer_per_share_4q_avg": 39.43,
            "equity": 16486670,
            "current_ratio": 419.88,
            "debt_ratio": 14.3,
            "inventory_turnover_ratio": 2.68,
            "account_receivable_turnover_ratio": null,
            "reinvestment_rate": 69.36,
            "research_to_sale_ratio": null,
            "price_fair": 292.08,
            "eps_avg_yearly": 8.35,
            "eps_latest_yearly": 10.4,
            "eps_growth_yearly": 41.67
        },
        "20074": {
            "year_quarter": 20074,
            "year": 2007,
            "quarter": 4,
            "eps": 2.69,
            "eps_growth_year": 26.29,
            "eps_4q": 8.87,
            "eps_4q_growth_year": -17.36,
            "roe": 6.87,
            "roe_4q": 23.959999999999997,
            "gross_profit": 1353777,
            "gross_margin": 35.91,
            "gross_margin_4q_avg": 36.94,
            "net_income": 1172445,
            "net_income_4q": null,
            "revenue": 3770105,
            "revenue_4q": null,
            "common_shares": 4354000,
            "book_valuer_per_share": 40.56,
            "book_valuer_per_share_4q_avg": 39.76,
            "equity": 17659843,
            "current_ratio": 502.92,
            "debt_ratio": 12.45,
            "inventory_turnover_ratio": 2.87,
            "account_receivable_turnover_ratio": null,
            "reinvestment_rate": 60.49,
            "research_to_sale_ratio": null,
            "price_fair": 304.59,
            "eps_avg_yearly": 8.7,
            "eps_latest_yearly": 10.76,
            "eps_growth_yearly": 39.9
        },
        "20081": {
            "year_quarter": 20081,
            "year": 2008,
            "quarter": 1,
            "eps": 1.3,
            "eps_growth_year": -30.11,
            "eps_4q": 8.53,
            "eps_4q_growth_year": -11.59,
            "roe": 3.15,
            "roe_4q": 22.479999999999997,
            "gross_profit": 1057735,
            "gross_margin": 31.42,
            "gross_margin_4q_avg": 35.46,
            "net_income": 565366,
            "net_income_4q": null,
            "revenue": 3366073,
            "revenue_4q": null,
            "common_shares": 4354000,
            "book_valuer_per_share": 41.84,
            "book_valuer_per_share_4q_avg": 39.94,
            "equity": 18219237,
            "current_ratio": 539.3,
            "debt_ratio": 11.81,
            "inventory_turnover_ratio": 2.64,
            "account_receivable_turnover_ratio": null,
            "reinvestment_rate": 56.13,
            "research_to_sale_ratio": null,
            "price_fair": 204.2,
            "eps_avg_yearly": 8.55,
            "eps_latest_yearly": 5.2,
            "eps_growth_yearly": 13.89
        },
        "20082": {
            "year_quarter": 20082,
            "year": 2008,
            "quarter": 2,
            "eps": 1.24,
            "eps_growth_year": -42.59,
            "eps_4q": 7.83,
            "eps_4q_growth_year": -12.44,
            "roe": 3.09,
            "roe_4q": 20.22,
            "gross_profit": 791349,
            "gross_margin": 25.05,
            "gross_margin_4q_avg": 33.53,
            "net_income": 540006,
            "net_income_4q": null,
            "revenue": 3158798,
            "revenue_4q": null,
            "common_shares": 4354000,
            "book_valuer_per_share": 38.41,
            "book_valuer_per_share_4q_avg": 39.67,
            "equity": 16724961,
            "current_ratio": 273.73,
            "debt_ratio": 21.97,
            "inventory_turnover_ratio": 2.7,
            "account_receivable_turnover_ratio": null,
            "reinvestment_rate": 53.85,
            "research_to_sale_ratio": null,
            "price_fair": 191.62,
            "eps_avg_yearly": 8.38,
            "eps_latest_yearly": 4.96,
            "eps_growth_yearly": 12.87
        },
        "20083": {
            "year_quarter": 20083,
            "year": 2008,
            "quarter": 3,
            "eps": 1.56,
            "eps_growth_year": -40,
            "eps_4q": 6.65,
            "eps_4q_growth_year": -16.55,
            "roe": 4.08,
            "roe_4q": 17.19,
            "gross_profit": 961822,
            "gross_margin": 29.29,
            "gross_margin_4q_avg": 30.42,
            "net_income": 697629,
            "net_income_4q": null,
            "revenue": 3284334,
            "revenue_4q": null,
            "common_shares": 4460000,
            "book_valuer_per_share": 39.12,
            "book_valuer_per_share_4q_avg": 39.98,
            "equity": 17447780,
            "current_ratio": 411.94,
            "debt_ratio": 13.91,
            "inventory_turnover_ratio": 2.76,
            "account_receivable_turnover_ratio": null,
            "reinvestment_rate": 49.7,
            "research_to_sale_ratio": null,
            "price_fair": 294.53,
            "eps_avg_yearly": 8.42,
            "eps_latest_yearly": 6.24,
            "eps_growth_yearly": 25.73
        },
        "20084": {
            "year_quarter": 20084,
            "year": 2008,
            "quarter": 4,
            "eps": 0.89,
            "eps_growth_year": -66.91,
            "eps_4q": 4.95,
            "eps_4q_growth_year": -44.24,
            "roe": 2.24,
            "roe_4q": 12.56,
            "gross_profit": 930444,
            "gross_margin": 38.68,
            "gross_margin_4q_avg": 31.11,
            "net_income": 395379,
            "net_income_4q": null,
            "revenue": 2405778,
            "revenue_4q": null,
            "common_shares": 4460000,
            "book_valuer_per_share": 40.01,
            "book_valuer_per_share_4q_avg": 39.85,
            "equity": 17844267,
            "current_ratio": 527.7,
            "debt_ratio": 10.88,
            "inventory_turnover_ratio": 1.83,
            "account_receivable_turnover_ratio": 2.85,
            "reinvestment_rate": 45.96,
            "research_to_sale_ratio": null,
            "price_fair": 296.28,
            "eps_avg_yearly": 8.47,
            "eps_latest_yearly": 3.56,
            "eps_growth_yearly": 27.85
        },
        "20091": {
            "year_quarter": 20091,
            "year": 2009,
            "quarter": 1,
            "eps": 0.42,
            "eps_growth_year": -67.69,
            "eps_4q": 4.05,
            "eps_4q_growth_year": -52.52,
            "roe": 1.05,
            "roe_4q": 10.46,
            "gross_profit": 350778,
            "gross_margin": 20.54,
            "gross_margin_4q_avg": 28.39,
            "net_income": 188966,
            "net_income_4q": null,
            "revenue": 1707985,
            "revenue_4q": null,
            "common_shares": 4460000,
            "book_valuer_per_share": 40.44,
            "book_valuer_per_share_4q_avg": 39.5,
            "equity": 18035375,
            "current_ratio": 613.1,
            "debt_ratio": 9.67,
            "inventory_turnover_ratio": 1.72,
            "account_receivable_turnover_ratio": 1.07,
            "reinvestment_rate": 41.82,
            "research_to_sale_ratio": null,
            "price_fair": 24.84,
            "eps_avg_yearly": 8.28,
            "eps_latest_yearly": 1.68,
            "eps_growth_yearly": -2.38
        },
        "20092": {
            "year_quarter": 20092,
            "year": 2009,
            "quarter": 2,
            "eps": 1.19,
            "eps_growth_year": -4.03,
            "eps_4q": 4.06,
            "eps_4q_growth_year": -48.12,
            "roe": 2.98,
            "roe_4q": 10.350000000000001,
            "gross_profit": 940827,
            "gross_margin": 33.27,
            "gross_margin_4q_avg": 30.45,
            "net_income": 531084,
            "net_income_4q": null,
            "revenue": 2828242,
            "revenue_4q": null,
            "common_shares": 4460000,
            "book_valuer_per_share": 39.54,
            "book_valuer_per_share_4q_avg": 39.78,
            "equity": 17636073,
            "current_ratio": 412.12,
            "debt_ratio": 14.6,
            "inventory_turnover_ratio": 2.3,
            "account_receivable_turnover_ratio": 1.7,
            "reinvestment_rate": 35.79,
            "research_to_sale_ratio": null,
            "price_fair": 284.03,
            "eps_avg_yearly": 8.12,
            "eps_latest_yearly": 4.76,
            "eps_growth_yearly": 28.58
        },
        "20093": {
            "year_quarter": 20093,
            "year": 2009,
            "quarter": 3,
            "eps": 1.55,
            "eps_growth_year": -0.64,
            "eps_4q": 4.06,
            "eps_4q_growth_year": -38.93,
            "roe": 3.81,
            "roe_4q": 10.08,
            "gross_profit": 1143360,
            "gross_margin": 34,
            "gross_margin_4q_avg": 31.62,
            "net_income": 688298,
            "net_income_4q": null,
            "revenue": 3362430,
            "revenue_4q": null,
            "common_shares": 4460000,
            "book_valuer_per_share": 41.04,
            "book_valuer_per_share_4q_avg": 40.26,
            "equity": 18459210,
            "current_ratio": 491.21,
            "debt_ratio": 12.62,
            "inventory_turnover_ratio": 2.38,
            "account_receivable_turnover_ratio": 1.7,
            "reinvestment_rate": 32.58,
            "research_to_sale_ratio": null,
            "price_fair": 280.35,
            "eps_avg_yearly": 8.01,
            "eps_latest_yearly": 6.2,
            "eps_growth_yearly": 34.52
        },
        "20094": {
            "year_quarter": 20094,
            "year": 2009,
            "quarter": 4,
            "eps": 1.14,
            "eps_growth_year": 28.09,
            "eps_4q": 4.3,
            "eps_4q_growth_year": -13.04,
            "roe": 2.7,
            "roe_4q": 10.540000000000001,
            "gross_profit": 913861,
            "gross_margin": 28.7,
            "gross_margin_4q_avg": 29.13,
            "net_income": 504608,
            "net_income_4q": null,
            "revenue": 3184294,
            "revenue_4q": null,
            "common_shares": 4460000,
            "book_valuer_per_share": 42.15,
            "book_valuer_per_share_4q_avg": 40.79,
            "equity": 18949287,
            "current_ratio": 494.14,
            "debt_ratio": 15.28,
            "inventory_turnover_ratio": 2.11,
            "account_receivable_turnover_ratio": 3.16,
            "reinvestment_rate": 45.07,
            "research_to_sale_ratio": null,
            "price_fair": 242.31,
            "eps_avg_yearly": 7.68,
            "eps_latest_yearly": 4.56,
            "eps_growth_yearly": 21.56
        },
        "20101": {
            "year_quarter": 20101,
            "year": 2010,
            "quarter": 1,
            "eps": 1.01,
            "eps_growth_year": 140.48,
            "eps_4q": 4.89,
            "eps_4q_growth_year": 20.68,
            "roe": 2.32,
            "roe_4q": 11.81,
            "gross_profit": 813478,
            "gross_margin": 27.6,
            "gross_margin_4q_avg": 30.89,
            "net_income": 444956,
            "net_income_4q": null,
            "revenue": 2947835,
            "revenue_4q": null,
            "common_shares": 4460000,
            "book_valuer_per_share": 43.13,
            "book_valuer_per_share_4q_avg": 41.47,
            "equity": 19383439,
            "current_ratio": 483.17,
            "debt_ratio": 15.59,
            "inventory_turnover_ratio": 1.86,
            "account_receivable_turnover_ratio": 1.66,
            "reinvestment_rate": 40.82,
            "research_to_sale_ratio": null,
            "price_fair": 162.14,
            "eps_avg_yearly": 7.16,
            "eps_latest_yearly": 4.04,
            "eps_growth_yearly": 12.64
        },
        "20102": {
            "year_quarter": 20102,
            "year": 2010,
            "quarter": 2,
            "eps": 1.5,
            "eps_growth_year": 25.99,
            "eps_4q": 5.2,
            "eps_4q_growth_year": 27.89,
            "roe": 3.45,
            "roe_4q": 12.28,
            "gross_profit": 1170016,
            "gross_margin": 30.59,
            "gross_margin_4q_avg": 30.22,
            "net_income": 662779,
            "net_income_4q": null,
            "revenue": 3824278,
            "revenue_4q": null,
            "common_shares": 4460000,
            "book_valuer_per_share": 42.41,
            "book_valuer_per_share_4q_avg": 42.18,
            "equity": 19053387,
            "current_ratio": 327.75,
            "debt_ratio": 22.05,
            "inventory_turnover_ratio": 2.13,
            "account_receivable_turnover_ratio": 2.22,
            "reinvestment_rate": 32.3,
            "research_to_sale_ratio": null,
            "price_fair": 193.52,
            "eps_avg_yearly": 6.6,
            "eps_latest_yearly": 6,
            "eps_growth_yearly": 19.31
        },
        "20103": {
            "year_quarter": 20103,
            "year": 2010,
            "quarter": 3,
            "eps": 1.58,
            "eps_growth_year": 1.93,
            "eps_4q": 5.23,
            "eps_4q_growth_year": 28.72,
            "roe": 3.21,
            "roe_4q": 11.68,
            "gross_profit": 1270458,
            "gross_margin": 24.93,
            "gross_margin_4q_avg": 27.96,
            "net_income": 671941,
            "net_income_4q": null,
            "revenue": 5095811,
            "revenue_4q": null,
            "common_shares": 4460000,
            "book_valuer_per_share": 44.17,
            "book_valuer_per_share_4q_avg": 42.97,
            "equity": 22772660,
            "current_ratio": 247.98,
            "debt_ratio": 23.86,
            "inventory_turnover_ratio": 2.29,
            "account_receivable_turnover_ratio": 1.83,
            "reinvestment_rate": 98.24,
            "research_to_sale_ratio": 4.18,
            "price_fair": 213.79,
            "eps_avg_yearly": 6.21,
            "eps_latest_yearly": 6.32,
            "eps_growth_yearly": 24.45
        },
        "20104": {
            "year_quarter": 20104,
            "year": 2010,
            "quarter": 4,
            "eps": 1.41,
            "eps_growth_year": 23.86,
            "eps_4q": 5.5,
            "eps_4q_growth_year": 27.79,
            "roe": 2.63,
            "roe_4q": 11.61,
            "gross_profit": 1164937,
            "gross_margin": 20.34,
            "gross_margin_4q_avg": 25.87,
            "net_income": 597899,
            "net_income_4q": null,
            "revenue": 5726921,
            "revenue_4q": null,
            "common_shares": 4460000,
            "book_valuer_per_share": 44.77,
            "book_valuer_per_share_4q_avg": 43.62,
            "equity": 22765093,
            "current_ratio": 303.88,
            "debt_ratio": 25.22,
            "inventory_turnover_ratio": 2.34,
            "account_receivable_turnover_ratio": 1.52,
            "reinvestment_rate": 87.01,
            "research_to_sale_ratio": 4.58,
            "price_fair": 210.88,
            "eps_avg_yearly": 6.03,
            "eps_latest_yearly": 5.64,
            "eps_growth_yearly": 29.97
        },
        "20111": {
            "year_quarter": 20111,
            "year": 2011,
            "quarter": 1,
            "eps": 1.52,
            "eps_growth_year": 50.5,
            "eps_4q": 6.01,
            "eps_4q_growth_year": 22.91,
            "roe": 2.93,
            "roe_4q": 12.219999999999999,
            "gross_profit": 1238934,
            "gross_margin": 23.28,
            "gross_margin_4q_avg": 24.79,
            "net_income": 679161,
            "net_income_4q": null,
            "revenue": 5322912,
            "revenue_4q": null,
            "common_shares": 4460000,
            "book_valuer_per_share": 46.46,
            "book_valuer_per_share_4q_avg": 44.45,
            "equity": 23573118,
            "current_ratio": 329.49,
            "debt_ratio": 27.21,
            "inventory_turnover_ratio": 2.15,
            "account_receivable_turnover_ratio": 1.4,
            "reinvestment_rate": 88.8,
            "research_to_sale_ratio": 4.31,
            "price_fair": 207.9,
            "eps_avg_yearly": 5.94,
            "eps_latest_yearly": 6.08,
            "eps_growth_yearly": 35.09
        },
        "20112": {
            "year_quarter": 20112,
            "year": 2011,
            "quarter": 2,
            "eps": 1.64,
            "eps_growth_year": 9.71,
            "eps_4q": 6.15,
            "eps_4q_growth_year": 18.41,
            "roe": 2.86,
            "roe_4q": 11.629999999999999,
            "gross_profit": 1375116,
            "gross_margin": 24.07,
            "gross_margin_4q_avg": 23.16,
            "net_income": 662829,
            "net_income_4q": null,
            "revenue": 5712953,
            "revenue_4q": null,
            "common_shares": 4460000,
            "book_valuer_per_share": 44.99,
            "book_valuer_per_share_4q_avg": 45.1,
            "equity": 22822334,
            "current_ratio": 246.04,
            "debt_ratio": 32.29,
            "inventory_turnover_ratio": 2.05,
            "account_receivable_turnover_ratio": 1.51,
            "reinvestment_rate": 90.53,
            "research_to_sale_ratio": 5.99,
            "price_fair": 203.35,
            "eps_avg_yearly": 5.81,
            "eps_latest_yearly": 6.56,
            "eps_growth_yearly": 33.03
        },
        "20113": {
            "year_quarter": 20113,
            "year": 2011,
            "quarter": 3,
            "eps": 1.62,
            "eps_growth_year": 2.4,
            "eps_4q": 6.19,
            "eps_4q_growth_year": 18.34,
            "roe": 2.59,
            "roe_4q": 11.009999999999998,
            "gross_profit": 1327945,
            "gross_margin": 21.57,
            "gross_margin_4q_avg": 22.32,
            "net_income": 605279,
            "net_income_4q": null,
            "revenue": 6155312,
            "revenue_4q": null,
            "common_shares": 4460000,
            "book_valuer_per_share": 47.33,
            "book_valuer_per_share_4q_avg": 45.89,
            "equity": 23952611,
            "current_ratio": 250.92,
            "debt_ratio": 31.83,
            "inventory_turnover_ratio": 2.03,
            "account_receivable_turnover_ratio": 1.51,
            "reinvestment_rate": 110.32,
            "research_to_sale_ratio": 4.5,
            "price_fair": 194.78,
            "eps_avg_yearly": 5.57,
            "eps_latest_yearly": 6.48,
            "eps_growth_yearly": 27.63
        },
        "20114": {
            "year_quarter": 20114,
            "year": 2011,
            "quarter": 4,
            "eps": 1.5,
            "eps_growth_year": 6.02,
            "eps_4q": 6.28,
            "eps_4q_growth_year": 14.11,
            "roe": 2.22,
            "roe_4q": 10.6,
            "gross_profit": 1228606,
            "gross_margin": 22.09,
            "gross_margin_4q_avg": 22.75,
            "net_income": 537272,
            "net_income_4q": null,
            "revenue": 5561259,
            "revenue_4q": null,
            "common_shares": 4460000,
            "book_valuer_per_share": 48.85,
            "book_valuer_per_share_4q_avg": 46.91,
            "equity": 24501593,
            "current_ratio": 280.28,
            "debt_ratio": 30.55,
            "inventory_turnover_ratio": 1.81,
            "account_receivable_turnover_ratio": 1.38,
            "reinvestment_rate": 119.84,
            "research_to_sale_ratio": 5.15,
            "price_fair": 183.9,
            "eps_avg_yearly": 5.27,
            "eps_latest_yearly": 6,
            "eps_growth_yearly": 24.91
        },
        "20121": {
            "year_quarter": 20121,
            "year": 2012,
            "quarter": 1,
            "eps": 1.38,
            "eps_growth_year": -9.21,
            "eps_4q": 6.14,
            "eps_4q_growth_year": 2.22,
            "roe": 1.94,
            "roe_4q": 9.61,
            "gross_profit": 1132514,
            "gross_margin": 21.99,
            "gross_margin_4q_avg": 22.43,
            "net_income": 478967,
            "net_income_4q": null,
            "revenue": 5150978,
            "revenue_4q": null,
            "common_shares": 4460000,
            "book_valuer_per_share": 50.08,
            "book_valuer_per_share_4q_avg": 47.81,
            "equity": 24847934,
            "current_ratio": 270.12,
            "debt_ratio": 29.83,
            "inventory_turnover_ratio": 1.79,
            "account_receivable_turnover_ratio": 1.48,
            "reinvestment_rate": 118.98,
            "research_to_sale_ratio": 4.96,
            "price_fair": 185.06,
            "eps_avg_yearly": 5.29,
            "eps_latest_yearly": 5.52,
            "eps_growth_yearly": 35.83
        },
        "20122": {
            "year_quarter": 20122,
            "year": 2012,
            "quarter": 2,
            "eps": 1.69,
            "eps_growth_year": 3.04,
            "eps_4q": 6.19,
            "eps_4q_growth_year": 0.62,
            "roe": 2.73,
            "roe_4q": 9.48,
            "gross_profit": 1413019,
            "gross_margin": 24.83,
            "gross_margin_4q_avg": 22.62,
            "net_income": 669527,
            "net_income_4q": null,
            "revenue": 5691166,
            "revenue_4q": null,
            "common_shares": 4460000,
            "book_valuer_per_share": 48.81,
            "book_valuer_per_share_4q_avg": 48.77,
            "equity": 24213714,
            "current_ratio": 230.45,
            "debt_ratio": 33.5,
            "inventory_turnover_ratio": 1.99,
            "account_receivable_turnover_ratio": 1.68,
            "reinvestment_rate": 110.3,
            "research_to_sale_ratio": 4.92,
            "price_fair": 189,
            "eps_avg_yearly": 5.4,
            "eps_latest_yearly": 6.76,
            "eps_growth_yearly": 42.6
        },
        "20123": {
            "year_quarter": 20123,
            "year": 2012,
            "quarter": 3,
            "eps": 1.51,
            "eps_growth_year": -6.6,
            "eps_4q": 6.08,
            "eps_4q_growth_year": -1.72,
            "roe": 2.3,
            "roe_4q": 9.19,
            "gross_profit": 1295046,
            "gross_margin": 23.12,
            "gross_margin_4q_avg": 23.01,
            "net_income": 562893,
            "net_income_4q": null,
            "revenue": 5600747,
            "revenue_4q": null,
            "common_shares": 4460000,
            "book_valuer_per_share": 50.14,
            "book_valuer_per_share_4q_avg": 49.47,
            "equity": 24735055,
            "current_ratio": 256.4,
            "debt_ratio": 30.11,
            "inventory_turnover_ratio": 2.03,
            "account_receivable_turnover_ratio": 1.54,
            "reinvestment_rate": 101.26,
            "research_to_sale_ratio": 5.04,
            "price_fair": 188.56,
            "eps_avg_yearly": 5.39,
            "eps_latest_yearly": 6.04,
            "eps_growth_yearly": 33.49
        },
        "20124": {
            "year_quarter": 20124,
            "year": 2012,
            "quarter": 4,
            "eps": 1.69,
            "eps_growth_year": 12.66,
            "eps_4q": 6.27,
            "eps_4q_growth_year": -0.03,
            "roe": 2.67,
            "roe_4q": 9.639999999999999,
            "gross_profit": 1388068,
            "gross_margin": 24.83,
            "gross_margin_4q_avg": 23.69,
            "net_income": 671237,
            "net_income_4q": null,
            "revenue": 5591392,
            "revenue_4q": null,
            "common_shares": 4460000,
            "book_valuer_per_share": 51.83,
            "book_valuer_per_share_4q_avg": 50.22,
            "equity": 25464796,
            "current_ratio": 258.86,
            "debt_ratio": 29.66,
            "inventory_turnover_ratio": 2.07,
            "account_receivable_turnover_ratio": 1.51,
            "reinvestment_rate": 92.68,
            "research_to_sale_ratio": 6.04,
            "price_fair": 195.56,
            "eps_avg_yearly": 5.59,
            "eps_latest_yearly": 6.76,
            "eps_growth_yearly": 47.2
        },
        "20131": {
            "year_quarter": 20131,
            "year": 2013,
            "quarter": 1,
            "eps": 1.7,
            "eps_growth_year": 23.19,
            "eps_4q": 6.6,
            "eps_4q_growth_year": 7.42,
            "roe": 2.75,
            "roe_4q": 10.45,
            "gross_profit": 1366323,
            "gross_margin": 25.66,
            "gross_margin_4q_avg": 24.61,
            "net_income": 710718,
            "net_income_4q": null,
            "revenue": 5323813,
            "revenue_4q": null,
            "common_shares": 4460000,
            "book_valuer_per_share": 53.5,
            "book_valuer_per_share_4q_avg": 51.07,
            "equity": 26220804,
            "current_ratio": 240.14,
            "debt_ratio": 29.27,
            "inventory_turnover_ratio": 1.98,
            "account_receivable_turnover_ratio": 1.49,
            "reinvestment_rate": 59.34,
            "research_to_sale_ratio": 5.45,
            "price_fair": 206.76,
            "eps_avg_yearly": 5.91,
            "eps_latest_yearly": 6.8,
            "eps_growth_yearly": 60.55
        },
        "20132": {
            "year_quarter": 20132,
            "year": 2013,
            "quarter": 2,
            "eps": 1.87,
            "eps_growth_year": 10.33,
            "eps_4q": 6.77,
            "eps_4q_growth_year": 9.32,
            "roe": 3.11,
            "roe_4q": 10.829999999999998,
            "gross_profit": 1543931,
            "gross_margin": 26.34,
            "gross_margin_4q_avg": 24.99,
            "net_income": 809003,
            "net_income_4q": null,
            "revenue": 5861345,
            "revenue_4q": null,
            "common_shares": 4460000,
            "book_valuer_per_share": 52.51,
            "book_valuer_per_share_4q_avg": 52,
            "equity": 25800522,
            "current_ratio": 207.41,
            "debt_ratio": 32.46,
            "inventory_turnover_ratio": 2.16,
            "account_receivable_turnover_ratio": 1.57,
            "reinvestment_rate": 59.99,
            "research_to_sale_ratio": 5.42,
            "price_fair": 165.43,
            "eps_avg_yearly": 6.08,
            "eps_latest_yearly": 7.48,
            "eps_growth_yearly": 17.22
        },
        "20133": {
            "year_quarter": 20133,
            "year": 2013,
            "quarter": 3,
            "eps": 1.9,
            "eps_growth_year": 25.72,
            "eps_4q": 7.16,
            "eps_4q_growth_year": 17.65,
            "roe": 3.15,
            "roe_4q": 11.68,
            "gross_profit": 1724833,
            "gross_margin": 28.05,
            "gross_margin_4q_avg": 26.22,
            "net_income": 823640,
            "net_income_4q": null,
            "revenue": 6149465,
            "revenue_4q": null,
            "common_shares": 4460000,
            "book_valuer_per_share": 54.32,
            "book_valuer_per_share_4q_avg": 53.04,
            "equity": 26564524,
            "current_ratio": 238.06,
            "debt_ratio": 28.58,
            "inventory_turnover_ratio": 2.23,
            "account_receivable_turnover_ratio": 1.61,
            "reinvestment_rate": 58.56,
            "research_to_sale_ratio": 5.73,
            "price_fair": 123.66,
            "eps_avg_yearly": 6.17,
            "eps_latest_yearly": 7.6,
            "eps_growth_yearly": 10.06
        },
        "20134": {
            "year_quarter": 20134,
            "year": 2013,
            "quarter": 4,
            "eps": 1.76,
            "eps_growth_year": 4.24,
            "eps_4q": 7.23,
            "eps_4q_growth_year": 15.24,
            "roe": 2.86,
            "roe_4q": 11.87,
            "gross_profit": 1569347,
            "gross_margin": 27.21,
            "gross_margin_4q_avg": 26.82,
            "net_income": 772893,
            "net_income_4q": null,
            "revenue": 5768204,
            "revenue_4q": null,
            "common_shares": 4460000,
            "book_valuer_per_share": 56.23,
            "book_valuer_per_share_4q_avg": 54.14,
            "equity": 27529140,
            "current_ratio": 242.27,
            "debt_ratio": 27.77,
            "inventory_turnover_ratio": 2.1,
            "account_receivable_turnover_ratio": 1.58,
            "reinvestment_rate": 32.63,
            "research_to_sale_ratio": 5.85,
            "price_fair": 156.92,
            "eps_avg_yearly": 6.32,
            "eps_latest_yearly": 7.04,
            "eps_growth_yearly": 14.83
        },
        "20141": {
            "year_quarter": 20141,
            "year": 2014,
            "quarter": 1,
            "eps": 1.78,
            "eps_growth_year": 4.71,
            "eps_4q": 7.3,
            "eps_4q_growth_year": 10.72,
            "roe": 2.76,
            "roe_4q": 11.879999999999999,
            "gross_profit": 1482411,
            "gross_margin": 25.57,
            "gross_margin_4q_avg": 26.79,
            "net_income": 770442,
            "net_income_4q": null,
            "revenue": 5796799,
            "revenue_4q": null,
            "common_shares": 4460000,
            "book_valuer_per_share": 58.12,
            "book_valuer_per_share_4q_avg": 55.3,
            "equity": 28377377,
            "current_ratio": 248.12,
            "debt_ratio": 27.07,
            "inventory_turnover_ratio": 2.17,
            "account_receivable_turnover_ratio": 1.56,
            "reinvestment_rate": 34.58,
            "research_to_sale_ratio": 5.37,
            "price_fair": 182.11,
            "eps_avg_yearly": 6.51,
            "eps_latest_yearly": 7.12,
            "eps_growth_yearly": 17.96
        },
        "20142": {
            "year_quarter": 20142,
            "year": 2014,
            "quarter": 2,
            "eps": 2.76,
            "eps_growth_year": 47.59,
            "eps_4q": 8.2,
            "eps_4q_growth_year": 21.15,
            "roe": 4.42,
            "roe_4q": 13.19,
            "gross_profit": 2169374,
            "gross_margin": 31.98,
            "gross_margin_4q_avg": 28.2,
            "net_income": 1244812,
            "net_income_4q": null,
            "revenue": 6784197,
            "revenue_4q": null,
            "common_shares": 4460000,
            "book_valuer_per_share": 57.23,
            "book_valuer_per_share_4q_avg": 56.48,
            "equity": 27949138,
            "current_ratio": 213.63,
            "debt_ratio": 30.65,
            "inventory_turnover_ratio": 2.24,
            "account_receivable_turnover_ratio": 1.68,
            "reinvestment_rate": 34.67,
            "research_to_sale_ratio": 5.07,
            "price_fair": 202.09,
            "eps_avg_yearly": 6.83,
            "eps_latest_yearly": 11.04,
            "eps_growth_yearly": 19.6
        },
        "20143": {
            "year_quarter": 20143,
            "year": 2014,
            "quarter": 3,
            "eps": 2.23,
            "eps_growth_year": 17.37,
            "eps_4q": 8.52,
            "eps_4q_growth_year": 19.1,
            "roe": 3.22,
            "roe_4q": 13.26,
            "gross_profit": 1946625,
            "gross_margin": 28.91,
            "gross_margin_4q_avg": 28.42,
            "net_income": 918960,
            "net_income_4q": null,
            "revenue": 6733588,
            "revenue_4q": null,
            "common_shares": 4460000,
            "book_valuer_per_share": 59.63,
            "book_valuer_per_share_4q_avg": 57.8,
            "equity": 29184958,
            "current_ratio": 228.65,
            "debt_ratio": 27.8,
            "inventory_turnover_ratio": 2.17,
            "account_receivable_turnover_ratio": 1.57,
            "reinvestment_rate": -29.81,
            "research_to_sale_ratio": 5.23,
            "price_fair": 164.02,
            "eps_avg_yearly": 6.99,
            "eps_latest_yearly": 8.92,
            "eps_growth_yearly": 13.47
        },
        "20144": {
            "year_quarter": 20144,
            "year": 2014,
            "quarter": 4,
            "eps": 1.34,
            "eps_growth_year": -23.55,
            "eps_4q": 8.11,
            "eps_4q_growth_year": 12.2,
            "roe": 1.88,
            "roe_4q": 12.28,
            "gross_profit": 1348470,
            "gross_margin": 23.95,
            "gross_margin_4q_avg": 27.6,
            "net_income": 556019,
            "net_income_4q": null,
            "revenue": 5629250,
            "revenue_4q": null,
            "common_shares": 4460000,
            "book_valuer_per_share": 61.43,
            "book_valuer_per_share_4q_avg": 59.1,
            "equity": 30052774,
            "current_ratio": 232.32,
            "debt_ratio": 26.79,
            "inventory_turnover_ratio": 1.94,
            "account_receivable_turnover_ratio": 1.45,
            "reinvestment_rate": -20.72,
            "research_to_sale_ratio": 6.46,
            "price_fair": 112.8,
            "eps_avg_yearly": 6.97,
            "eps_latest_yearly": 5.36,
            "eps_growth_yearly": 6.18
        },
        "20151": {
            "year_quarter": 20151,
            "year": 2015,
            "quarter": 1,
            "eps": 1.38,
            "eps_growth_year": -22.47,
            "eps_4q": 7.72,
            "eps_4q_growth_year": 5.68,
            "roe": 1.91,
            "roe_4q": 11.43,
            "gross_profit": 1307731,
            "gross_margin": 24.46,
            "gross_margin_4q_avg": 27.33,
            "net_income": 578693,
            "net_income_4q": null,
            "revenue": 5346221,
            "revenue_4q": null,
            "common_shares": 4460000,
            "book_valuer_per_share": 62.66,
            "book_valuer_per_share_4q_avg": 60.24,
            "equity": 30534522,
            "current_ratio": 247.29,
            "debt_ratio": 24.84,
            "inventory_turnover_ratio": 1.87,
            "account_receivable_turnover_ratio": 1.56,
            "reinvestment_rate": -22.76,
            "research_to_sale_ratio": 6.67,
            "price_fair": 103.88,
            "eps_avg_yearly": 6.94,
            "eps_latest_yearly": 5.52,
            "eps_growth_yearly": 4.97
        },
        "20152": {
            "year_quarter": 20152,
            "year": 2015,
            "quarter": 2,
            "eps": 1.35,
            "eps_growth_year": -51.09,
            "eps_4q": 6.3,
            "eps_4q_growth_year": -23.12,
            "roe": 1.85,
            "roe_4q": 8.86,
            "gross_profit": 1246715,
            "gross_margin": 22.95,
            "gross_margin_4q_avg": 25.07,
            "net_income": 553241,
            "net_income_4q": null,
            "revenue": 5432665,
            "revenue_4q": null,
            "common_shares": 4460000,
            "book_valuer_per_share": 59.95,
            "book_valuer_per_share_4q_avg": 60.92,
            "equity": 29257880,
            "current_ratio": 211.49,
            "debt_ratio": 29.1,
            "inventory_turnover_ratio": 1.95,
            "account_receivable_turnover_ratio": 1.59,
            "reinvestment_rate": -20.02,
            "research_to_sale_ratio": 6.2,
            "price_fair": 85.51,
            "eps_avg_yearly": 6.87,
            "eps_latest_yearly": 5.4,
            "eps_growth_yearly": 2.46
        },
        "20153": {
            "year_quarter": 20153,
            "year": 2015,
            "quarter": 3,
            "eps": 1.73,
            "eps_growth_year": -22.42,
            "eps_4q": 5.81,
            "eps_4q_growth_year": -31.85,
            "roe": 2.5,
            "roe_4q": 8.14,
            "gross_profit": 1549653,
            "gross_margin": 25.88,
            "gross_margin_4q_avg": 24.31,
            "net_income": 741274,
            "net_income_4q": null,
            "revenue": 5987813,
            "revenue_4q": null,
            "common_shares": 4460000,
            "book_valuer_per_share": 61.83,
            "book_valuer_per_share_4q_avg": 61.47,
            "equity": 30076774,
            "current_ratio": 221.68,
            "debt_ratio": 27.46,
            "inventory_turnover_ratio": 2.05,
            "account_receivable_turnover_ratio": 1.59,
            "reinvestment_rate": -32.99,
            "research_to_sale_ratio": 5.96,
            "price_fair": 136.46,
            "eps_avg_yearly": 6.89,
            "eps_latest_yearly": 6.92,
            "eps_growth_yearly": 9.8
        },
        "20154": {
            "year_quarter": 20154,
            "year": 2015,
            "quarter": 4,
            "eps": 2.06,
            "eps_growth_year": 52.93,
            "eps_4q": 6.52,
            "eps_4q_growth_year": -19.62,
            "roe": 2.81,
            "roe_4q": 9.07,
            "gross_profit": 1857503,
            "gross_margin": 29.51,
            "gross_margin_4q_avg": 25.7,
            "net_income": 856318,
            "net_income_4q": null,
            "revenue": 6294612,
            "revenue_4q": null,
            "common_shares": 4460000,
            "book_valuer_per_share": 63.74,
            "book_valuer_per_share_4q_avg": 62.05,
            "equity": 30827801,
            "current_ratio": 227.47,
            "debt_ratio": 27.7,
            "inventory_turnover_ratio": 1.99,
            "account_receivable_turnover_ratio": 1.59,
            "reinvestment_rate": -31.74,
            "research_to_sale_ratio": 6.9,
            "price_fair": 185.79,
            "eps_avg_yearly": 7.03,
            "eps_latest_yearly": 8.24,
            "eps_growth_yearly": 16.42
        },
        "20161": {
            "year_quarter": 20161,
            "year": 2016,
            "quarter": 1,
            "eps": 1.16,
            "eps_growth_year": -15.94,
            "eps_4q": 6.29,
            "eps_4q_growth_year": -18.5,
            "roe": 1.45,
            "roe_4q": 8.61,
            "gross_profit": 1276451,
            "gross_margin": 23.77,
            "gross_margin_4q_avg": 25.53,
            "net_income": 448717,
            "net_income_4q": null,
            "revenue": 5370156,
            "revenue_4q": null,
            "common_shares": 4460000,
            "book_valuer_per_share": 64.81,
            "book_valuer_per_share_4q_avg": 62.58,
            "equity": 31215524,
            "current_ratio": 237.73,
            "debt_ratio": 25.85,
            "inventory_turnover_ratio": 1.84,
            "account_receivable_turnover_ratio": 1.5,
            "reinvestment_rate": -32.12,
            "research_to_sale_ratio": 6.52,
            "price_fair": 122.08,
            "eps_avg_yearly": 6.98,
            "eps_latest_yearly": 4.64,
            "eps_growth_yearly": 7.5
        },
        "20162": {
            "year_quarter": 20162,
            "year": 2016,
            "quarter": 2,
            "eps": 1.35,
            "eps_growth_year": 0,
            "eps_4q": 6.3,
            "eps_4q_growth_year": -0.11,
            "roe": 1.86,
            "roe_4q": 8.620000000000001,
            "gross_profit": 1544298,
            "gross_margin": 26.74,
            "gross_margin_4q_avg": 26.48,
            "net_income": 569526,
            "net_income_4q": null,
            "revenue": 5776263,
            "revenue_4q": null,
            "common_shares": 4460000,
            "book_valuer_per_share": 62.54,
            "book_valuer_per_share_4q_avg": 63.23,
            "equity": 30134646,
            "current_ratio": 197.15,
            "debt_ratio": 29.26,
            "inventory_turnover_ratio": 1.86,
            "account_receivable_turnover_ratio": 1.66,
            "reinvestment_rate": -23.06,
            "research_to_sale_ratio": 6.58,
            "price_fair": 110.11,
            "eps_avg_yearly": 6.89,
            "eps_latest_yearly": 5.4,
            "eps_growth_yearly": 5.98
        },
        "20163": {
            "year_quarter": 20163,
            "year": 2016,
            "quarter": 3,
            "eps": 1.41,
            "eps_growth_year": -18.5,
            "eps_4q": 5.98,
            "eps_4q_growth_year": 2.92,
            "roe": 2.04,
            "roe_4q": 8.16,
            "gross_profit": 1559806,
            "gross_margin": 24.64,
            "gross_margin_4q_avg": 26.17,
            "net_income": 619416,
            "net_income_4q": null,
            "revenue": 6331055,
            "revenue_4q": null,
            "common_shares": 4460000,
            "book_valuer_per_share": 63.78,
            "book_valuer_per_share_4q_avg": 63.72,
            "equity": 30618093,
            "current_ratio": 235.19,
            "debt_ratio": 26.16,
            "inventory_turnover_ratio": 2.08,
            "account_receivable_turnover_ratio": 1.64,
            "reinvestment_rate": -17.34,
            "research_to_sale_ratio": 5.71,
            "price_fair": 135.63,
            "eps_avg_yearly": 6.87,
            "eps_latest_yearly": 5.64,
            "eps_growth_yearly": 9.75
        },
        "20164": {
            "year_quarter": 20164,
            "year": 2016,
            "quarter": 4,
            "eps": 1.09,
            "eps_growth_year": -46.94,
            "eps_4q": 5.01,
            "eps_4q_growth_year": -23.08,
            "roe": 1.41,
            "roe_4q": 6.760000000000001,
            "gross_profit": 1369990,
            "gross_margin": 24.09,
            "gross_margin_4q_avg": 24.81,
            "net_income": 435369,
            "net_income_4q": null,
            "revenue": 5687592,
            "revenue_4q": null,
            "common_shares": 4460000,
            "book_valuer_per_share": 64.81,
            "book_valuer_per_share_4q_avg": 63.99,
            "equity": 31014769,
            "current_ratio": 250.19,
            "debt_ratio": 24.82,
            "inventory_turnover_ratio": 1.94,
            "account_receivable_turnover_ratio": 1.48,
            "reinvestment_rate": -11.64,
            "research_to_sale_ratio": 6.1,
            "price_fair": 74.53,
            "eps_avg_yearly": 6.72,
            "eps_latest_yearly": 4.36,
            "eps_growth_yearly": 1.1
        },
        "20171": {
            "year_quarter": 20171,
            "year": 2017,
            "quarter": 1,
            "eps": 0.31,
            "eps_growth_year": -73.28,
            "eps_4q": 4.16,
            "eps_4q_growth_year": -33.79,
            "roe": 0.24,
            "roe_4q": 5.55,
            "gross_profit": 940535,
            "gross_margin": 18.92,
            "gross_margin_4q_avg": 23.6,
            "net_income": 74684,
            "net_income_4q": null,
            "revenue": 4970344,
            "revenue_4q": null,
            "common_shares": 4460000,
            "book_valuer_per_share": 64.78,
            "book_valuer_per_share_4q_avg": 63.98,
            "equity": 30867649,
            "current_ratio": 248.65,
            "debt_ratio": 23.85,
            "inventory_turnover_ratio": 1.81,
            "account_receivable_turnover_ratio": 1.49,
            "reinvestment_rate": 13,
            "research_to_sale_ratio": 6.51,
            "price_fair": 19.11,
            "eps_avg_yearly": 6.37,
            "eps_latest_yearly": 1.24,
            "eps_growth_yearly": -16.94
        },
        "20172": {
            "year_quarter": 20172,
            "year": 2017,
            "quarter": 2,
            "eps": 0.14,
            "eps_growth_year": -89.63,
            "eps_4q": 2.95,
            "eps_4q_growth_year": -53.1,
            "roe": 0.17,
            "roe_4q": 3.86,
            "gross_profit": 983943,
            "gross_margin": 20,
            "gross_margin_4q_avg": 21.91,
            "net_income": 50013,
            "net_income_4q": null,
            "revenue": 4920277,
            "revenue_4q": null,
            "common_shares": 4460000,
            "book_valuer_per_share": 62.06,
            "book_valuer_per_share_4q_avg": 63.86,
            "equity": 29626637,
            "current_ratio": 185.01,
            "debt_ratio": 28.36,
            "inventory_turnover_ratio": 1.74,
            "account_receivable_turnover_ratio": 1.62,
            "reinvestment_rate": 20.53,
            "research_to_sale_ratio": 7.36,
            "price_fair": 17.81,
            "eps_avg_yearly": 5.94,
            "eps_latest_yearly": 0.56,
            "eps_growth_yearly": -33.15
        },
        "20173": {
            "year_quarter": 20173,
            "year": 2017,
            "quarter": 3,
            "eps": 0.62,
            "eps_growth_year": -56.03,
            "eps_4q": 2.16,
            "eps_4q_growth_year": -63.89,
            "roe": 0.73,
            "roe_4q": 2.55,
            "gross_profit": 1244349,
            "gross_margin": 20.23,
            "gross_margin_4q_avg": 20.81,
            "net_income": 216081,
            "net_income_4q": null,
            "revenue": 6151871,
            "revenue_4q": null,
            "common_shares": 4460000,
            "book_valuer_per_share": 62.79,
            "book_valuer_per_share_4q_avg": 63.61,
            "equity": 29908668,
            "current_ratio": 177.49,
            "debt_ratio": 30.92,
            "inventory_turnover_ratio": 2,
            "account_receivable_turnover_ratio": 1.73,
            "reinvestment_rate": 30.28,
            "research_to_sale_ratio": 5.97,
            "price_fair": 196.61,
            "eps_avg_yearly": 5.62,
            "eps_latest_yearly": 2.48,
            "eps_growth_yearly": 52.16
        },
        "20174": {
            "year_quarter": 20174,
            "year": 2017,
            "quarter": 4,
            "eps": 0.04,
            "eps_growth_year": -96.78,
            "eps_4q": 1.1,
            "eps_4q_growth_year": -78.02,
            "roe": -0.02,
            "roe_4q": 1.12,
            "gross_profit": 993897,
            "gross_margin": 15.79,
            "gross_margin_4q_avg": 18.74,
            "net_income": -5456,
            "net_income_4q": null,
            "revenue": 6292994,
            "revenue_4q": null,
            "common_shares": 4460000,
            "book_valuer_per_share": 62.78,
            "book_valuer_per_share_4q_avg": 63.1,
            "equity": 29914998,
            "current_ratio": 178.16,
            "debt_ratio": 29.24,
            "inventory_turnover_ratio": 2.25,
            "account_receivable_turnover_ratio": 1.62,
            "reinvestment_rate": 56.97,
            "research_to_sale_ratio": 6.24,
            "price_fair": 181.56,
            "eps_avg_yearly": 5.19,
            "eps_latest_yearly": 0.16,
            "eps_growth_yearly": 30.62
        },
        "20181": {
            "year_quarter": 20181,
            "year": 2018,
            "quarter": 1,
            "eps": 0.02,
            "eps_growth_year": -93.55,
            "eps_4q": 0.81,
            "eps_4q_growth_year": -80.5,
            "roe": -0.06,
            "roe_4q": 0.8200000000000001,
            "gross_profit": 1148181,
            "gross_margin": 21.86,
            "gross_margin_4q_avg": 19.47,
            "net_income": -18077,
            "net_income_4q": null,
            "revenue": 5251757,
            "revenue_4q": null,
            "common_shares": 4460000,
            "book_valuer_per_share": 62.85,
            "book_valuer_per_share_4q_avg": 62.62,
            "equity": 29939656,
            "current_ratio": 191.3,
            "debt_ratio": 28.45,
            "inventory_turnover_ratio": 1.89,
            "account_receivable_turnover_ratio": 1.53,
            "reinvestment_rate": 69.69,
            "research_to_sale_ratio": 10.38,
            "price_fair": 132.13,
            "eps_avg_yearly": 4.75,
            "eps_latest_yearly": 0.08,
            "eps_growth_yearly": 17.83
        },
        "20182": {
            "year_quarter": 20182,
            "year": 2018,
            "quarter": 2,
            "eps": 0.21,
            "eps_growth_year": 50,
            "eps_4q": 0.89,
            "eps_4q_growth_year": -69.95,
            "roe": 0.26,
            "roe_4q": 0.91,
            "gross_profit": 1350602,
            "gross_margin": 23.28,
            "gross_margin_4q_avg": 20.29,
            "net_income": 78296,
            "net_income_4q": null,
            "revenue": 5802339,
            "revenue_4q": null,
            "common_shares": 4460000,
            "book_valuer_per_share": 61.58,
            "book_valuer_per_share_4q_avg": 62.5,
            "equity": 29351020,
            "current_ratio": 177.38,
            "debt_ratio": 32.01,
            "inventory_turnover_ratio": 1.8,
            "account_receivable_turnover_ratio": 1.67,
            "reinvestment_rate": 79.72,
            "research_to_sale_ratio": 8.64,
            "price_fair": 143.85,
            "eps_avg_yearly": 4.11,
            "eps_latest_yearly": 0.84,
            "eps_growth_yearly": 241.57
        },
        "20183": {
            "year_quarter": 20183,
            "year": 2018,
            "quarter": 3,
            "eps": 0.54,
            "eps_growth_year": -12.9,
            "eps_4q": 0.8,
            "eps_4q_growth_year": -62.88,
            "roe": 1.04,
            "roe_4q": 1.22,
            "gross_profit": 1454312,
            "gross_margin": 22.67,
            "gross_margin_4q_avg": 20.9,
            "net_income": 308025,
            "net_income_4q": null,
            "revenue": 6414968,
            "revenue_4q": null,
            "common_shares": 4508410,
            "book_valuer_per_share": 61.5,
            "book_valuer_per_share_4q_avg": 62.18,
            "equity": 29650298,
            "current_ratio": 185.17,
            "debt_ratio": 31.69,
            "inventory_turnover_ratio": 1.66,
            "account_receivable_turnover_ratio": 1.62,
            "reinvestment_rate": 83.08,
            "research_to_sale_ratio": 8.63,
            "price_fair": 129.06,
            "eps_avg_yearly": 3.69,
            "eps_latest_yearly": 2.16,
            "eps_growth_yearly": 285.65
        },
        "20184": {
            "year_quarter": 20184,
            "year": 2018,
            "quarter": 4,
            "eps": 0.01,
            "eps_growth_year": -76.02,
            "eps_4q": 0.78,
            "eps_4q_growth_year": -29.67,
            "roe": 0.14,
            "roe_4q": 1.3800000000000001,
            "gross_profit": 1433407,
            "gross_margin": 22.9,
            "gross_margin_4q_avg": 22.68,
            "net_income": 42796,
            "net_income_4q": null,
            "revenue": 6258865,
            "revenue_4q": null,
            "common_shares": 4508410,
            "book_valuer_per_share": 61.63,
            "book_valuer_per_share_4q_avg": 61.89,
            "equity": 29748522,
            "current_ratio": 189.18,
            "debt_ratio": 30.21,
            "inventory_turnover_ratio": 1.48,
            "account_receivable_turnover_ratio": 1.57,
            "reinvestment_rate": 83.51,
            "research_to_sale_ratio": 9.88,
            "price_fair": 117.43,
            "eps_avg_yearly": 3.36,
            "eps_latest_yearly": 0.04,
            "eps_growth_yearly": 271.09
        },
        "20191": {
            "year_quarter": 20191,
            "year": 2019,
            "quarter": 1,
            "eps": -1.67,
            "eps_growth_year": -8450,
            "eps_4q": -0.89,
            "eps_4q_growth_year": -209.71,
            "roe": -2.55,
            "roe_4q": -1.1099999999999997,
            "gross_profit": 286861,
            "gross_margin": 5.83,
            "gross_margin_4q_avg": 18.67,
            "net_income": -749176,
            "net_income_4q": null,
            "revenue": 4919071,
            "revenue_4q": null,
            "common_shares": 4513609,
            "book_valuer_per_share": 60.11,
            "book_valuer_per_share_4q_avg": 61.21,
            "equity": 29104375,
            "current_ratio": 180.64,
            "debt_ratio": 31.25,
            "inventory_turnover_ratio": 1.47,
            "account_receivable_turnover_ratio": 1.49,
            "reinvestment_rate": 142.45,
            "research_to_sale_ratio": 9.27,
            "price_fair": 112.37,
            "eps_avg_yearly": 3.21,
            "eps_latest_yearly": 0.04,
            "eps_growth_yearly": 288.37
        },
        "20192": {
            "year_quarter": 20192,
            "year": 2019,
            "quarter": 2,
            "eps": -2.25,
            "eps_growth_year": -1171.43,
            "eps_4q": -3.34,
            "eps_4q_growth_year": -476.39,
            "roe": -3.62,
            "roe_4q": -4.99,
            "gross_profit": 475218,
            "gross_margin": 9.18,
            "gross_margin_4q_avg": 15.15,
            "net_income": -1021846,
            "net_income_4q": null,
            "revenue": 5174646,
            "revenue_4q": null,
            "common_shares": 4513009,
            "book_valuer_per_share": 56.39,
            "book_valuer_per_share_4q_avg": 59.91,
            "equity": 27341636,
            "current_ratio": 157.38,
            "debt_ratio": 34.38,
            "inventory_turnover_ratio": 1.61,
            "account_receivable_turnover_ratio": 1.75,
            "reinvestment_rate": 184.49,
            "research_to_sale_ratio": 9.44,
            "price_fair": 106.9,
            "eps_avg_yearly": 3.05,
            "eps_latest_yearly": 0.04,
            "eps_growth_yearly": 309.59
        },
        "20193": {
            "year_quarter": 20193,
            "year": 2019,
            "quarter": 3,
            "eps": -0.62,
            "eps_growth_year": -214.81,
            "eps_4q": -4.49,
            "eps_4q_growth_year": -660.63,
            "roe": -0.95,
            "roe_4q": -6.98,
            "gross_profit": 789981,
            "gross_margin": 13.17,
            "gross_margin_4q_avg": 12.77,
            "net_income": -258801,
            "net_income_4q": null,
            "revenue": 5997496,
            "revenue_4q": null,
            "common_shares": 4511614,
            "book_valuer_per_share": 55.68,
            "book_valuer_per_share_4q_avg": 58.45,
            "equity": 27250640,
            "current_ratio": 157.55,
            "debt_ratio": 34.17,
            "inventory_turnover_ratio": 1.94,
            "account_receivable_turnover_ratio": 1.68,
            "reinvestment_rate": 244.79,
            "research_to_sale_ratio": 7.74,
            "price_fair": 96.49,
            "eps_avg_yearly": 2.76,
            "eps_latest_yearly": 0.04,
            "eps_growth_yearly": 324.74
        },
        "20194": {
            "year_quarter": 20194,
            "year": 2019,
            "quarter": 4,
            "eps": 0.01,
            "eps_growth_year": 44.73,
            "eps_4q": -4.49,
            "eps_4q_growth_year": -679.17,
            "roe": 0.29,
            "roe_4q": -6.83,
            "gross_profit": 1208679,
            "gross_margin": 19.38,
            "gross_margin_4q_avg": 11.89,
            "net_income": 82555,
            "net_income_4q": null,
            "revenue": 6236197,
            "revenue_4q": null,
            "common_shares": 4510738,
            "book_valuer_per_share": 56.68,
            "book_valuer_per_share_4q_avg": 57.22,
            "equity": 28837700,
            "current_ratio": 178.4,
            "debt_ratio": 30.85,
            "inventory_turnover_ratio": 2.02,
            "account_receivable_turnover_ratio": 1.62,
            "reinvestment_rate": 382.38,
            "research_to_sale_ratio": 8.28,
            "price_fair": 80.5,
            "eps_avg_yearly": 2.3,
            "eps_latest_yearly": 0.04,
            "eps_growth_yearly": 345.45
        },
        "20201": {
            "year_quarter": 20201,
            "year": 2020,
            "quarter": 1,
            "eps": 0.18,
            "eps_growth_year": null,
            "eps_4q": -2.67,
            "eps_4q_growth_year": null,
            "roe": 0.28,
            "roe_4q": -4,
            "gross_profit": 1051617,
            "gross_margin": 17.85,
            "gross_margin_4q_avg": 14.9,
            "net_income": 78935,
            "net_income_4q": null,
            "revenue": 5892333,
            "revenue_4q": null,
            "common_shares": 4510390,
            "book_valuer_per_share": 55.87,
            "book_valuer_per_share_4q_avg": 56.16,
            "equity": 28347669,
            "current_ratio": 184.71,
            "debt_ratio": 30.75,
            "inventory_turnover_ratio": 1.94,
            "account_receivable_turnover_ratio": 1.54,
            "reinvestment_rate": 581.38,
            "research_to_sale_ratio": 8.59,
            "price_fair": 69.07,
            "eps_avg_yearly": 1.97,
            "eps_latest_yearly": 0.72,
            "eps_growth_yearly": 926.68
        },
        "20202": {
            "year_quarter": 20202,
            "year": 2020,
            "quarter": 2,
            "eps": 0.52,
            "eps_growth_year": null,
            "eps_4q": 0.09,
            "eps_4q_growth_year": null,
            "roe": 1.18,
            "roe_4q": 0.8,
            "gross_profit": 1517031,
            "gross_margin": 22.35,
            "gross_margin_4q_avg": 18.19,
            "net_income": 334979,
            "net_income_4q": null,
            "revenue": 6786185,
            "revenue_4q": null,
            "common_shares": 4509152,
            "book_valuer_per_share": 56.32,
            "book_valuer_per_share_4q_avg": 56.14,
            "equity": 28636647,
            "current_ratio": 191.11,
            "debt_ratio": 30.64,
            "inventory_turnover_ratio": 2.02,
            "account_receivable_turnover_ratio": 1.67,
            "reinvestment_rate": 898.23,
            "research_to_sale_ratio": 8.47,
            "price_fair": 59.38,
            "eps_avg_yearly": 1.7,
            "eps_latest_yearly": 2.08,
            "eps_growth_yearly": 984.18
        },
        "20203": {
            "year_quarter": 20203,
            "year": 2020,
            "quarter": 3,
            "eps": 0.13,
            "eps_growth_year": null,
            "eps_4q": 0.84,
            "eps_4q_growth_year": null,
            "roe": 0.64,
            "roe_4q": 2.3899999999999997,
            "gross_profit": 1435581,
            "gross_margin": 20.89,
            "gross_margin_4q_avg": 20.12,
            "net_income": 184661,
            "net_income_4q": null,
            "revenue": 6871934,
            "revenue_4q": null,
            "common_shares": 4508753,
            "book_valuer_per_share": 56.52,
            "book_valuer_per_share_4q_avg": 56.35,
            "equity": 28845278,
            "current_ratio": 196.11,
            "debt_ratio": 31.22,
            "inventory_turnover_ratio": 1.91,
            "account_receivable_turnover_ratio": 1.63,
            "reinvestment_rate": null,
            "research_to_sale_ratio": 8.89,
            "price_fair": 44.45,
            "eps_avg_yearly": 1.27,
            "eps_latest_yearly": 0.52,
            "eps_growth_yearly": 957.7
        },
        "20204": {
            "year_quarter": 20204,
            "year": 2020,
            "quarter": 4,
            "eps": 0.38,
            "eps_growth_year": 2990.82,
            "eps_4q": 1.2,
            "eps_4q_growth_year": null,
            "roe": 1.14,
            "roe_4q": 3.24,
            "gross_profit": 1814825,
            "gross_margin": 24.04,
            "gross_margin_4q_avg": 21.28,
            "net_income": 330868,
            "net_income_4q": null,
            "revenue": 7548022,
            "revenue_4q": null,
            "common_shares": 4508625,
            "book_valuer_per_share": 56.94,
            "book_valuer_per_share_4q_avg": 56.41,
            "equity": 29189559,
            "current_ratio": 201.89,
            "debt_ratio": 31.77,
            "inventory_turnover_ratio": 1.95,
            "account_receivable_turnover_ratio": 1.75,
            "reinvestment_rate": null,
            "research_to_sale_ratio": 8.43,
            "price_fair": 36.17,
            "eps_avg_yearly": 1.03,
            "eps_latest_yearly": 1.52,
            "eps_growth_yearly": 1029.37
        },
        "20211": {
            "year_quarter": 20211,
            "year": 2021,
            "quarter": 1,
            "eps": 0.57,
            "eps_growth_year": 216.67,
            "eps_4q": 1.6,
            "eps_4q_growth_year": null,
            "roe": 1.28,
            "roe_4q": 4.24,
            "gross_profit": 1598205,
            "gross_margin": 22.12,
            "gross_margin_4q_avg": 22.35,
            "net_income": 372608,
            "net_income_4q": null,
            "revenue": 7225986,
            "revenue_4q": null,
            "common_shares": 4508473,
            "book_valuer_per_share": 56.49,
            "book_valuer_per_share_4q_avg": 56.57,
            "equity": 28855574,
            "current_ratio": 189.37,
            "debt_ratio": 34.36,
            "inventory_turnover_ratio": 1.94,
            "account_receivable_turnover_ratio": 1.6,
            "reinvestment_rate": null,
            "research_to_sale_ratio": 8.23,
            "price_fair": 39.2,
            "eps_avg_yearly": 1.12,
            "eps_latest_yearly": 2.28,
            "eps_growth_yearly": 1069.89
        },
        "20212": {
            "year_quarter": 20212,
            "year": 2021,
            "quarter": 2,
            "eps": 1.89,
            "eps_growth_year": 263.46,
            "eps_4q": 2.97,
            "eps_4q_growth_year": 3266.09,
            "roe": 3.45,
            "roe_4q": 6.51,
            "gross_profit": 2364625,
            "gross_margin": 27.1,
            "gross_margin_4q_avg": 23.54,
            "net_income": 1012746,
            "net_income_4q": null,
            "revenue": 8725355,
            "revenue_4q": null,
            "common_shares": 4508441,
            "book_valuer_per_share": 58.33,
            "book_valuer_per_share_4q_avg": 57.07,
            "equity": 29838891,
            "current_ratio": 170.99,
            "debt_ratio": 41.4,
            "inventory_turnover_ratio": 2.17,
            "account_receivable_turnover_ratio": 1.72,
            "reinvestment_rate": 2377.39,
            "research_to_sale_ratio": 7.25,
            "price_fair": 59.62,
            "eps_avg_yearly": 1.7,
            "eps_latest_yearly": 7.56,
            "eps_growth_yearly": 1165.36
        },
        "20213": {
            "year_quarter": 20213,
            "year": 2021,
            "quarter": 3,
            "eps": 3.07,
            "eps_growth_year": 2261.54,
            "eps_4q": 5.91,
            "eps_4q_growth_year": 606.33,
            "roe": 5.13,
            "roe_4q": 11,
            "gross_profit": 3221739,
            "gross_margin": 32.98,
            "gross_margin_4q_avg": 26.56,
            "net_income": 1571918,
            "net_income_4q": null,
            "revenue": 9767683,
            "revenue_4q": null,
            "common_shares": 4508441,
            "book_valuer_per_share": 61.38,
            "book_valuer_per_share_4q_avg": 58.29,
            "equity": 31422928,
            "current_ratio": 164.26,
            "debt_ratio": 41.17,
            "inventory_turnover_ratio": 2.09,
            "account_receivable_turnover_ratio": 1.74,
            "reinvestment_rate": 473.51,
            "research_to_sale_ratio": 6.27,
            "price_fair": 88.2,
            "eps_avg_yearly": 2.52,
            "eps_latest_yearly": 12.28,
            "eps_growth_yearly": 1071.89
        },
        "20214": {
            "year_quarter": 20214,
            "year": 2021,
            "quarter": 4,
            "eps": 3.02,
            "eps_growth_year": 701.95,
            "eps_4q": 8.56,
            "eps_4q_growth_year": 612.11,
            "roe": 4.77,
            "roe_4q": 14.629999999999997,
            "gross_profit": 3341276,
            "gross_margin": 33.57,
            "gross_margin_4q_avg": 28.94,
            "net_income": 1534836,
            "net_income_4q": null,
            "revenue": 9953739,
            "revenue_4q": null,
            "common_shares": 4508441,
            "book_valuer_per_share": 64.48,
            "book_valuer_per_share_4q_avg": 60.17,
            "equity": 32989098,
            "current_ratio": 188.98,
            "debt_ratio": 43.5,
            "inventory_turnover_ratio": 1.95,
            "account_receivable_turnover_ratio": 1.75,
            "reinvestment_rate": 172.97,
            "research_to_sale_ratio": 6.59,
            "price_fair": 122.97,
            "eps_avg_yearly": 3.51,
            "eps_latest_yearly": 12.08,
            "eps_growth_yearly": 1102.53
        },
        "20221": {
            "year_quarter": 20221,
            "year": 2022,
            "quarter": 1,
            "eps": 3.39,
            "eps_growth_year": 494.74,
            "eps_4q": 11.38,
            "eps_4q_growth_year": 611.36,
            "roe": 5.27,
            "roe_4q": 18.619999999999997,
            "gross_profit": 3522280,
            "gross_margin": 35.17,
            "gross_margin_4q_avg": 32.21,
            "net_income": 1721127,
            "net_income_4q": null,
            "revenue": 10014259,
            "revenue_4q": null,
            "common_shares": 4508441,
            "book_valuer_per_share": 63.6,
            "book_valuer_per_share_4q_avg": 61.95,
            "equity": 32374372,
            "current_ratio": 158.78,
            "debt_ratio": 46.63,
            "inventory_turnover_ratio": 1.73,
            "account_receivable_turnover_ratio": 1.71,
            "reinvestment_rate": 124.07,
            "research_to_sale_ratio": 5.81,
            "price_fair": 162.28,
            "eps_avg_yearly": 4.64,
            "eps_latest_yearly": 13.56,
            "eps_growth_yearly": 1123.28
        },
        "20222": {
            "year_quarter": 20222,
            "year": 2022,
            "quarter": 2,
            "eps": 4.65,
            "eps_growth_year": 146.03,
            "eps_4q": 14.14,
            "eps_4q_growth_year": 375.54,
            "roe": 6.85,
            "roe_4q": 22.02,
            "gross_profit": 4249263,
            "gross_margin": 37.1,
            "gross_margin_4q_avg": 34.71,
            "net_income": 2294918,
            "net_income_4q": null,
            "revenue": 11453611,
            "revenue_4q": null,
            "common_shares": 4508441,
            "book_valuer_per_share": 68.14,
            "book_valuer_per_share_4q_avg": 64.4,
            "equity": 34617661,
            "current_ratio": 156.92,
            "debt_ratio": 45.01,
            "inventory_turnover_ratio": 1.81,
            "account_receivable_turnover_ratio": 1.75,
            "reinvestment_rate": 134.34,
            "research_to_sale_ratio": 5.18,
            "price_fair": 214.08,
            "eps_avg_yearly": 6.12,
            "eps_latest_yearly": 18.6,
            "eps_growth_yearly": 819
        },
        "20223": {
            "year_quarter": 20223,
            "year": 2022,
            "quarter": 3,
            "eps": 4.79,
            "eps_growth_year": 56.03,
            "eps_4q": 15.79,
            "eps_4q_growth_year": 167.02,
            "roe": 6.79,
            "roe_4q": 23.68,
            "gross_profit": 4497867,
            "gross_margin": 38.96,
            "gross_margin_4q_avg": 36.2,
            "net_income": 2441267,
            "net_income_4q": null,
            "revenue": 11544421,
            "revenue_4q": null,
            "common_shares": 4527761,
            "book_valuer_per_share": 73.16,
            "book_valuer_per_share_4q_avg": 67.35,
            "equity": 37327970,
            "current_ratio": 156.72,
            "debt_ratio": 45.17,
            "inventory_turnover_ratio": 1.78,
            "account_receivable_turnover_ratio": 1.64,
            "reinvestment_rate": 136.76,
            "research_to_sale_ratio": 5.7,
            "price_fair": 263.67,
            "eps_avg_yearly": 7.53,
            "eps_latest_yearly": 19.16,
            "eps_growth_yearly": 767.62
        },
        "20224": {
            "year_quarter": 20224,
            "year": 2022,
            "quarter": 4,
            "eps": 2.63,
            "eps_growth_year": -12.99,
            "eps_4q": 15.41,
            "eps_4q_growth_year": 80.02,
            "roe": 3.88,
            "roe_4q": 22.79,
            "gross_profit": 3598905,
            "gross_margin": 41.78,
            "gross_margin_4q_avg": 38.25,
            "net_income": 1476158,
            "net_income_4q": null,
            "revenue": 8614195,
            "revenue_4q": null,
            "common_shares": 4527761,
            "book_valuer_per_share": 75.8,
            "book_valuer_per_share_4q_avg": 70.18,
            "equity": 38815893,
            "current_ratio": 182.78,
            "debt_ratio": 46.56,
            "inventory_turnover_ratio": 1.34,
            "account_receivable_turnover_ratio": 1.42,
            "reinvestment_rate": 122.55,
            "research_to_sale_ratio": 7.54,
            "price_fair": 294.23,
            "eps_avg_yearly": 8.41,
            "eps_latest_yearly": 10.52,
            "eps_growth_yearly": 785.31
        },
        "20231": {
            "year_quarter": 20231,
            "year": 2023,
            "quarter": 1,
            "eps": 0.02,
            "eps_growth_year": -99.41,
            "eps_4q": 12.01,
            "eps_4q_growth_year": 5.55,
            "roe": 0.58,
            "roe_4q": 18.1,
            "gross_profit": 1601064,
            "gross_margin": 23.43,
            "gross_margin_4q_avg": 35.32,
            "net_income": 216904,
            "net_income_4q": null,
            "revenue": 6834744,
            "revenue_4q": null,
            "common_shares": 4542191,
            "book_valuer_per_share": 69.44,
            "book_valuer_per_share_4q_avg": 71.64,
            "equity": 35756402,
            "current_ratio": 163.37,
            "debt_ratio": 51.25,
            "inventory_turnover_ratio": 1.66,
            "account_receivable_turnover_ratio": 1.5,
            "reinvestment_rate": 95.01,
            "research_to_sale_ratio": 8.57,
            "price_fair": 271.82,
            "eps_avg_yearly": 7.77,
            "eps_latest_yearly": 0.08,
            "eps_growth_yearly": 694.36
        },
        "20232": {
            "year_quarter": 20232,
            "year": 2023,
            "quarter": 2,
            "eps": 0.04,
            "eps_growth_year": -99.14,
            "eps_4q": 7.43,
            "eps_4q_growth_year": -47.4,
            "roe": 0.74,
            "roe_4q": 11.989999999999998,
            "gross_profit": 1480509,
            "gross_margin": 22.91,
            "gross_margin_4q_avg": 31.77,
            "net_income": 265759,
            "net_income_4q": null,
            "revenue": 6462205,
            "revenue_4q": null,
            "common_shares": 4544991,
            "book_valuer_per_share": 69.34,
            "book_valuer_per_share_4q_avg": 71.94,
            "equity": 35958492,
            "current_ratio": 182.92,
            "debt_ratio": 51.96,
            "inventory_turnover_ratio": 1.86,
            "account_receivable_turnover_ratio": 1.65,
            "reinvestment_rate": 91.11,
            "research_to_sale_ratio": 8.55,
            "price_fair": 252.8,
            "eps_avg_yearly": 7.22,
            "eps_latest_yearly": 0.16,
            "eps_growth_yearly": 673.34
        },
        "20233": {
            "year_quarter": 20233,
            "year": 2023,
            "quarter": 3,
            "eps": -0.76,
            "eps_growth_year": -115.87,
            "eps_4q": 1.93,
            "eps_4q_growth_year": -87.8,
            "roe": -0.25,
            "roe_4q": 4.949999999999999,
            "gross_profit": 1365338,
            "gross_margin": 22.58,
            "gross_margin_4q_avg": 27.68,
            "net_income": -92300,
            "net_income_4q": null,
            "revenue": 6046171,
            "revenue_4q": null,
            "common_shares": 4544746,
            "book_valuer_per_share": 69.21,
            "book_valuer_per_share_4q_avg": 70.95,
            "equity": 38529696,
            "current_ratio": 255.29,
            "debt_ratio": 49.57,
            "inventory_turnover_ratio": 1.8,
            "account_receivable_turnover_ratio": 1.62,
            "reinvestment_rate": 101.54,
            "research_to_sale_ratio": 9.91,
            "price_fair": 252.8,
            "eps_avg_yearly": 7.22,
            "eps_latest_yearly": 0.16,
            "eps_growth_yearly": 673.34
        },
        "20234": {
            "year_quarter": 20234,
            "year": 2023,
            "quarter": 4,
            "eps": 0.8,
            "eps_growth_year": -69.6,
            "eps_4q": 0.1,
            "eps_4q_growth_year": -99.32,
            "roe": 2.01,
            "roe_4q": 3.08,
            "gross_profit": 2311784,
            "gross_margin": 30.87,
            "gross_margin_4q_avg": 24.95,
            "net_income": 780039,
            "net_income_4q": null,
            "revenue": 7489463,
            "revenue_4q": null,
            "common_shares": 4544231,
            "book_valuer_per_share": 69.75,
            "book_valuer_per_share_4q_avg": 69.44,
            "equity": 39159126,
            "current_ratio": 205.97,
            "debt_ratio": 49.84,
            "inventory_turnover_ratio": 1.95,
            "account_receivable_turnover_ratio": 1.86,
            "reinvestment_rate": 103.69,
            "research_to_sale_ratio": 8.8,
            "price_fair": 252.8,
            "eps_avg_yearly": 7.22,
            "eps_latest_yearly": 0.16,
            "eps_growth_yearly": 673.34
        }
    },
    "months": {
        "2003-10": {
            "month": "2003-10",
            "price": "53.97",
            "revenue": 260106
        },
        "2003-11": {
            "month": "2003-11",
            "price": "62.13",
            "revenue": 305133
        },
        "2003-12": {
            "month": "2003-12",
            "price": "71.34",
            "revenue": 314095
        },
        "2004-01": {
            "month": "2004-01",
            "price": "78.54",
            "revenue": 342229
        },
        "2004-02": {
            "month": "2004-02",
            "price": "85.83",
            "revenue": 331246
        },
        "2004-03": {
            "month": "2004-03",
            "price": "108.29",
            "revenue": 406103
        },
        "2004-04": {
            "month": "2004-04",
            "price": "110.25",
            "revenue": 414556
        },
        "2004-05": {
            "month": "2004-05",
            "price": "109.75",
            "revenue": 449757
        },
        "2004-06": {
            "month": "2004-06",
            "price": "107.63",
            "revenue": 420038
        },
        "2004-07": {
            "month": "2004-07",
            "price": "76.17",
            "revenue": 438695
        },
        "2004-08": {
            "month": "2004-08",
            "price": "72.35",
            "revenue": 380511
        },
        "2004-09": {
            "month": "2004-09",
            "price": "70.29",
            "revenue": 352756
        },
        "2004-10": {
            "month": "2004-10",
            "price": "68.92",
            "revenue": 387982
        },
        "2004-11": {
            "month": "2004-11",
            "price": "58.02",
            "revenue": 351398
        },
        "2004-12": {
            "month": "2004-12",
            "price": "51.92",
            "revenue": 359438
        },
        "2005-01": {
            "month": "2005-01",
            "price": "44.07",
            "revenue": 401381
        },
        "2005-02": {
            "month": "2005-02",
            "price": "48.45",
            "revenue": 279504
        },
        "2005-03": {
            "month": "2005-03",
            "price": "57.10",
            "revenue": 383036
        },
        "2005-04": {
            "month": "2005-04",
            "price": "58.54",
            "revenue": 420031
        },
        "2005-05": {
            "month": "2005-05",
            "price": "61.88",
            "revenue": 513599
        },
        "2005-06": {
            "month": "2005-06",
            "price": "72.96",
            "revenue": 541861
        },
        "2005-07": {
            "month": "2005-07",
            "price": "75.19",
            "revenue": 553427
        },
        "2005-08": {
            "month": "2005-08",
            "price": "66.83",
            "revenue": 603225
        },
        "2005-09": {
            "month": "2005-09",
            "price": "69.60",
            "revenue": 637957
        },
        "2005-10": {
            "month": "2005-10",
            "price": "76.09",
            "revenue": 708441
        },
        "2005-11": {
            "month": "2005-11",
            "price": "76.32",
            "revenue": 777475
        },
        "2005-12": {
            "month": "2005-12",
            "price": "97.30",
            "revenue": 816330
        },
        "2006-01": {
            "month": "2006-01",
            "price": "113.73",
            "revenue": 832326
        },
        "2006-02": {
            "month": "2006-02",
            "price": "106.84",
            "revenue": 860915
        },
        "2006-03": {
            "month": "2006-03",
            "price": "106.80",
            "revenue": 1011916
        },
        "2006-04": {
            "month": "2006-04",
            "price": "128.45",
            "revenue": 1062950
        },
        "2006-05": {
            "month": "2006-05",
            "price": "121.33",
            "revenue": 1111818
        },
        "2006-06": {
            "month": "2006-06",
            "price": "105.39",
            "revenue": 1124299
        },
        "2006-07": {
            "month": "2006-07",
            "price": "97.49",
            "revenue": 1061286
        },
        "2006-08": {
            "month": "2006-08",
            "price": "89.63",
            "revenue": 1023013
        },
        "2006-09": {
            "month": "2006-09",
            "price": "98.47",
            "revenue": 1006341
        },
        "2006-10": {
            "month": "2006-10",
            "price": "91.34",
            "revenue": 956988
        },
        "2006-11": {
            "month": "2006-11",
            "price": "90.27",
            "revenue": 960059
        },
        "2006-12": {
            "month": "2006-12",
            "price": "92.84",
            "revenue": 901863
        },
        "2007-01": {
            "month": "2007-01",
            "price": "107.43",
            "revenue": 823481
        },
        "2007-02": {
            "month": "2007-02",
            "price": "107.42",
            "revenue": 800702
        },
        "2007-03": {
            "month": "2007-03",
            "price": "124.93",
            "revenue": 922363
        },
        "2007-04": {
            "month": "2007-04",
            "price": "126.30",
            "revenue": 964951
        },
        "2007-05": {
            "month": "2007-05",
            "price": "124.30",
            "revenue": 1002409
        },
        "2007-06": {
            "month": "2007-06",
            "price": "131.95",
            "revenue": 1032390
        },
        "2007-07": {
            "month": "2007-07",
            "price": "136.32",
            "revenue": 1153100
        },
        "2007-08": {
            "month": "2007-08",
            "price": "119.02",
            "revenue": 1215648
        },
        "2007-09": {
            "month": "2007-09",
            "price": "110.44",
            "revenue": 1303868
        },
        "2007-10": {
            "month": "2007-10",
            "price": "121.09",
            "revenue": 1310393
        },
        "2007-11": {
            "month": "2007-11",
            "price": "116.11",
            "revenue": 1252530
        },
        "2007-12": {
            "month": "2007-12",
            "price": "111.41",
            "revenue": 1207182
        },
        "2008-01": {
            "month": "2008-01",
            "price": "84.25",
            "revenue": 1158932
        },
        "2008-02": {
            "month": "2008-02",
            "price": "78.61",
            "revenue": 1030391
        },
        "2008-03": {
            "month": "2008-03",
            "price": "78.77",
            "revenue": 1176750
        },
        "2008-04": {
            "month": "2008-04",
            "price": "86.84",
            "revenue": 1179542
        },
        "2008-05": {
            "month": "2008-05",
            "price": "86.03",
            "revenue": 1007629
        },
        "2008-06": {
            "month": "2008-06",
            "price": "75.37",
            "revenue": 971627
        },
        "2008-07": {
            "month": "2008-07",
            "price": "59.81",
            "revenue": 1057973
        },
        "2008-08": {
            "month": "2008-08",
            "price": "58.90",
            "revenue": 1106440
        },
        "2008-09": {
            "month": "2008-09",
            "price": "50.66",
            "revenue": 1119921
        },
        "2008-10": {
            "month": "2008-10",
            "price": "38.28",
            "revenue": 1055092
        },
        "2008-11": {
            "month": "2008-11",
            "price": "32.35",
            "revenue": 800253
        },
        "2008-12": {
            "month": "2008-12",
            "price": "30.52",
            "revenue": 550433
        },
        "2009-01": {
            "month": "2009-01",
            "price": "31.20",
            "revenue": 433105
        },
        "2009-02": {
            "month": "2009-02",
            "price": "36.27",
            "revenue": 520857
        },
        "2009-03": {
            "month": "2009-03",
            "price": "44.18",
            "revenue": 754023
        },
        "2009-04": {
            "month": "2009-04",
            "price": "50.39",
            "revenue": 903472
        },
        "2009-05": {
            "month": "2009-05",
            "price": "61.31",
            "revenue": 957313
        },
        "2009-06": {
            "month": "2009-06",
            "price": "55.34",
            "revenue": 967443
        },
        "2009-07": {
            "month": "2009-07",
            "price": "67.05",
            "revenue": 1080793
        },
        "2009-08": {
            "month": "2009-08",
            "price": "69.68",
            "revenue": 1110979
        },
        "2009-09": {
            "month": "2009-09",
            "price": "80.16",
            "revenue": 1170672
        },
        "2009-10": {
            "month": "2009-10",
            "price": "88.99",
            "revenue": 1205212
        },
        "2009-11": {
            "month": "2009-11",
            "price": "88.49",
            "revenue": 1074765
        },
        "2009-12": {
            "month": "2009-12",
            "price": "83.35",
            "revenue": 904317
        },
        "2010-01": {
            "month": "2010-01",
            "price": "83.10",
            "revenue": 968011
        },
        "2010-02": {
            "month": "2010-02",
            "price": "76.98",
            "revenue": 911520
        },
        "2010-03": {
            "month": "2010-03",
            "price": "82.10",
            "revenue": 1068305
        },
        "2010-04": {
            "month": "2010-04",
            "price": "80.52",
            "revenue": 1157100
        },
        "2010-05": {
            "month": "2010-05",
            "price": "78.59",
            "revenue": 1313790
        },
        "2010-06": {
            "month": "2010-06",
            "price": "72.53",
            "revenue": 1353388
        },
        "2010-07": {
            "month": "2010-07",
            "price": "67.49",
            "revenue": 1371720
        },
        "2010-08": {
            "month": "2010-08",
            "price": "67.04",
            "revenue": 1322495
        },
        "2010-09": {
            "month": "2010-09",
            "price": "71.47",
            "revenue": 1255302
        },
        "2010-10": {
            "month": "2010-10",
            "price": "80.02",
            "revenue": 1299008
        },
        "2010-11": {
            "month": "2010-11",
            "price": "87.42",
            "revenue": 1315104
        },
        "2010-12": {
            "month": "2010-12",
            "price": "98.62",
            "revenue": 1328143
        },
        "2011-01": {
            "month": "2011-01",
            "price": "95.80",
            "revenue": 1383720
        },
        "2011-02": {
            "month": "2011-02",
            "price": "89.61",
            "revenue": 1104018
        },
        "2011-03": {
            "month": "2011-03",
            "price": "89.96",
            "revenue": 1321151
        },
        "2011-04": {
            "month": "2011-04",
            "price": "91.78",
            "revenue": 1303373
        },
        "2011-05": {
            "month": "2011-05",
            "price": "112.52",
            "revenue": 1355253
        },
        "2011-06": {
            "month": "2011-06",
            "price": "121.02",
            "revenue": 1406849
        },
        "2011-07": {
            "month": "2011-07",
            "price": "118.55",
            "revenue": 1484842
        },
        "2011-08": {
            "month": "2011-08",
            "price": "100.31",
            "revenue": 1524425
        },
        "2011-09": {
            "month": "2011-09",
            "price": "102.23",
            "revenue": 1543318
        },
        "2011-10": {
            "month": "2011-10",
            "price": "97.23",
            "revenue": 1570959
        },
        "2011-11": {
            "month": "2011-11",
            "price": "98.04",
            "revenue": 1448248
        },
        "2011-12": {
            "month": "2011-12",
            "price": "80.04",
            "revenue": 1424397
        },
        "2012-01": {
            "month": "2012-01",
            "price": "82.62",
            "revenue": 1336097
        },
        "2012-02": {
            "month": "2012-02",
            "price": "94.62",
            "revenue": 1378223
        },
        "2012-03": {
            "month": "2012-03",
            "price": "99.47",
            "revenue": 1449174
        },
        "2012-04": {
            "month": "2012-04",
            "price": "90.54",
            "revenue": 1515483
        },
        "2012-05": {
            "month": "2012-05",
            "price": "90.49",
            "revenue": 1554395
        },
        "2012-06": {
            "month": "2012-06",
            "price": "83.18",
            "revenue": 1423562
        },
        "2012-07": {
            "month": "2012-07",
            "price": "82.23",
            "revenue": 1509155
        },
        "2012-08": {
            "month": "2012-08",
            "price": "85.97",
            "revenue": 1516976
        },
        "2012-09": {
            "month": "2012-09",
            "price": "86.46",
            "revenue": 1413798
        },
        "2012-10": {
            "month": "2012-10",
            "price": "81.36",
            "revenue": 1614066
        },
        "2012-11": {
            "month": "2012-11",
            "price": "87.39",
            "revenue": 1475554
        },
        "2012-12": {
            "month": "2012-12",
            "price": "91.03",
            "revenue": 1465301
        },
        "2013-01": {
            "month": "2013-01",
            "price": "91.59",
            "revenue": 1987107
        },
        "2013-02": {
            "month": "2013-02",
            "price": "94.61",
            "revenue": 1586698
        },
        "2013-03": {
            "month": "2013-03",
            "price": "92.27",
            "revenue": 1750007
        },
        "2013-04": {
            "month": "2013-04",
            "price": "94.46",
            "revenue": 1953776
        },
        "2013-05": {
            "month": "2013-05",
            "price": "107.41",
            "revenue": 2074527
        },
        "2013-06": {
            "month": "2013-06",
            "price": "110.24",
            "revenue": 1833043
        },
        "2013-07": {
            "month": "2013-07",
            "price": "109.67",
            "revenue": 2086130
        },
        "2013-08": {
            "month": "2013-08",
            "price": "109.00",
            "revenue": 2046491
        },
        "2013-09": {
            "month": "2013-09",
            "price": "107.62",
            "revenue": 2016844
        },
        "2013-10": {
            "month": "2013-10",
            "price": "104.39",
            "revenue": 2057121
        },
        "2013-11": {
            "month": "2013-11",
            "price": "101.16",
            "revenue": 1851411
        },
        "2013-12": {
            "month": "2013-12",
            "price": "97.73",
            "revenue": 1860353
        },
        "2014-01": {
            "month": "2014-01",
            "price": "100.58",
            "revenue": 2021027
        },
        "2014-02": {
            "month": "2014-02",
            "price": "104.03",
            "revenue": 1655017
        },
        "2014-03": {
            "month": "2014-03",
            "price": "105.48",
            "revenue": 2120755
        },
        "2014-04": {
            "month": "2014-04",
            "price": "113.52",
            "revenue": 2306370
        },
        "2014-05": {
            "month": "2014-05",
            "price": "127.17",
            "revenue": 2218757
        },
        "2014-06": {
            "month": "2014-06",
            "price": "132.60",
            "revenue": 2259070
        },
        "2014-07": {
            "month": "2014-07",
            "price": "127.52",
            "revenue": 2376911
        },
        "2014-08": {
            "month": "2014-08",
            "price": "125.55",
            "revenue": 2215460
        },
        "2014-09": {
            "month": "2014-09",
            "price": "117.93",
            "revenue": 2141217
        },
        "2014-10": {
            "month": "2014-10",
            "price": "113.25",
            "revenue": 2028815
        },
        "2014-11": {
            "month": "2014-11",
            "price": "111.40",
            "revenue": 1773803
        },
        "2014-12": {
            "month": "2014-12",
            "price": "104.80",
            "revenue": 1826632
        },
        "2015-01": {
            "month": "2015-01",
            "price": "103.36",
            "revenue": 1896636
        },
        "2015-02": {
            "month": "2015-02",
            "price": "101.81",
            "revenue": 1456384
        },
        "2015-03": {
            "month": "2015-03",
            "price": "102.95",
            "revenue": 1993201
        },
        "2015-04": {
            "month": "2015-04",
            "price": "98.16",
            "revenue": 1939994
        },
        "2015-05": {
            "month": "2015-05",
            "price": "90.65",
            "revenue": 1677346
        },
        "2015-06": {
            "month": "2015-06",
            "price": "85.55",
            "revenue": 1815326
        },
        "2015-07": {
            "month": "2015-07",
            "price": "75.51",
            "revenue": 1890959
        },
        "2015-08": {
            "month": "2015-08",
            "price": "58.23",
            "revenue": 1861462
        },
        "2015-09": {
            "month": "2015-09",
            "price": "63.05",
            "revenue": 2235391
        },
        "2015-10": {
            "month": "2015-10",
            "price": "68.38",
            "revenue": 2127632
        },
        "2015-11": {
            "month": "2015-11",
            "price": "63.80",
            "revenue": 2133335
        },
        "2015-12": {
            "month": "2015-12",
            "price": "66.46",
            "revenue": 2033645
        },
        "2016-01": {
            "month": "2016-01",
            "price": "63.34",
            "revenue": 1875931
        },
        "2016-02": {
            "month": "2016-02",
            "price": "73.98",
            "revenue": 1546434
        },
        "2016-03": {
            "month": "2016-03",
            "price": "74.91",
            "revenue": 1947791
        },
        "2016-04": {
            "month": "2016-04",
            "price": "66.77",
            "revenue": 1847924
        },
        "2016-05": {
            "month": "2016-05",
            "price": "65.37",
            "revenue": 1924030
        },
        "2016-06": {
            "month": "2016-06",
            "price": "72.04",
            "revenue": 2004309
        },
        "2016-07": {
            "month": "2016-07",
            "price": "71.30",
            "revenue": 2043448
        },
        "2016-08": {
            "month": "2016-08",
            "price": "67.80",
            "revenue": 2198948
        },
        "2016-09": {
            "month": "2016-09",
            "price": "71.17",
            "revenue": 2088660
        },
        "2016-10": {
            "month": "2016-10",
            "price": "71.82",
            "revenue": 1965738
        },
        "2016-11": {
            "month": "2016-11",
            "price": "70.46",
            "revenue": 1982767
        },
        "2016-12": {
            "month": "2016-12",
            "price": "71.62",
            "revenue": 1739086
        },
        "2017-01": {
            "month": "2017-01",
            "price": "71.09",
            "revenue": 1739205
        },
        "2017-02": {
            "month": "2017-02",
            "price": "81.72",
            "revenue": 1521665
        },
        "2017-03": {
            "month": "2017-03",
            "price": "81.62",
            "revenue": 1709474
        },
        "2017-04": {
            "month": "2017-04",
            "price": "77.04",
            "revenue": 1676770
        },
        "2017-05": {
            "month": "2017-05",
            "price": "79.00",
            "revenue": 1617235
        },
        "2017-06": {
            "month": "2017-06",
            "price": "79.18",
            "revenue": 1626273
        },
        "2017-07": {
            "month": "2017-07",
            "price": "81.36",
            "revenue": 1790873
        },
        "2017-08": {
            "month": "2017-08",
            "price": "83.97",
            "revenue": 2108433
        },
        "2017-09": {
            "month": "2017-09",
            "price": "78.16",
            "revenue": 2252564
        },
        "2017-10": {
            "month": "2017-10",
            "price": "73.53",
            "revenue": 2484554
        },
        "2017-11": {
            "month": "2017-11",
            "price": "74.18",
            "revenue": 2073660
        },
        "2017-12": {
            "month": "2017-12",
            "price": "57.31",
            "revenue": 1734780
        },
        "2018-01": {
            "month": "2018-01",
            "price": "52.58",
            "revenue": 2056636
        },
        "2018-02": {
            "month": "2018-02",
            "price": "49.03",
            "revenue": 1397628
        },
        "2018-03": {
            "month": "2018-03",
            "price": "54.43",
            "revenue": 1797493
        },
        "2018-04": {
            "month": "2018-04",
            "price": "52.51",
            "revenue": 1836374
        },
        "2018-05": {
            "month": "2018-05",
            "price": "55.02",
            "revenue": 2060568
        },
        "2018-06": {
            "month": "2018-06",
            "price": "55.95",
            "revenue": 1905397
        },
        "2018-07": {
            "month": "2018-07",
            "price": "53.14",
            "revenue": 2186086
        },
        "2018-08": {
            "month": "2018-08",
            "price": "50.04",
            "revenue": 2199227
        },
        "2018-09": {
            "month": "2018-09",
            "price": "51.47",
            "revenue": 2029655
        },
        "2018-10": {
            "month": "2018-10",
            "price": "45.10",
            "revenue": 2191449
        },
        "2018-11": {
            "month": "2018-11",
            "price": "42.23",
            "revenue": 2017333
        },
        "2018-12": {
            "month": "2018-12",
            "price": "46.25",
            "revenue": 2050083
        },
        "2019-01": {
            "month": "2019-01",
            "price": "42.59",
            "revenue": 2122169
        },
        "2019-02": {
            "month": "2019-02",
            "price": "44.08",
            "revenue": 1160504
        },
        "2019-03": {
            "month": "2019-03",
            "price": "42.47",
            "revenue": 1636398
        },
        "2019-04": {
            "month": "2019-04",
            "price": "47.51",
            "revenue": 1865849
        },
        "2019-05": {
            "month": "2019-05",
            "price": "40.52",
            "revenue": 1636696
        },
        "2019-06": {
            "month": "2019-06",
            "price": "40.08",
            "revenue": 1672101
        },
        "2019-07": {
            "month": "2019-07",
            "price": "41.40",
            "revenue": 1976693
        },
        "2019-08": {
            "month": "2019-08",
            "price": "38.08",
            "revenue": 2018886
        },
        "2019-09": {
            "month": "2019-09",
            "price": "42.60",
            "revenue": 2001917
        },
        "2019-10": {
            "month": "2019-10",
            "price": "44.53",
            "revenue": 1997005
        },
        "2019-11": {
            "month": "2019-11",
            "price": "49.47",
            "revenue": 2055084
        },
        "2019-12": {
            "month": "2019-12",
            "price": "53.18",
            "revenue": 2184108
        },
        "2020-01": {
            "month": "2020-01",
            "price": "49.04",
            "revenue": 1888752
        },
        "2020-02": {
            "month": "2020-02",
            "price": "51.72",
            "revenue": 1812898
        },
        "2020-03": {
            "month": "2020-03",
            "price": "41.98",
            "revenue": 2190683
        },
        "2020-04": {
            "month": "2020-04",
            "price": "46.97",
            "revenue": 2061186
        },
        "2020-05": {
            "month": "2020-05",
            "price": "49.67",
            "revenue": 2350465
        },
        "2020-06": {
            "month": "2020-06",
            "price": "60.02",
            "revenue": 2374534
        },
        "2020-07": {
            "month": "2020-07",
            "price": "70.43",
            "revenue": 2361708
        },
        "2020-08": {
            "month": "2020-08",
            "price": "75.00",
            "revenue": 2232816
        },
        "2020-09": {
            "month": "2020-09",
            "price": "65.94",
            "revenue": 2277410
        },
        "2020-10": {
            "month": "2020-10",
            "price": "68.92",
            "revenue": 2462001
        },
        "2020-11": {
            "month": "2020-11",
            "price": "79.41",
            "revenue": 2563195
        },
        "2020-12": {
            "month": "2020-12",
            "price": "83.70",
            "revenue": 2522826
        },
        "2021-01": {
            "month": "2021-01",
            "price": "86.90",
            "revenue": 2512811
        },
        "2021-02": {
            "month": "2021-02",
            "price": "88.44",
            "revenue": 2032859
        },
        "2021-03": {
            "month": "2021-03",
            "price": "94.92",
            "revenue": 2680316
        },
        "2021-04": {
            "month": "2021-04",
            "price": "110.95",
            "revenue": 2732110
        },
        "2021-05": {
            "month": "2021-05",
            "price": "96.21",
            "revenue": 2874588
        },
        "2021-06": {
            "month": "2021-06",
            "price": "124.38",
            "revenue": 3118657
        },
        "2021-07": {
            "month": "2021-07",
            "price": "178.61",
            "revenue": 3117895
        },
        "2021-08": {
            "month": "2021-08",
            "price": "182.55",
            "revenue": 3297724
        },
        "2021-09": {
            "month": "2021-09",
            "price": "207.78",
            "revenue": 3352064
        },
        "2021-10": {
            "month": "2021-10",
            "price": "222.05",
            "revenue": 3288757
        },
        "2021-11": {
            "month": "2021-11",
            "price": "239.93",
            "revenue": 3494658
        },
        "2021-12": {
            "month": "2021-12",
            "price": "232.16",
            "revenue": 3170512
        },
        "2022-01": {
            "month": "2022-01",
            "price": "211.61",
            "revenue": 3359365
        },
        "2022-02": {
            "month": "2022-02",
            "price": "215.97",
            "revenue": 2910102
        },
        "2022-03": {
            "month": "2022-03",
            "price": "196.70",
            "revenue": 3744849
        },
        "2022-04": {
            "month": "2022-04",
            "price": "184.71",
            "revenue": 3748155
        },
        "2022-05": {
            "month": "2022-05",
            "price": "169.93",
            "revenue": 3795162
        },
        "2022-06": {
            "month": "2022-06",
            "price": "154.26",
            "revenue": 3910237
        },
        "2022-07": {
            "month": "2022-07",
            "price": "135.64",
            "revenue": 3762744
        },
        "2022-08": {
            "month": "2022-08",
            "price": "128.93",
            "revenue": 3868932
        },
        "2022-09": {
            "month": "2022-09",
            "price": "104.34",
            "revenue": 3912745
        },
        "2022-10": {
            "month": "2022-10",
            "price": "100.06",
            "revenue": 3604587
        },
        "2022-11": {
            "month": "2022-11",
            "price": "115.32",
            "revenue": 3001962
        },
        "2022-12": {
            "month": "2022-12",
            "price": "115.66",
            "revenue": 2822214
        },
        "2023-01": {
            "month": "2023-01",
            "price": "107.00",
            "revenue": 2122589
        },
        "2023-02": {
            "month": "2023-02",
            "price": "110.53",
            "revenue": 2109799
        },
        "2023-03": {
            "month": "2023-03",
            "price": "115.33",
            "revenue": 2601940
        },
        "2023-04": {
            "month": "2023-04",
            "price": "111.26",
            "revenue": 2163452
        },
        "2023-05": {
            "month": "2023-05",
            "price": "110.82",
            "revenue": 2280752
        },
        "2023-06": {
            "month": "2023-06",
            "price": "115.38",
            "revenue": 2018021
        },
        "2023-07": {
            "month": "2023-07",
            "price": "112.64",
            "revenue": 1935157
        },
        "2023-08": {
            "month": "2023-08",
            "price": "104.52",
            "revenue": 2132605
        },
        "2023-09": {
            "month": "2023-09",
            "price": "109.50",
            "revenue": 1978409
        },
        "2023-10": {
            "month": "2023-10",
            "price": "101.87",
            "revenue": 2508336
        },
        "2023-11": {
            "month": "2023-11",
            "price": "96.68",
            "revenue": 2530422
        },
        "2023-12": {
            "month": "2023-12",
            "price": "100.84",
            "revenue": 2450705
        },
        "2024-01": {
            "month": "2024-01",
            "price": "98.60",
            "revenue": 2313032
        },
        "2024-02": {
            "month": "2024-02",
            "price": "100.45",
            "revenue": 2238258
        }
    }
}
