{
    "summary": {
        "stock_name": "和進",
        "stock_id": "3191",
        "category": "電子零組件",
        "main_business": "電子零件,電子材料之製造加工及進出口貿易等業務<br>變壓器線架製造及銷售<br>NULL",
        "website_url": "http://www.holdjinn.com.tw",
        "ceo": "楊本泉",
        "pe_ratio": -45,
        "report_year_from": 2002,
        "report_year_to": 2023,
        "age": 21,
        "eps_negative_percentage": 52,
        "eps_growth_avg": {
            "last_all": -53.49,
            "last_2y": -100,
            "last_4y": -100,
            "last_8y": -100,
            "last_12y": -85.54,
            "last_16y": -61.06,
            "last_20y": null,
            "at_2006_last_3y": null,
            "at_2007_last_3y": -1.78,
            "at_2008_last_3y": -32.47,
            "at_2009_last_3y": -20.24,
            "at_2010_last_3y": -80.36,
            "at_2011_last_3y": -63.86,
            "at_2012_last_3y": -63.86,
            "at_2013_last_3y": -63.86,
            "at_2014_last_3y": -75.91,
            "at_2015_last_3y": -100,
            "at_2016_last_3y": -100,
            "at_2017_last_3y": -100,
            "at_2018_last_3y": -100,
            "at_2019_last_3y": -100,
            "at_2020_last_3y": -100,
            "at_2021_last_3y": -100,
            "at_2022_last_3y": -100,
            "at_2023_last_3y": -100,
            "at_2006_last_all": 17.86,
            "at_2007_last_all": -1.78,
            "at_2008_last_all": -21.43,
            "at_2009_last_all": -21.43,
            "at_2010_last_all": -21.43,
            "at_2011_last_all": -22.48,
            "at_2012_last_all": -33.55,
            "at_2013_last_all": -33.55,
            "at_2014_last_all": -41.86,
            "at_2015_last_all": -41.86,
            "at_2016_last_all": -41.86,
            "at_2017_last_all": -41.86,
            "at_2018_last_all": -48.32,
            "at_2019_last_all": -48.32,
            "at_2020_last_all": -53.49,
            "at_2021_last_all": -53.49,
            "at_2022_last_all": -53.49,
            "at_2023_last_all": -53.49
        },
        "latest_eps": -0.2,
        "latest_price": 9.09,
        "latest_roe": -5.77,
        "latest_gross_margin": 23.85,
        "latest_equity": 287102,
        "latest_revenue": 51709,
        "latest_gross_profit": 12334,
        "latest_net_income": -6623,
        "latest_debt_ratio": 29.63,
        "latest_current_ratio": 352.26,
        "latest_account_receivable_turnover_ratio": 1.07,
        "latest_inventory_turnover_ratio": 1.29,
        "latest_reinvestment_rate": null,
        "latest_research_to_sale_ratio": 1.99
    },
    "eps_dividends": {
        "2001": {
            "cash": 0,
            "stock": 0,
            "eps": 0
        },
        "2002": {
            "cash": 0,
            "stock": 0,
            "eps": 0
        },
        "2003": {
            "cash": 0,
            "stock": 2,
            "eps": 2.64
        },
        "2004": {
            "cash": 0,
            "stock": 2,
            "eps": 3.24
        },
        "2005": {
            "cash": 1,
            "stock": 1,
            "eps": 1
        },
        "2006": {
            "cash": 0,
            "stock": 1,
            "eps": 3.31
        },
        "2007": {
            "cash": 2,
            "stock": 1,
            "eps": 1.3
        },
        "2008": {
            "cash": 0,
            "stock": 1,
            "eps": -1.74
        },
        "2009": {
            "cash": 0,
            "stock": 0,
            "eps": -0.53
        },
        "2010": {
            "cash": 0,
            "stock": 0,
            "eps": 1.01
        },
        "2011": {
            "cash": 0,
            "stock": 0,
            "eps": 0.73
        },
        "2012": {
            "cash": 0,
            "stock": 0,
            "eps": -2.77
        },
        "2013": {
            "cash": 0,
            "stock": 0,
            "eps": 1.57
        },
        "2014": {
            "cash": 0,
            "stock": 0,
            "eps": -1.39
        },
        "2015": {
            "cash": 0,
            "stock": 0,
            "eps": -2.47
        },
        "2016": {
            "cash": 0,
            "stock": 0,
            "eps": -4.36
        },
        "2017": {
            "cash": 0,
            "stock": 0,
            "eps": 0.27
        },
        "2018": {
            "cash": 0,
            "stock": 0,
            "eps": -0.63
        },
        "2019": {
            "cash": 0,
            "stock": 0,
            "eps": 0.77
        },
        "2020": {
            "cash": 0,
            "stock": 0,
            "eps": -3.13
        },
        "2021": {
            "cash": 0,
            "stock": 0,
            "eps": -0.6
        },
        "2022": {
            "cash": 0,
            "stock": 0,
            "eps": -0.19
        },
        "2023": {
            "cash": 0,
            "stock": 0,
            "eps": -0.08
        }
    },
    "dividends": {
        "2003-06-23": {
            "cash": 0,
            "stock": 1.6
        },
        "2004-06-18": {
            "cash": 0,
            "stock": 2
        },
        "2005-04-01": {
            "cash": 1,
            "stock": 1
        },
        "2006-03-31": {
            "cash": 0.2,
            "stock": 0.8
        },
        "2007-03-26": {
            "cash": 1.5,
            "stock": 0.6
        },
        "2008-03-25": {
            "cash": 0,
            "stock": 0.5
        },
        "2012-03-20": {
            "cash": 0.1,
            "stock": 0.1
        }
    },
    "prices": {
        "200101": "無",
        "200102": "無",
        "200103": "無",
        "200104": "無",
        "200105": "無",
        "200106": "無",
        "200107": "無",
        "200108": "無",
        "200109": "無",
        "200110": "無",
        "200111": "無",
        "200112": "無",
        "200201": "無",
        "200202": "無",
        "200203": "無",
        "200204": "無",
        "200205": "無",
        "200206": "無",
        "200207": "無",
        "200208": "無",
        "200209": "無",
        "200210": "無",
        "200211": "無",
        "200212": "無",
        "200301": "無",
        "200302": "無",
        "200303": "無",
        "200304": "無",
        "200305": "無",
        "200306": "無",
        "200307": "無",
        "200308": "無",
        "200309": "無",
        "200310": "無",
        "200311": "無",
        "200312": "無",
        "200401": "無",
        "200402": "無",
        "200403": "34.00",
        "200404": "無",
        "200405": "33.11",
        "200406": "35.41",
        "200407": "35.29",
        "200408": "35.77",
        "200409": "35.35",
        "200410": "28.45",
        "200411": "無",
        "200412": "24.90",
        "200501": "22.58",
        "200502": "無",
        "200503": "23.55",
        "200504": "22.90",
        "200505": "19.89",
        "200506": "19.06",
        "200507": "22.27",
        "200508": "20.57",
        "200509": "18.69",
        "200510": "16.71",
        "200511": "16.56",
        "200512": "17.83",
        "200601": "31.05",
        "200602": "36.29",
        "200603": "44.80",
        "200604": "51.54",
        "200605": "51.23",
        "200606": "38.90",
        "200607": "45.87",
        "200608": "51.44",
        "200609": "48.68",
        "200610": "44.31",
        "200611": "40.30",
        "200612": "40.07",
        "200701": "42.00",
        "200702": "44.53",
        "200703": "45.01",
        "200704": "47.15",
        "200705": "42.45",
        "200706": "42.47",
        "200707": "42.88",
        "200708": "31.41",
        "200709": "30.09",
        "200710": "28.50",
        "200711": "19.63",
        "200712": "17.74",
        "200801": "15.31",
        "200802": "13.32",
        "200803": "15.68",
        "200804": "19.10",
        "200805": "17.08",
        "200806": "12.77",
        "200807": "8.86",
        "200808": "9.03",
        "200809": "6.81",
        "200810": "6.00",
        "200811": "5.48",
        "200812": "4.76",
        "200901": "4.55",
        "200902": "5.00",
        "200903": "6.16",
        "200904": "6.98",
        "200905": "8.04",
        "200906": "10.38",
        "200907": "9.81",
        "200908": "10.22",
        "200909": "10.14",
        "200910": "10.52",
        "200911": "9.95",
        "200912": "11.31",
        "201001": "13.11",
        "201002": "10.62",
        "201003": "11.67",
        "201004": "12.72",
        "201005": "16.42",
        "201006": "16.20",
        "201007": "15.30",
        "201008": "16.00",
        "201009": "15.03",
        "201010": "13.56",
        "201011": "12.42",
        "201012": "13.35",
        "201101": "13.17",
        "201102": "12.09",
        "201103": "12.36",
        "201104": "12.11",
        "201105": "11.28",
        "201106": "10.68",
        "201107": "9.43",
        "201108": "7.59",
        "201109": "7.56",
        "201110": "7.84",
        "201111": "8.07",
        "201112": "7.70",
        "201201": "7.61",
        "201202": "9.34",
        "201203": "9.17",
        "201204": "8.27",
        "201205": "7.05",
        "201206": "6.64",
        "201207": "6.84",
        "201208": "6.80",
        "201209": "7.96",
        "201210": "8.15",
        "201211": "7.30",
        "201212": "6.92",
        "201301": "7.18",
        "201302": "6.99",
        "201303": "8.71",
        "201304": "9.53",
        "201305": "10.22",
        "201306": "12.63",
        "201307": "17.16",
        "201308": "17.97",
        "201309": "20.72",
        "201310": "21.84",
        "201311": "20.26",
        "201312": "17.15",
        "201401": "16.07",
        "201402": "16.14",
        "201403": "16.81",
        "201404": "16.36",
        "201405": "15.67",
        "201406": "16.68",
        "201407": "16.92",
        "201408": "16.30",
        "201409": "16.72",
        "201410": "16.22",
        "201411": "15.32",
        "201412": "16.50",
        "201501": "20.93",
        "201502": "22.88",
        "201503": "21.65",
        "201504": "23.40",
        "201505": "24.20",
        "201506": "23.75",
        "201507": "19.86",
        "201508": "15.27",
        "201509": "14.77",
        "201510": "16.82",
        "201511": "16.02",
        "201512": "15.06",
        "201601": "16.46",
        "201602": "17.73",
        "201603": "17.98",
        "201604": "15.42",
        "201605": "13.14",
        "201606": "12.72",
        "201607": "13.88",
        "201608": "13.63",
        "201609": "15.92",
        "201610": "14.05",
        "201611": "12.10",
        "201612": "11.41",
        "201701": "11.54",
        "201702": "13.28",
        "201703": "17.03",
        "201704": "17.34",
        "201705": "20.38",
        "201706": "23.22",
        "201707": "19.85",
        "201708": "17.43",
        "201709": "18.51",
        "201710": "17.37",
        "201711": "16.56",
        "201712": "15.98",
        "201801": "16.62",
        "201802": "19.07",
        "201803": "19.12",
        "201804": "18.50",
        "201805": "18.94",
        "201806": "18.49",
        "201807": "17.59",
        "201808": "18.26",
        "201809": "18.85",
        "201810": "17.88",
        "201811": "15.90",
        "201812": "14.62",
        "201901": "14.60",
        "201902": "14.71",
        "201903": "17.59",
        "201904": "19.26",
        "201905": "19.26",
        "201906": "17.01",
        "201907": "17.63",
        "201908": "21.54",
        "201909": "34.51",
        "201910": "41.68",
        "201911": "48.69",
        "201912": "53.53",
        "202001": "47.56",
        "202002": "39.64",
        "202003": "45.56",
        "202004": "43.90",
        "202005": "44.14",
        "202006": "46.67",
        "202007": "44.86",
        "202008": "39.25",
        "202009": "39.50",
        "202010": "36.66",
        "202011": "12.57",
        "202012": "11.02",
        "202101": "9.55",
        "202102": "9.43",
        "202103": "8.71",
        "202104": "7.11",
        "202105": "6.32",
        "202106": "6.10",
        "202107": "7.66",
        "202108": "7.08",
        "202109": "6.90",
        "202110": "6.98",
        "202111": "7.06",
        "202112": "7.27",
        "202201": "10.46",
        "202202": "11.27",
        "202203": "10.85",
        "202204": "9.82",
        "202205": "9.50",
        "202206": "9.23",
        "202207": "8.68",
        "202208": "8.78",
        "202209": "9.71",
        "202210": "8.33",
        "202211": "7.84",
        "202212": "7.31",
        "202301": "6.93",
        "202302": "8.33",
        "202303": "8.16",
        "202304": "8.04",
        "202305": "8.29"
    },
    "quarters": {
        "20011": {
            "year_quarter": 20011,
            "year": 2001,
            "quarter": 1,
            "eps": null,
            "eps_growth_year": null,
            "eps_4q": null,
            "eps_4q_growth_year": null,
            "roe": null,
            "roe_4q": 0,
            "gross_profit": null,
            "gross_margin": null,
            "gross_margin_4q_avg": 0,
            "net_income": null,
            "revenue": null,
            "common_shares": null,
            "book_valuer_per_share": null,
            "book_valuer_per_share_4q_avg": 0,
            "equity": null,
            "current_ratio": null,
            "debt_ratio": null,
            "inventory_turnover_ratio": null,
            "account_receivable_turnover_ratio": null,
            "reinvestment_rate": null,
            "research_to_sale_ratio": null,
            "price_fair": 0,
            "eps_avg_yearly": 0,
            "eps_latest_yearly": 0,
            "eps_growth_yearly": 0
        },
        "20012": {
            "year_quarter": 20012,
            "year": 2001,
            "quarter": 2,
            "eps": null,
            "eps_growth_year": null,
            "eps_4q": null,
            "eps_4q_growth_year": null,
            "roe": null,
            "roe_4q": 0,
            "gross_profit": null,
            "gross_margin": null,
            "gross_margin_4q_avg": 0,
            "net_income": null,
            "revenue": null,
            "common_shares": null,
            "book_valuer_per_share": null,
            "book_valuer_per_share_4q_avg": 0,
            "equity": null,
            "current_ratio": null,
            "debt_ratio": null,
            "inventory_turnover_ratio": null,
            "account_receivable_turnover_ratio": null,
            "reinvestment_rate": null,
            "research_to_sale_ratio": null,
            "price_fair": 0,
            "eps_avg_yearly": 0,
            "eps_latest_yearly": 0,
            "eps_growth_yearly": 0
        },
        "20013": {
            "year_quarter": 20013,
            "year": 2001,
            "quarter": 3,
            "eps": null,
            "eps_growth_year": null,
            "eps_4q": null,
            "eps_4q_growth_year": null,
            "roe": null,
            "roe_4q": 0,
            "gross_profit": null,
            "gross_margin": null,
            "gross_margin_4q_avg": 0,
            "net_income": null,
            "revenue": null,
            "common_shares": null,
            "book_valuer_per_share": null,
            "book_valuer_per_share_4q_avg": 0,
            "equity": null,
            "current_ratio": null,
            "debt_ratio": null,
            "inventory_turnover_ratio": null,
            "account_receivable_turnover_ratio": null,
            "reinvestment_rate": null,
            "research_to_sale_ratio": null,
            "price_fair": 0,
            "eps_avg_yearly": 0,
            "eps_latest_yearly": 0,
            "eps_growth_yearly": 0
        },
        "20014": {
            "year_quarter": 20014,
            "year": 2001,
            "quarter": 4,
            "eps": null,
            "eps_growth_year": null,
            "eps_4q": null,
            "eps_4q_growth_year": null,
            "roe": null,
            "roe_4q": 0,
            "gross_profit": null,
            "gross_margin": null,
            "gross_margin_4q_avg": 0,
            "net_income": null,
            "revenue": null,
            "common_shares": 165000,
            "book_valuer_per_share": 17.56,
            "book_valuer_per_share_4q_avg": 4.39,
            "equity": 289710,
            "current_ratio": 98.93,
            "debt_ratio": 59.7,
            "inventory_turnover_ratio": null,
            "account_receivable_turnover_ratio": null,
            "reinvestment_rate": null,
            "research_to_sale_ratio": null,
            "price_fair": 0,
            "eps_avg_yearly": 0,
            "eps_latest_yearly": 0,
            "eps_growth_yearly": 0
        },
        "20021": {
            "year_quarter": 20021,
            "year": 2002,
            "quarter": 1,
            "eps": null,
            "eps_growth_year": null,
            "eps_4q": null,
            "eps_4q_growth_year": null,
            "roe": null,
            "roe_4q": 0,
            "gross_profit": null,
            "gross_margin": null,
            "gross_margin_4q_avg": 0,
            "net_income": null,
            "revenue": null,
            "common_shares": null,
            "book_valuer_per_share": null,
            "book_valuer_per_share_4q_avg": 4.39,
            "equity": null,
            "current_ratio": null,
            "debt_ratio": null,
            "inventory_turnover_ratio": null,
            "account_receivable_turnover_ratio": null,
            "reinvestment_rate": null,
            "research_to_sale_ratio": null,
            "price_fair": 0,
            "eps_avg_yearly": 0,
            "eps_latest_yearly": 0,
            "eps_growth_yearly": 0
        },
        "20022": {
            "year_quarter": 20022,
            "year": 2002,
            "quarter": 2,
            "eps": null,
            "eps_growth_year": null,
            "eps_4q": null,
            "eps_4q_growth_year": null,
            "roe": null,
            "roe_4q": 0,
            "gross_profit": null,
            "gross_margin": null,
            "gross_margin_4q_avg": 0,
            "net_income": null,
            "revenue": null,
            "common_shares": null,
            "book_valuer_per_share": null,
            "book_valuer_per_share_4q_avg": 4.39,
            "equity": null,
            "current_ratio": null,
            "debt_ratio": null,
            "inventory_turnover_ratio": null,
            "account_receivable_turnover_ratio": null,
            "reinvestment_rate": null,
            "research_to_sale_ratio": null,
            "price_fair": 0,
            "eps_avg_yearly": 0,
            "eps_latest_yearly": 0,
            "eps_growth_yearly": 0
        },
        "20023": {
            "year_quarter": 20023,
            "year": 2002,
            "quarter": 3,
            "eps": null,
            "eps_growth_year": null,
            "eps_4q": null,
            "eps_4q_growth_year": null,
            "roe": null,
            "roe_4q": 0,
            "gross_profit": null,
            "gross_margin": null,
            "gross_margin_4q_avg": 0,
            "net_income": null,
            "revenue": null,
            "common_shares": null,
            "book_valuer_per_share": null,
            "book_valuer_per_share_4q_avg": 4.39,
            "equity": null,
            "current_ratio": null,
            "debt_ratio": null,
            "inventory_turnover_ratio": null,
            "account_receivable_turnover_ratio": null,
            "reinvestment_rate": null,
            "research_to_sale_ratio": null,
            "price_fair": 0,
            "eps_avg_yearly": 0,
            "eps_latest_yearly": 0,
            "eps_growth_yearly": 0
        },
        "20024": {
            "year_quarter": 20024,
            "year": 2002,
            "quarter": 4,
            "eps": null,
            "eps_growth_year": null,
            "eps_4q": null,
            "eps_4q_growth_year": null,
            "roe": null,
            "roe_4q": 0,
            "gross_profit": null,
            "gross_margin": null,
            "gross_margin_4q_avg": 0,
            "net_income": null,
            "revenue": null,
            "common_shares": 247500,
            "book_valuer_per_share": 15.81,
            "book_valuer_per_share_4q_avg": 3.95,
            "equity": 394688,
            "current_ratio": 104.62,
            "debt_ratio": 56.5,
            "inventory_turnover_ratio": null,
            "account_receivable_turnover_ratio": null,
            "reinvestment_rate": null,
            "research_to_sale_ratio": null,
            "price_fair": 0,
            "eps_avg_yearly": 0,
            "eps_latest_yearly": 0,
            "eps_growth_yearly": 0
        },
        "20031": {
            "year_quarter": 20031,
            "year": 2003,
            "quarter": 1,
            "eps": 0.26,
            "eps_growth_year": null,
            "eps_4q": null,
            "eps_4q_growth_year": null,
            "roe": 1.63,
            "roe_4q": 1.63,
            "gross_profit": 31908,
            "gross_margin": 27.77,
            "gross_margin_4q_avg": 6.94,
            "net_income": 6465,
            "revenue": 114890,
            "common_shares": 247500,
            "book_valuer_per_share": 16.12,
            "book_valuer_per_share_4q_avg": 7.98,
            "equity": 398933,
            "current_ratio": 192.48,
            "debt_ratio": 37.36,
            "inventory_turnover_ratio": 1.02,
            "account_receivable_turnover_ratio": null,
            "reinvestment_rate": null,
            "research_to_sale_ratio": null,
            "price_fair": 0,
            "eps_avg_yearly": 0,
            "eps_latest_yearly": 0,
            "eps_growth_yearly": 0
        },
        "20032": {
            "year_quarter": 20032,
            "year": 2003,
            "quarter": 2,
            "eps": 0.05,
            "eps_growth_year": null,
            "eps_4q": null,
            "eps_4q_growth_year": null,
            "roe": 0.29,
            "roe_4q": 1.92,
            "gross_profit": -9989,
            "gross_margin": -8.24,
            "gross_margin_4q_avg": 4.88,
            "net_income": 1142,
            "revenue": 121175,
            "common_shares": 247500,
            "book_valuer_per_share": 15.9,
            "book_valuer_per_share_4q_avg": 11.96,
            "equity": 393635,
            "current_ratio": 167.88,
            "debt_ratio": 41.29,
            "inventory_turnover_ratio": 12.3,
            "account_receivable_turnover_ratio": null,
            "reinvestment_rate": null,
            "research_to_sale_ratio": null,
            "price_fair": 0.6,
            "eps_avg_yearly": 0.2,
            "eps_latest_yearly": 0.2,
            "eps_growth_yearly": -323.08
        },
        "20033": {
            "year_quarter": 20033,
            "year": 2003,
            "quarter": 3,
            "eps": 1.05,
            "eps_growth_year": null,
            "eps_4q": null,
            "eps_4q_growth_year": null,
            "roe": 7.39,
            "roe_4q": 9.309999999999999,
            "gross_profit": 32734,
            "gross_margin": 21.37,
            "gross_margin_4q_avg": 10.23,
            "net_income": 30040,
            "revenue": 153178,
            "common_shares": 287100,
            "book_valuer_per_share": 14.62,
            "book_valuer_per_share_4q_avg": 15.61,
            "equity": 419881,
            "current_ratio": 161.11,
            "debt_ratio": 42.25,
            "inventory_turnover_ratio": 13.7,
            "account_receivable_turnover_ratio": null,
            "reinvestment_rate": null,
            "research_to_sale_ratio": null,
            "price_fair": 77,
            "eps_avg_yearly": 2.2,
            "eps_latest_yearly": 4.2,
            "eps_growth_yearly": 3838.46
        },
        "20034": {
            "year_quarter": 20034,
            "year": 2003,
            "quarter": 4,
            "eps": 1.28,
            "eps_growth_year": null,
            "eps_4q": 2.57,
            "eps_4q_growth_year": null,
            "roe": 7.74,
            "roe_4q": 17.049999999999997,
            "gross_profit": 88767,
            "gross_margin": 50.52,
            "gross_margin_4q_avg": 22.86,
            "net_income": 37281,
            "revenue": 175707,
            "common_shares": 330165,
            "book_valuer_per_share": 16.47,
            "book_valuer_per_share_4q_avg": 15.78,
            "equity": 543662,
            "current_ratio": 129.36,
            "debt_ratio": 51.88,
            "inventory_turnover_ratio": 1.09,
            "account_receivable_turnover_ratio": null,
            "reinvestment_rate": null,
            "research_to_sale_ratio": null,
            "price_fair": 111.07,
            "eps_avg_yearly": 3.17,
            "eps_latest_yearly": 5.12,
            "eps_growth_yearly": 2588.18
        },
        "20041": {
            "year_quarter": 20041,
            "year": 2004,
            "quarter": 1,
            "eps": 0.91,
            "eps_growth_year": 250,
            "eps_4q": 2.99,
            "eps_4q_growth_year": null,
            "roe": 5.4,
            "roe_4q": 20.82,
            "gross_profit": 50930,
            "gross_margin": 27.42,
            "gross_margin_4q_avg": 22.77,
            "net_income": 30012,
            "revenue": 185749,
            "common_shares": 330165,
            "book_valuer_per_share": 17.22,
            "book_valuer_per_share_4q_avg": 16.05,
            "equity": 568705,
            "current_ratio": 201.13,
            "debt_ratio": 34.24,
            "inventory_turnover_ratio": 1.7,
            "account_receivable_turnover_ratio": null,
            "reinvestment_rate": null,
            "research_to_sale_ratio": null,
            "price_fair": 115.15,
            "eps_avg_yearly": 3.29,
            "eps_latest_yearly": 3.64,
            "eps_growth_yearly": 1912.23
        },
        "20042": {
            "year_quarter": 20042,
            "year": 2004,
            "quarter": 2,
            "eps": 0.93,
            "eps_growth_year": 1760,
            "eps_4q": 3.87,
            "eps_4q_growth_year": null,
            "roe": 5.27,
            "roe_4q": 25.8,
            "gross_profit": 54334,
            "gross_margin": 30.85,
            "gross_margin_4q_avg": 32.54,
            "net_income": 30767,
            "revenue": 176118,
            "common_shares": 330165,
            "book_valuer_per_share": 18.11,
            "book_valuer_per_share_4q_avg": 16.61,
            "equity": 597858,
            "current_ratio": 179.94,
            "debt_ratio": 32.28,
            "inventory_turnover_ratio": 17.41,
            "account_receivable_turnover_ratio": null,
            "reinvestment_rate": null,
            "research_to_sale_ratio": null,
            "price_fair": 118.16,
            "eps_avg_yearly": 3.38,
            "eps_latest_yearly": 3.72,
            "eps_growth_yearly": 1531.54
        },
        "20043": {
            "year_quarter": 20043,
            "year": 2004,
            "quarter": 3,
            "eps": 0.7,
            "eps_growth_year": -33.33,
            "eps_4q": 3.15,
            "eps_4q_growth_year": null,
            "roe": 4.58,
            "roe_4q": 22.990000000000002,
            "gross_profit": 44690,
            "gross_margin": 24.07,
            "gross_margin_4q_avg": 33.22,
            "net_income": 28070,
            "revenue": 185677,
            "common_shares": 330165,
            "book_valuer_per_share": 19.01,
            "book_valuer_per_share_4q_avg": 17.7,
            "equity": 627781,
            "current_ratio": 188.94,
            "debt_ratio": 29.37,
            "inventory_turnover_ratio": 19.82,
            "account_receivable_turnover_ratio": null,
            "reinvestment_rate": null,
            "research_to_sale_ratio": null,
            "price_fair": 114.8,
            "eps_avg_yearly": 3.28,
            "eps_latest_yearly": 2.8,
            "eps_growth_yearly": 1259.8
        },
        "20044": {
            "year_quarter": 20044,
            "year": 2004,
            "quarter": 4,
            "eps": 0.7,
            "eps_growth_year": -45.31,
            "eps_4q": 2.93,
            "eps_4q_growth_year": 13.96,
            "roe": 4.41,
            "roe_4q": 19.66,
            "gross_profit": 57054,
            "gross_margin": 30.72,
            "gross_margin_4q_avg": 28.27,
            "net_income": 27867,
            "revenue": 185724,
            "common_shares": 399398,
            "book_valuer_per_share": 15.95,
            "book_valuer_per_share_4q_avg": 17.57,
            "equity": 636974,
            "current_ratio": 138.19,
            "debt_ratio": 45.55,
            "inventory_turnover_ratio": 1.85,
            "account_receivable_turnover_ratio": null,
            "reinvestment_rate": null,
            "research_to_sale_ratio": null,
            "price_fair": 112.4,
            "eps_avg_yearly": 3.21,
            "eps_latest_yearly": 2.8,
            "eps_growth_yearly": 1079.83
        },
        "20051": {
            "year_quarter": 20051,
            "year": 2005,
            "quarter": 1,
            "eps": 0.41,
            "eps_growth_year": -54.95,
            "eps_4q": 2.6,
            "eps_4q_growth_year": -13.01,
            "roe": 2.53,
            "roe_4q": 16.79,
            "gross_profit": 33688,
            "gross_margin": 20.65,
            "gross_margin_4q_avg": 26.57,
            "net_income": 16251,
            "revenue": 163151,
            "common_shares": 399398,
            "book_valuer_per_share": 16.28,
            "book_valuer_per_share_4q_avg": 17.34,
            "equity": 650174,
            "current_ratio": 200.1,
            "debt_ratio": 28.1,
            "inventory_turnover_ratio": 1.79,
            "account_receivable_turnover_ratio": null,
            "reinvestment_rate": null,
            "research_to_sale_ratio": null,
            "price_fair": 105.53,
            "eps_avg_yearly": 3.02,
            "eps_latest_yearly": 1.64,
            "eps_growth_yearly": 924.13
        },
        "20052": {
            "year_quarter": 20052,
            "year": 2005,
            "quarter": 2,
            "eps": 0.51,
            "eps_growth_year": -45.16,
            "eps_4q": 2.33,
            "eps_4q_growth_year": -39.86,
            "roe": 3.18,
            "roe_4q": 14.700000000000001,
            "gross_profit": 27167,
            "gross_margin": 15.47,
            "gross_margin_4q_avg": 22.73,
            "net_income": 20243,
            "revenue": 175566,
            "common_shares": 399398,
            "book_valuer_per_share": 15.58,
            "book_valuer_per_share_4q_avg": 16.71,
            "equity": 622269,
            "current_ratio": 166.21,
            "debt_ratio": 34.14,
            "inventory_turnover_ratio": 11.77,
            "account_receivable_turnover_ratio": null,
            "reinvestment_rate": null,
            "research_to_sale_ratio": null,
            "price_fair": 101.73,
            "eps_avg_yearly": 2.91,
            "eps_latest_yearly": 2.04,
            "eps_growth_yearly": 832.29
        },
        "20053": {
            "year_quarter": 20053,
            "year": 2005,
            "quarter": 3,
            "eps": 0.72,
            "eps_growth_year": 2.86,
            "eps_4q": 2.16,
            "eps_4q_growth_year": -31.25,
            "roe": 4.95,
            "roe_4q": 15.07,
            "gross_profit": 35078,
            "gross_margin": 18.07,
            "gross_margin_4q_avg": 21.23,
            "net_income": 32123,
            "revenue": 194111,
            "common_shares": 443830,
            "book_valuer_per_share": 15.25,
            "book_valuer_per_share_4q_avg": 15.77,
            "equity": 676901,
            "current_ratio": 162.97,
            "debt_ratio": 35.25,
            "inventory_turnover_ratio": 12.74,
            "account_receivable_turnover_ratio": null,
            "reinvestment_rate": null,
            "research_to_sale_ratio": null,
            "price_fair": 101.64,
            "eps_avg_yearly": 2.9,
            "eps_latest_yearly": 2.88,
            "eps_growth_yearly": 765.53
        },
        "20054": {
            "year_quarter": 20054,
            "year": 2005,
            "quarter": 4,
            "eps": -0.64,
            "eps_growth_year": -191.43,
            "eps_4q": 0.9,
            "eps_4q_growth_year": -69.3,
            "roe": -4.33,
            "roe_4q": 6.33,
            "gross_profit": 37415,
            "gross_margin": 18.47,
            "gross_margin_4q_avg": 18.17,
            "net_income": -28614,
            "revenue": 202554,
            "common_shares": 443830,
            "book_valuer_per_share": 14.52,
            "book_valuer_per_share_4q_avg": 15.41,
            "equity": 644451,
            "current_ratio": 121.39,
            "debt_ratio": 54.27,
            "inventory_turnover_ratio": 2.13,
            "account_receivable_turnover_ratio": null,
            "reinvestment_rate": null,
            "research_to_sale_ratio": null,
            "price_fair": 101.64,
            "eps_avg_yearly": 2.9,
            "eps_latest_yearly": 2.88,
            "eps_growth_yearly": 765.53
        },
        "20061": {
            "year_quarter": 20061,
            "year": 2006,
            "quarter": 1,
            "eps": 0.94,
            "eps_growth_year": 129.27,
            "eps_4q": 1.47,
            "eps_4q_growth_year": -43.23,
            "roe": 6.28,
            "roe_4q": 10.08,
            "gross_profit": 44080,
            "gross_margin": 25.2,
            "gross_margin_4q_avg": 19.3,
            "net_income": 41766,
            "revenue": 174949,
            "common_shares": 443830,
            "book_valuer_per_share": 15.43,
            "book_valuer_per_share_4q_avg": 15.2,
            "equity": 684796,
            "current_ratio": 178.49,
            "debt_ratio": 32.48,
            "inventory_turnover_ratio": 1.82,
            "account_receivable_turnover_ratio": null,
            "reinvestment_rate": null,
            "research_to_sale_ratio": null,
            "price_fair": 101.64,
            "eps_avg_yearly": 2.9,
            "eps_latest_yearly": 2.88,
            "eps_growth_yearly": 765.53
        },
        "20062": {
            "year_quarter": 20062,
            "year": 2006,
            "quarter": 2,
            "eps": 1.26,
            "eps_growth_year": 147.06,
            "eps_4q": 2.28,
            "eps_4q_growth_year": -2.11,
            "roe": 7.92,
            "roe_4q": 14.82,
            "gross_profit": 44358,
            "gross_margin": 26.35,
            "gross_margin_4q_avg": 22.02,
            "net_income": 55951,
            "revenue": 168333,
            "common_shares": 443830,
            "book_valuer_per_share": 16.41,
            "book_valuer_per_share_4q_avg": 15.4,
            "equity": 728522,
            "current_ratio": 194.42,
            "debt_ratio": 29.5,
            "inventory_turnover_ratio": 463.46,
            "account_receivable_turnover_ratio": null,
            "reinvestment_rate": null,
            "research_to_sale_ratio": null,
            "price_fair": 108.44,
            "eps_avg_yearly": 3.1,
            "eps_latest_yearly": 5.04,
            "eps_growth_yearly": 708.32
        },
        "20063": {
            "year_quarter": 20063,
            "year": 2006,
            "quarter": 3,
            "eps": 0.87,
            "eps_growth_year": 20.83,
            "eps_4q": 2.3,
            "eps_4q_growth_year": 6.34,
            "roe": 5.56,
            "roe_4q": 15.430000000000001,
            "gross_profit": 46380,
            "gross_margin": 24.31,
            "gross_margin_4q_avg": 23.58,
            "net_income": 42051,
            "revenue": 190763,
            "common_shares": 482204,
            "book_valuer_per_share": 16.23,
            "book_valuer_per_share_4q_avg": 15.65,
            "equity": 782778,
            "current_ratio": 206.07,
            "debt_ratio": 28.82,
            "inventory_turnover_ratio": 1035,
            "account_receivable_turnover_ratio": null,
            "reinvestment_rate": null,
            "research_to_sale_ratio": null,
            "price_fair": 109.55,
            "eps_avg_yearly": 3.13,
            "eps_latest_yearly": 3.48,
            "eps_growth_yearly": 638.97
        },
        "20064": {
            "year_quarter": 20064,
            "year": 2006,
            "quarter": 4,
            "eps": 0.24,
            "eps_growth_year": null,
            "eps_4q": 3.14,
            "eps_4q_growth_year": 249.25,
            "roe": 1.47,
            "roe_4q": 21.23,
            "gross_profit": 39040,
            "gross_margin": 20.96,
            "gross_margin_4q_avg": 24.21,
            "net_income": 11554,
            "revenue": 186250,
            "common_shares": 482204,
            "book_valuer_per_share": 16.44,
            "book_valuer_per_share_4q_avg": 16.13,
            "equity": 792672,
            "current_ratio": 140.51,
            "debt_ratio": 49.4,
            "inventory_turnover_ratio": 1.83,
            "account_receivable_turnover_ratio": null,
            "reinvestment_rate": 18.77,
            "research_to_sale_ratio": null,
            "price_fair": 103.71,
            "eps_avg_yearly": 2.96,
            "eps_latest_yearly": 0.96,
            "eps_growth_yearly": 567.54
        },
        "20071": {
            "year_quarter": 20071,
            "year": 2007,
            "quarter": 1,
            "eps": 0.72,
            "eps_growth_year": -23.4,
            "eps_4q": 2.98,
            "eps_4q_growth_year": 101.9,
            "roe": 4.29,
            "roe_4q": 19.240000000000002,
            "gross_profit": 35100,
            "gross_margin": 20.95,
            "gross_margin_4q_avg": 23.14,
            "net_income": 34947,
            "revenue": 167555,
            "common_shares": 482204,
            "book_valuer_per_share": 17.37,
            "book_valuer_per_share_4q_avg": 16.61,
            "equity": 837479,
            "current_ratio": 254.25,
            "debt_ratio": 23.85,
            "inventory_turnover_ratio": 1.65,
            "account_receivable_turnover_ratio": null,
            "reinvestment_rate": -10.2,
            "research_to_sale_ratio": null,
            "price_fair": 103.5,
            "eps_avg_yearly": 2.96,
            "eps_latest_yearly": 2.88,
            "eps_growth_yearly": 584.15
        },
        "20072": {
            "year_quarter": 20072,
            "year": 2007,
            "quarter": 2,
            "eps": 0.48,
            "eps_growth_year": -61.9,
            "eps_4q": 2.19,
            "eps_4q_growth_year": -3.8,
            "roe": 3.06,
            "roe_4q": 14.379999999999999,
            "gross_profit": 33139,
            "gross_margin": 23.15,
            "gross_margin_4q_avg": 22.34,
            "net_income": 24813,
            "revenue": 143171,
            "common_shares": 482204,
            "book_valuer_per_share": 16.27,
            "book_valuer_per_share_4q_avg": 16.58,
            "equity": 784357,
            "current_ratio": 210.97,
            "debt_ratio": 27.16,
            "inventory_turnover_ratio": 1038.04,
            "account_receivable_turnover_ratio": null,
            "reinvestment_rate": -9.42,
            "research_to_sale_ratio": null,
            "price_fair": 107.8,
            "eps_avg_yearly": 3.08,
            "eps_latest_yearly": 1.92,
            "eps_growth_yearly": 597.7
        },
        "20073": {
            "year_quarter": 20073,
            "year": 2007,
            "quarter": 3,
            "eps": -0.01,
            "eps_growth_year": -101.15,
            "eps_4q": 1.38,
            "eps_4q_growth_year": -39.97,
            "roe": -0.04,
            "roe_4q": 8.780000000000001,
            "gross_profit": 33945,
            "gross_margin": 24.13,
            "gross_margin_4q_avg": 22.3,
            "net_income": -301,
            "revenue": 140702,
            "common_shares": 514405,
            "book_valuer_per_share": 15.31,
            "book_valuer_per_share_4q_avg": 16.35,
            "equity": 787426,
            "current_ratio": 259.7,
            "debt_ratio": 22.06,
            "inventory_turnover_ratio": 997.73,
            "account_receivable_turnover_ratio": null,
            "reinvestment_rate": -11.73,
            "research_to_sale_ratio": null,
            "price_fair": 104.78,
            "eps_avg_yearly": 2.99,
            "eps_latest_yearly": 1.92,
            "eps_growth_yearly": 28.29
        },
        "20074": {
            "year_quarter": 20074,
            "year": 2007,
            "quarter": 4,
            "eps": 0.11,
            "eps_growth_year": -54.17,
            "eps_4q": 1.26,
            "eps_4q_growth_year": -60,
            "roe": 0.72,
            "roe_4q": 8.030000000000001,
            "gross_profit": 29720,
            "gross_margin": 24.84,
            "gross_margin_4q_avg": 23.27,
            "net_income": 5701,
            "revenue": 119623,
            "common_shares": 514405,
            "book_valuer_per_share": 15.6,
            "book_valuer_per_share_4q_avg": 16.14,
            "equity": 802453,
            "current_ratio": 136.04,
            "debt_ratio": 48.28,
            "inventory_turnover_ratio": 1.1,
            "account_receivable_turnover_ratio": null,
            "reinvestment_rate": 27.07,
            "research_to_sale_ratio": null,
            "price_fair": 93.93,
            "eps_avg_yearly": 2.82,
            "eps_latest_yearly": 1.92,
            "eps_growth_yearly": 23.35
        },
        "20081": {
            "year_quarter": 20081,
            "year": 2008,
            "quarter": 1,
            "eps": -0.48,
            "eps_growth_year": -166.67,
            "eps_4q": 0.1,
            "eps_4q_growth_year": -96.56,
            "roe": -3.17,
            "roe_4q": 0.5699999999999998,
            "gross_profit": 29025,
            "gross_margin": 8.24,
            "gross_margin_4q_avg": 20.09,
            "net_income": -24899,
            "revenue": 352451,
            "common_shares": 514405,
            "book_valuer_per_share": 14.9,
            "book_valuer_per_share_4q_avg": 15.52,
            "equity": 766504,
            "current_ratio": 133.6,
            "debt_ratio": 48.51,
            "inventory_turnover_ratio": 2,
            "account_receivable_turnover_ratio": null,
            "reinvestment_rate": 108.87,
            "research_to_sale_ratio": null,
            "price_fair": 95.96,
            "eps_avg_yearly": 2.74,
            "eps_latest_yearly": 1.92,
            "eps_growth_yearly": 35.98
        },
        "20082": {
            "year_quarter": 20082,
            "year": 2008,
            "quarter": 2,
            "eps": -0.41,
            "eps_growth_year": -185.42,
            "eps_4q": -0.79,
            "eps_4q_growth_year": -135.97,
            "roe": -2.78,
            "roe_4q": -5.27,
            "gross_profit": 17412,
            "gross_margin": 4.94,
            "gross_margin_4q_avg": 15.54,
            "net_income": -21081,
            "revenue": 352257,
            "common_shares": 514405,
            "book_valuer_per_share": 14.59,
            "book_valuer_per_share_4q_avg": 15.1,
            "equity": 750694,
            "current_ratio": 130.57,
            "debt_ratio": 49.04,
            "inventory_turnover_ratio": 1.9,
            "account_receivable_turnover_ratio": null,
            "reinvestment_rate": 126.58,
            "research_to_sale_ratio": null,
            "price_fair": 92.54,
            "eps_avg_yearly": 2.64,
            "eps_latest_yearly": 1.92,
            "eps_growth_yearly": 38.7
        },
        "20083": {
            "year_quarter": 20083,
            "year": 2008,
            "quarter": 3,
            "eps": 0.28,
            "eps_growth_year": null,
            "eps_4q": -0.46,
            "eps_4q_growth_year": -133.15,
            "roe": 1.98,
            "roe_4q": -3.25,
            "gross_profit": 58331,
            "gross_margin": 15.85,
            "gross_margin_4q_avg": 13.47,
            "net_income": 15291,
            "revenue": 368020,
            "common_shares": 541533,
            "book_valuer_per_share": 14.65,
            "book_valuer_per_share_4q_avg": 14.94,
            "equity": 793167,
            "current_ratio": 136.39,
            "debt_ratio": 45.3,
            "inventory_turnover_ratio": 1.7,
            "account_receivable_turnover_ratio": null,
            "reinvestment_rate": 139.8,
            "research_to_sale_ratio": null,
            "price_fair": 91.93,
            "eps_avg_yearly": 2.63,
            "eps_latest_yearly": 1.92,
            "eps_growth_yearly": 53.99
        },
        "20084": {
            "year_quarter": 20084,
            "year": 2008,
            "quarter": 4,
            "eps": -1.13,
            "eps_growth_year": -1127.27,
            "eps_4q": -1.69,
            "eps_4q_growth_year": -234.42,
            "roe": -7.96,
            "roe_4q": -11.93,
            "gross_profit": -45363,
            "gross_margin": -22.9,
            "gross_margin_4q_avg": 1.53,
            "net_income": -60965,
            "revenue": 198062,
            "common_shares": 541533,
            "book_valuer_per_share": 13.64,
            "book_valuer_per_share_4q_avg": 14.45,
            "equity": 738454,
            "current_ratio": 133.82,
            "debt_ratio": 41.3,
            "inventory_turnover_ratio": 1.69,
            "account_receivable_turnover_ratio": 1.02,
            "reinvestment_rate": 50.27,
            "research_to_sale_ratio": null,
            "price_fair": 91.18,
            "eps_avg_yearly": 2.61,
            "eps_latest_yearly": 1.92,
            "eps_growth_yearly": 60.74
        },
        "20091": {
            "year_quarter": 20091,
            "year": 2009,
            "quarter": 1,
            "eps": 0.07,
            "eps_growth_year": null,
            "eps_4q": -1.23,
            "eps_4q_growth_year": -1299.79,
            "roe": 0.48,
            "roe_4q": -8.28,
            "gross_profit": 24665,
            "gross_margin": 12.01,
            "gross_margin_4q_avg": 2.48,
            "net_income": 3597,
            "revenue": 205323,
            "common_shares": 541533,
            "book_valuer_per_share": 13.92,
            "book_valuer_per_share_4q_avg": 14.2,
            "equity": 753912,
            "current_ratio": 136.92,
            "debt_ratio": 39.12,
            "inventory_turnover_ratio": 1.7,
            "account_receivable_turnover_ratio": 0.6,
            "reinvestment_rate": 229.39,
            "research_to_sale_ratio": null,
            "price_fair": 96,
            "eps_avg_yearly": 2.74,
            "eps_latest_yearly": 1.92,
            "eps_growth_yearly": 93.09
        },
        "20092": {
            "year_quarter": 20092,
            "year": 2009,
            "quarter": 2,
            "eps": -0.34,
            "eps_growth_year": null,
            "eps_4q": -1.11,
            "eps_4q_growth_year": null,
            "roe": -2.47,
            "roe_4q": -7.969999999999999,
            "gross_profit": 31050,
            "gross_margin": 13.09,
            "gross_margin_4q_avg": 4.51,
            "net_income": -18263,
            "revenue": 237161,
            "common_shares": 541533,
            "book_valuer_per_share": 13.37,
            "book_valuer_per_share_4q_avg": 13.9,
            "equity": 723951,
            "current_ratio": 138.81,
            "debt_ratio": 38.58,
            "inventory_turnover_ratio": 2.27,
            "account_receivable_turnover_ratio": 0.78,
            "reinvestment_rate": 284.38,
            "research_to_sale_ratio": null,
            "price_fair": 100.1,
            "eps_avg_yearly": 2.86,
            "eps_latest_yearly": 1.92,
            "eps_growth_yearly": 92.35
        },
        "20093": {
            "year_quarter": 20093,
            "year": 2009,
            "quarter": 3,
            "eps": -0.32,
            "eps_growth_year": -214.29,
            "eps_4q": -1.72,
            "eps_4q_growth_year": null,
            "roe": -2.42,
            "roe_4q": -12.370000000000001,
            "gross_profit": 29496,
            "gross_margin": 11.44,
            "gross_margin_4q_avg": 3.41,
            "net_income": -17316,
            "revenue": 257881,
            "common_shares": 541533,
            "book_valuer_per_share": 13.1,
            "book_valuer_per_share_4q_avg": 13.51,
            "equity": 709151,
            "current_ratio": 136,
            "debt_ratio": 41.46,
            "inventory_turnover_ratio": 2.75,
            "account_receivable_turnover_ratio": 0.72,
            "reinvestment_rate": 477.31,
            "research_to_sale_ratio": null,
            "price_fair": 99.96,
            "eps_avg_yearly": 2.86,
            "eps_latest_yearly": 1.92,
            "eps_growth_yearly": 77.87
        },
        "20094": {
            "year_quarter": 20094,
            "year": 2009,
            "quarter": 4,
            "eps": 0.06,
            "eps_growth_year": null,
            "eps_4q": -0.53,
            "eps_4q_growth_year": null,
            "roe": 0.45,
            "roe_4q": -3.9600000000000004,
            "gross_profit": 36951,
            "gross_margin": 16.8,
            "gross_margin_4q_avg": 13.34,
            "net_income": 3155,
            "revenue": 219927,
            "common_shares": 541533,
            "book_valuer_per_share": 12.97,
            "book_valuer_per_share_4q_avg": 13.34,
            "equity": 702361,
            "current_ratio": 148.52,
            "debt_ratio": 35.91,
            "inventory_turnover_ratio": 2.16,
            "account_receivable_turnover_ratio": 1.39,
            "reinvestment_rate": 303.46,
            "research_to_sale_ratio": null,
            "price_fair": 99.96,
            "eps_avg_yearly": 2.86,
            "eps_latest_yearly": 1.92,
            "eps_growth_yearly": 77.87
        },
        "20101": {
            "year_quarter": 20101,
            "year": 2010,
            "quarter": 1,
            "eps": 0.34,
            "eps_growth_year": 385.71,
            "eps_4q": -0.26,
            "eps_4q_growth_year": null,
            "roe": 2.61,
            "roe_4q": -1.83,
            "gross_profit": 60162,
            "gross_margin": 24.94,
            "gross_margin_4q_avg": 16.57,
            "net_income": 18530,
            "revenue": 241195,
            "common_shares": 541533,
            "book_valuer_per_share": 13.28,
            "book_valuer_per_share_4q_avg": 13.18,
            "equity": 718990,
            "current_ratio": 149.97,
            "debt_ratio": 38.56,
            "inventory_turnover_ratio": 1.96,
            "account_receivable_turnover_ratio": 0.68,
            "reinvestment_rate": 864.26,
            "research_to_sale_ratio": 1.57,
            "price_fair": 91.23,
            "eps_avg_yearly": 2.61,
            "eps_latest_yearly": 1.36,
            "eps_growth_yearly": 376.01
        },
        "20102": {
            "year_quarter": 20102,
            "year": 2010,
            "quarter": 2,
            "eps": 0.35,
            "eps_growth_year": null,
            "eps_4q": 0.43,
            "eps_4q_growth_year": null,
            "roe": 2.61,
            "roe_4q": 3.25,
            "gross_profit": 86000,
            "gross_margin": 30.08,
            "gross_margin_4q_avg": 20.82,
            "net_income": 19083,
            "revenue": 285908,
            "common_shares": 541533,
            "book_valuer_per_share": 13.73,
            "book_valuer_per_share_4q_avg": 13.27,
            "equity": 743565,
            "current_ratio": 154.06,
            "debt_ratio": 37.42,
            "inventory_turnover_ratio": 1.81,
            "account_receivable_turnover_ratio": 0.71,
            "reinvestment_rate": 1807.95,
            "research_to_sale_ratio": 5.26,
            "price_fair": 70,
            "eps_avg_yearly": 2,
            "eps_latest_yearly": 1.4,
            "eps_growth_yearly": 355.27
        },
        "20103": {
            "year_quarter": 20103,
            "year": 2010,
            "quarter": 3,
            "eps": 0.33,
            "eps_growth_year": null,
            "eps_4q": 1.08,
            "eps_4q_growth_year": null,
            "roe": 2.37,
            "roe_4q": 8.04,
            "gross_profit": 70181,
            "gross_margin": 25.74,
            "gross_margin_4q_avg": 24.39,
            "net_income": 17792,
            "revenue": 272668,
            "common_shares": 541533,
            "book_valuer_per_share": 13.97,
            "book_valuer_per_share_4q_avg": 13.49,
            "equity": 756748,
            "current_ratio": 150.15,
            "debt_ratio": 39.3,
            "inventory_turnover_ratio": 1.67,
            "account_receivable_turnover_ratio": 0.64,
            "reinvestment_rate": 5859.35,
            "research_to_sale_ratio": 3.12,
            "price_fair": 57.4,
            "eps_avg_yearly": 1.64,
            "eps_latest_yearly": 1.32,
            "eps_growth_yearly": 372.1
        },
        "20104": {
            "year_quarter": 20104,
            "year": 2010,
            "quarter": 4,
            "eps": -0.01,
            "eps_growth_year": -108.59,
            "eps_4q": 1.02,
            "eps_4q_growth_year": null,
            "roe": -0.04,
            "roe_4q": 7.549999999999999,
            "gross_profit": 26059,
            "gross_margin": 11.63,
            "gross_margin_4q_avg": 23.1,
            "net_income": -279,
            "revenue": 224156,
            "common_shares": 541533,
            "book_valuer_per_share": 13.62,
            "book_valuer_per_share_4q_avg": 13.65,
            "equity": 737332,
            "current_ratio": 164.82,
            "debt_ratio": 35.04,
            "inventory_turnover_ratio": 1.81,
            "account_receivable_turnover_ratio": 0.6,
            "reinvestment_rate": null,
            "research_to_sale_ratio": -7.07,
            "price_fair": 62.16,
            "eps_avg_yearly": 1.78,
            "eps_latest_yearly": 1.32,
            "eps_growth_yearly": 504.45
        },
        "20111": {
            "year_quarter": 20111,
            "year": 2011,
            "quarter": 1,
            "eps": 0.11,
            "eps_growth_year": -67.65,
            "eps_4q": 0.79,
            "eps_4q_growth_year": null,
            "roe": 0.81,
            "roe_4q": 5.75,
            "gross_profit": 38537,
            "gross_margin": 17.34,
            "gross_margin_4q_avg": 21.2,
            "net_income": 5981,
            "revenue": 222253,
            "common_shares": 541533,
            "book_valuer_per_share": 13.82,
            "book_valuer_per_share_4q_avg": 13.79,
            "equity": 748487,
            "current_ratio": 169.05,
            "debt_ratio": 33.55,
            "inventory_turnover_ratio": 1.7,
            "account_receivable_turnover_ratio": 0.72,
            "reinvestment_rate": null,
            "research_to_sale_ratio": 1,
            "price_fair": 52.5,
            "eps_avg_yearly": 1.5,
            "eps_latest_yearly": 1.32,
            "eps_growth_yearly": 430.56
        },
        "20112": {
            "year_quarter": 20112,
            "year": 2011,
            "quarter": 2,
            "eps": 0.16,
            "eps_growth_year": -54.47,
            "eps_4q": 0.59,
            "eps_4q_growth_year": 37.22,
            "roe": 1.16,
            "roe_4q": 4.3,
            "gross_profit": 54251,
            "gross_margin": 21.06,
            "gross_margin_4q_avg": 18.94,
            "net_income": 8688,
            "revenue": 257590,
            "common_shares": 541533,
            "book_valuer_per_share": 13.92,
            "book_valuer_per_share_4q_avg": 13.83,
            "equity": 753676,
            "current_ratio": 174.74,
            "debt_ratio": 33.34,
            "inventory_turnover_ratio": 1.7,
            "account_receivable_turnover_ratio": 0.77,
            "reinvestment_rate": null,
            "research_to_sale_ratio": 1.88,
            "price_fair": 41.3,
            "eps_avg_yearly": 1.18,
            "eps_latest_yearly": 0.64,
            "eps_growth_yearly": 509.35
        },
        "20113": {
            "year_quarter": 20113,
            "year": 2011,
            "quarter": 3,
            "eps": 0.42,
            "eps_growth_year": 27.64,
            "eps_4q": 0.69,
            "eps_4q_growth_year": -36.65,
            "roe": 2.91,
            "roe_4q": 4.840000000000001,
            "gross_profit": 36910,
            "gross_margin": 16.56,
            "gross_margin_4q_avg": 16.65,
            "net_income": 22710,
            "revenue": 222877,
            "common_shares": 541533,
            "book_valuer_per_share": 14.89,
            "book_valuer_per_share_4q_avg": 14.06,
            "equity": 806173,
            "current_ratio": 197.99,
            "debt_ratio": 28.78,
            "inventory_turnover_ratio": 1.44,
            "account_receivable_turnover_ratio": 0.65,
            "reinvestment_rate": null,
            "research_to_sale_ratio": -0,
            "price_fair": 44.8,
            "eps_avg_yearly": 1.28,
            "eps_latest_yearly": 1.68,
            "eps_growth_yearly": 537.48
        },
        "20114": {
            "year_quarter": 20114,
            "year": 2011,
            "quarter": 4,
            "eps": 0.04,
            "eps_growth_year": null,
            "eps_4q": 0.73,
            "eps_4q_growth_year": -28.19,
            "roe": 0.27,
            "roe_4q": 5.15,
            "gross_profit": 37831,
            "gross_margin": 15.07,
            "gross_margin_4q_avg": 17.51,
            "net_income": 2209,
            "revenue": 251096,
            "common_shares": 541533,
            "book_valuer_per_share": 14.93,
            "book_valuer_per_share_4q_avg": 14.39,
            "equity": 808686,
            "current_ratio": 194.09,
            "debt_ratio": 30.1,
            "inventory_turnover_ratio": 1.53,
            "account_receivable_turnover_ratio": 0.75,
            "reinvestment_rate": null,
            "research_to_sale_ratio": 1,
            "price_fair": 38.27,
            "eps_avg_yearly": 1.09,
            "eps_latest_yearly": 0.16,
            "eps_growth_yearly": 387.58
        },
        "20121": {
            "year_quarter": 20121,
            "year": 2012,
            "quarter": 1,
            "eps": -0.54,
            "eps_growth_year": -590.91,
            "eps_4q": 0.09,
            "eps_4q_growth_year": -89.13,
            "roe": -3.67,
            "roe_4q": 0.6700000000000002,
            "gross_profit": 6164,
            "gross_margin": 3.08,
            "gross_margin_4q_avg": 13.94,
            "net_income": -28979,
            "revenue": 199949,
            "common_shares": 541533,
            "book_valuer_per_share": 14.22,
            "book_valuer_per_share_4q_avg": 14.49,
            "equity": 770042,
            "current_ratio": 204.43,
            "debt_ratio": 27.07,
            "inventory_turnover_ratio": 1.43,
            "account_receivable_turnover_ratio": 0.65,
            "reinvestment_rate": null,
            "research_to_sale_ratio": 1.05,
            "price_fair": 38.27,
            "eps_avg_yearly": 1.09,
            "eps_latest_yearly": 0.16,
            "eps_growth_yearly": 387.58
        },
        "20122": {
            "year_quarter": 20122,
            "year": 2012,
            "quarter": 2,
            "eps": -0.28,
            "eps_growth_year": -271.85,
            "eps_4q": -0.35,
            "eps_4q_growth_year": -158.89,
            "roe": -1.98,
            "roe_4q": -2.4700000000000006,
            "gross_profit": 18559,
            "gross_margin": 7.23,
            "gross_margin_4q_avg": 10.49,
            "net_income": -15080,
            "revenue": 256830,
            "common_shares": 541533,
            "book_valuer_per_share": 13.89,
            "book_valuer_per_share_4q_avg": 14.48,
            "equity": 752225,
            "current_ratio": 192.13,
            "debt_ratio": 28.61,
            "inventory_turnover_ratio": 1.84,
            "account_receivable_turnover_ratio": 0.95,
            "reinvestment_rate": null,
            "research_to_sale_ratio": 1.88,
            "price_fair": 38.27,
            "eps_avg_yearly": 1.09,
            "eps_latest_yearly": 0.16,
            "eps_growth_yearly": 387.58
        },
        "20123": {
            "year_quarter": 20123,
            "year": 2012,
            "quarter": 3,
            "eps": -0.59,
            "eps_growth_year": -239.73,
            "eps_4q": -1.35,
            "eps_4q_growth_year": -297.22,
            "roe": -4.37,
            "roe_4q": -9.75,
            "gross_profit": -600,
            "gross_margin": -0.46,
            "gross_margin_4q_avg": 6.23,
            "net_income": -32049,
            "revenue": 131733,
            "common_shares": 546948,
            "book_valuer_per_share": 13.04,
            "book_valuer_per_share_4q_avg": 14.02,
            "equity": 713028,
            "current_ratio": 194.22,
            "debt_ratio": 27.49,
            "inventory_turnover_ratio": 1.05,
            "account_receivable_turnover_ratio": 0.52,
            "reinvestment_rate": null,
            "research_to_sale_ratio": -0.33,
            "price_fair": 38.27,
            "eps_avg_yearly": 1.09,
            "eps_latest_yearly": 0.16,
            "eps_growth_yearly": 387.58
        },
        "20124": {
            "year_quarter": 20124,
            "year": 2012,
            "quarter": 4,
            "eps": -1.36,
            "eps_growth_year": -3436.36,
            "eps_4q": -2.75,
            "eps_4q_growth_year": -476.52,
            "roe": -11.01,
            "roe_4q": -21.03,
            "gross_profit": -14168,
            "gross_margin": -7.72,
            "gross_margin_4q_avg": 0.53,
            "net_income": -74438,
            "revenue": 183613,
            "common_shares": 546948,
            "book_valuer_per_share": 11.69,
            "book_valuer_per_share_4q_avg": 13.21,
            "equity": 639144,
            "current_ratio": 188.68,
            "debt_ratio": 27.55,
            "inventory_turnover_ratio": 2,
            "account_receivable_turnover_ratio": 0.82,
            "reinvestment_rate": null,
            "research_to_sale_ratio": -1.24,
            "price_fair": 38.27,
            "eps_avg_yearly": 1.09,
            "eps_latest_yearly": 0.16,
            "eps_growth_yearly": 387.58
        },
        "20131": {
            "year_quarter": 20131,
            "year": 2013,
            "quarter": 1,
            "eps": -0.07,
            "eps_growth_year": null,
            "eps_4q": -2.29,
            "eps_4q_growth_year": -2779.31,
            "roe": -0.57,
            "roe_4q": -17.93,
            "gross_profit": 16832,
            "gross_margin": 10,
            "gross_margin_4q_avg": 2.26,
            "net_income": -3671,
            "revenue": 168278,
            "common_shares": 546948,
            "book_valuer_per_share": 11.73,
            "book_valuer_per_share_4q_avg": 12.59,
            "equity": 641805,
            "current_ratio": 201.48,
            "debt_ratio": 25.61,
            "inventory_turnover_ratio": 1.83,
            "account_receivable_turnover_ratio": 0.81,
            "reinvestment_rate": null,
            "research_to_sale_ratio": 0.98,
            "price_fair": 38.27,
            "eps_avg_yearly": 1.09,
            "eps_latest_yearly": 0.16,
            "eps_growth_yearly": 387.58
        },
        "20132": {
            "year_quarter": 20132,
            "year": 2013,
            "quarter": 2,
            "eps": -0.12,
            "eps_growth_year": null,
            "eps_4q": -2.13,
            "eps_4q_growth_year": null,
            "roe": -1.03,
            "roe_4q": -16.98,
            "gross_profit": 23706,
            "gross_margin": 11.42,
            "gross_margin_4q_avg": 3.31,
            "net_income": -6611,
            "revenue": 207527,
            "common_shares": 546948,
            "book_valuer_per_share": 11.71,
            "book_valuer_per_share_4q_avg": 12.04,
            "equity": 640481,
            "current_ratio": 200.64,
            "debt_ratio": 26.21,
            "inventory_turnover_ratio": 2.19,
            "account_receivable_turnover_ratio": 0.88,
            "reinvestment_rate": null,
            "research_to_sale_ratio": 0.85,
            "price_fair": 38.27,
            "eps_avg_yearly": 1.09,
            "eps_latest_yearly": 0.16,
            "eps_growth_yearly": 387.58
        },
        "20133": {
            "year_quarter": 20133,
            "year": 2013,
            "quarter": 3,
            "eps": -0.43,
            "eps_growth_year": null,
            "eps_4q": -1.98,
            "eps_4q_growth_year": null,
            "roe": -3.73,
            "roe_4q": -16.34,
            "gross_profit": 22800,
            "gross_margin": 11.66,
            "gross_margin_4q_avg": 6.34,
            "net_income": -23414,
            "revenue": 195457,
            "common_shares": 546948,
            "book_valuer_per_share": 11.25,
            "book_valuer_per_share_4q_avg": 11.6,
            "equity": 615232,
            "current_ratio": 217.69,
            "debt_ratio": 23.92,
            "inventory_turnover_ratio": 2.19,
            "account_receivable_turnover_ratio": 0.77,
            "reinvestment_rate": null,
            "research_to_sale_ratio": 0.22,
            "price_fair": 38.27,
            "eps_avg_yearly": 1.09,
            "eps_latest_yearly": 0.16,
            "eps_growth_yearly": 387.58
        },
        "20134": {
            "year_quarter": 20134,
            "year": 2013,
            "quarter": 4,
            "eps": 2.19,
            "eps_growth_year": null,
            "eps_4q": 1.57,
            "eps_4q_growth_year": null,
            "roe": 17.67,
            "roe_4q": 12.340000000000002,
            "gross_profit": 16798,
            "gross_margin": 8.74,
            "gross_margin_4q_avg": 10.46,
            "net_income": 119521,
            "revenue": 192189,
            "common_shares": 546948,
            "book_valuer_per_share": 13.48,
            "book_valuer_per_share_4q_avg": 12.04,
            "equity": 737328,
            "current_ratio": 341.42,
            "debt_ratio": 20.69,
            "inventory_turnover_ratio": 2.03,
            "account_receivable_turnover_ratio": 0.84,
            "reinvestment_rate": -1661.94,
            "research_to_sale_ratio": 1.53,
            "price_fair": 38.27,
            "eps_avg_yearly": 1.09,
            "eps_latest_yearly": 0.16,
            "eps_growth_yearly": 387.58
        },
        "20141": {
            "year_quarter": 20141,
            "year": 2014,
            "quarter": 1,
            "eps": -0.08,
            "eps_growth_year": null,
            "eps_4q": 1.55,
            "eps_4q_growth_year": null,
            "roe": -0.63,
            "roe_4q": 12.280000000000003,
            "gross_profit": 18820,
            "gross_margin": 10.93,
            "gross_margin_4q_avg": 10.69,
            "net_income": -4647,
            "revenue": 172122,
            "common_shares": 546948,
            "book_valuer_per_share": 13.44,
            "book_valuer_per_share_4q_avg": 12.47,
            "equity": 734880,
            "current_ratio": 400.31,
            "debt_ratio": 17.41,
            "inventory_turnover_ratio": 1.47,
            "account_receivable_turnover_ratio": 0.77,
            "reinvestment_rate": -7247.17,
            "research_to_sale_ratio": 0.57,
            "price_fair": 36.4,
            "eps_avg_yearly": 1.04,
            "eps_latest_yearly": 0.16,
            "eps_growth_yearly": 91.76
        },
        "20142": {
            "year_quarter": 20142,
            "year": 2014,
            "quarter": 2,
            "eps": -0.45,
            "eps_growth_year": null,
            "eps_4q": 1.22,
            "eps_4q_growth_year": null,
            "roe": -3.45,
            "roe_4q": 9.860000000000001,
            "gross_profit": 11856,
            "gross_margin": 7.21,
            "gross_margin_4q_avg": 9.64,
            "net_income": -24853,
            "revenue": 164521,
            "common_shares": 546948,
            "book_valuer_per_share": 12.92,
            "book_valuer_per_share_4q_avg": 12.77,
            "equity": 706465,
            "current_ratio": 423.07,
            "debt_ratio": 16.23,
            "inventory_turnover_ratio": 1.44,
            "account_receivable_turnover_ratio": 0.75,
            "reinvestment_rate": null,
            "research_to_sale_ratio": 1.13,
            "price_fair": 33.25,
            "eps_avg_yearly": 0.95,
            "eps_latest_yearly": 0.16,
            "eps_growth_yearly": 111.76
        },
        "20143": {
            "year_quarter": 20143,
            "year": 2014,
            "quarter": 3,
            "eps": -0.18,
            "eps_growth_year": null,
            "eps_4q": 1.47,
            "eps_4q_growth_year": null,
            "roe": -1.37,
            "roe_4q": 12.220000000000002,
            "gross_profit": 17973,
            "gross_margin": 10.2,
            "gross_margin_4q_avg": 9.27,
            "net_income": -9664,
            "revenue": 176273,
            "common_shares": 546948,
            "book_valuer_per_share": 12.8,
            "book_valuer_per_share_4q_avg": 13.16,
            "equity": 700134,
            "current_ratio": 347.58,
            "debt_ratio": 19.71,
            "inventory_turnover_ratio": 1.55,
            "account_receivable_turnover_ratio": 0.81,
            "reinvestment_rate": null,
            "research_to_sale_ratio": 0.62,
            "price_fair": 28.93,
            "eps_avg_yearly": 0.83,
            "eps_latest_yearly": 0.16,
            "eps_growth_yearly": 156.64
        },
        "20144": {
            "year_quarter": 20144,
            "year": 2014,
            "quarter": 4,
            "eps": -0.68,
            "eps_growth_year": -131.28,
            "eps_4q": -1.4,
            "eps_4q_growth_year": -189.19,
            "roe": -5.45,
            "roe_4q": -10.9,
            "gross_profit": -66,
            "gross_margin": -0.05,
            "gross_margin_4q_avg": 7.07,
            "net_income": -37384,
            "revenue": 145835,
            "common_shares": 546948,
            "book_valuer_per_share": 12.26,
            "book_valuer_per_share_4q_avg": 12.86,
            "equity": 670736,
            "current_ratio": 338.19,
            "debt_ratio": 20.12,
            "inventory_turnover_ratio": 1.35,
            "account_receivable_turnover_ratio": 0.68,
            "reinvestment_rate": null,
            "research_to_sale_ratio": 0.88,
            "price_fair": 28.93,
            "eps_avg_yearly": 0.83,
            "eps_latest_yearly": 0.16,
            "eps_growth_yearly": 156.64
        },
        "20151": {
            "year_quarter": 20151,
            "year": 2015,
            "quarter": 1,
            "eps": -1.09,
            "eps_growth_year": null,
            "eps_4q": -2.4,
            "eps_4q_growth_year": -254.74,
            "roe": -9.28,
            "roe_4q": -19.55,
            "gross_profit": -2365,
            "gross_margin": -1.75,
            "gross_margin_4q_avg": 3.9,
            "net_income": -59395,
            "revenue": 135249,
            "common_shares": 546948,
            "book_valuer_per_share": 11.13,
            "book_valuer_per_share_4q_avg": 12.28,
            "equity": 608750,
            "current_ratio": 300.4,
            "debt_ratio": 21.06,
            "inventory_turnover_ratio": 1.34,
            "account_receivable_turnover_ratio": 0.72,
            "reinvestment_rate": null,
            "research_to_sale_ratio": 0.99,
            "price_fair": 28.93,
            "eps_avg_yearly": 0.83,
            "eps_latest_yearly": 0.16,
            "eps_growth_yearly": 156.64
        },
        "20152": {
            "year_quarter": 20152,
            "year": 2015,
            "quarter": 2,
            "eps": -0.51,
            "eps_growth_year": null,
            "eps_4q": -2.45,
            "eps_4q_growth_year": -301.28,
            "roe": -4.65,
            "roe_4q": -20.75,
            "gross_profit": 12981,
            "gross_margin": 6.37,
            "gross_margin_4q_avg": 3.69,
            "net_income": -27625,
            "revenue": 203763,
            "common_shares": 546948,
            "book_valuer_per_share": 10.6,
            "book_valuer_per_share_4q_avg": 11.7,
            "equity": 579515,
            "current_ratio": 227.95,
            "debt_ratio": 28.95,
            "inventory_turnover_ratio": 2.02,
            "account_receivable_turnover_ratio": 1.02,
            "reinvestment_rate": null,
            "research_to_sale_ratio": 0.66,
            "price_fair": 32.2,
            "eps_avg_yearly": 0.92,
            "eps_latest_yearly": 0.16,
            "eps_growth_yearly": 144.05
        },
        "20153": {
            "year_quarter": 20153,
            "year": 2015,
            "quarter": 3,
            "eps": -0.13,
            "eps_growth_year": null,
            "eps_4q": -2.4,
            "eps_4q_growth_year": -263.33,
            "roe": -1.18,
            "roe_4q": -20.56,
            "gross_profit": 26329,
            "gross_margin": 11.67,
            "gross_margin_4q_avg": 4.06,
            "net_income": -6842,
            "revenue": 225590,
            "common_shares": 546948,
            "book_valuer_per_share": 10.58,
            "book_valuer_per_share_4q_avg": 11.14,
            "equity": 578544,
            "current_ratio": 181.73,
            "debt_ratio": 39.1,
            "inventory_turnover_ratio": 1.35,
            "account_receivable_turnover_ratio": 0.89,
            "reinvestment_rate": null,
            "research_to_sale_ratio": 0.58,
            "price_fair": 0.48,
            "eps_avg_yearly": 0.16,
            "eps_latest_yearly": 0.16,
            "eps_growth_yearly": -361.9
        },
        "20154": {
            "year_quarter": 20154,
            "year": 2015,
            "quarter": 4,
            "eps": -0.74,
            "eps_growth_year": null,
            "eps_4q": -2.46,
            "eps_4q_growth_year": null,
            "roe": -7.33,
            "roe_4q": -22.439999999999998,
            "gross_profit": -8836,
            "gross_margin": -30.32,
            "gross_margin_4q_avg": -3.51,
            "net_income": -40638,
            "revenue": 29139,
            "common_shares": 546948,
            "book_valuer_per_share": 9.71,
            "book_valuer_per_share_4q_avg": 10.51,
            "equity": 530978,
            "current_ratio": 204.47,
            "debt_ratio": 31.63,
            "inventory_turnover_ratio": 0.27,
            "account_receivable_turnover_ratio": 0.13,
            "reinvestment_rate": null,
            "research_to_sale_ratio": 3.7,
            "price_fair": 0,
            "eps_avg_yearly": 0,
            "eps_latest_yearly": 0,
            "eps_growth_yearly": 0
        },
        "20161": {
            "year_quarter": 20161,
            "year": 2016,
            "quarter": 1,
            "eps": -0.59,
            "eps_growth_year": null,
            "eps_4q": -1.96,
            "eps_4q_growth_year": null,
            "roe": -6.29,
            "roe_4q": -19.450000000000003,
            "gross_profit": 5639,
            "gross_margin": 4.77,
            "gross_margin_4q_avg": -1.88,
            "net_income": -32266,
            "revenue": 118286,
            "common_shares": 546948,
            "book_valuer_per_share": 9.04,
            "book_valuer_per_share_4q_avg": 9.98,
            "equity": 494704,
            "current_ratio": 197.79,
            "debt_ratio": 31.66,
            "inventory_turnover_ratio": 1.32,
            "account_receivable_turnover_ratio": 0.78,
            "reinvestment_rate": null,
            "research_to_sale_ratio": 0.69,
            "price_fair": 0,
            "eps_avg_yearly": 0,
            "eps_latest_yearly": 0,
            "eps_growth_yearly": 0
        },
        "20162": {
            "year_quarter": 20162,
            "year": 2016,
            "quarter": 2,
            "eps": -0.76,
            "eps_growth_year": null,
            "eps_4q": -2.22,
            "eps_4q_growth_year": null,
            "roe": -8.83,
            "roe_4q": -23.630000000000003,
            "gross_profit": 12200,
            "gross_margin": 8.24,
            "gross_margin_4q_avg": -1.41,
            "net_income": -41566,
            "revenue": 148055,
            "common_shares": 546948,
            "book_valuer_per_share": 8.18,
            "book_valuer_per_share_4q_avg": 9.38,
            "equity": 447180,
            "current_ratio": 175.26,
            "debt_ratio": 35.95,
            "inventory_turnover_ratio": 1.44,
            "account_receivable_turnover_ratio": 0.95,
            "reinvestment_rate": null,
            "research_to_sale_ratio": 0.57,
            "price_fair": 0,
            "eps_avg_yearly": 0,
            "eps_latest_yearly": 0,
            "eps_growth_yearly": 0
        },
        "20163": {
            "year_quarter": 20163,
            "year": 2016,
            "quarter": 3,
            "eps": -2.31,
            "eps_growth_year": null,
            "eps_4q": -4.41,
            "eps_4q_growth_year": null,
            "roe": -33.17,
            "roe_4q": -55.62,
            "gross_profit": 17487,
            "gross_margin": 12.93,
            "gross_margin_4q_avg": -1.1,
            "net_income": -126612,
            "revenue": 135196,
            "common_shares": 546948,
            "book_valuer_per_share": 5.78,
            "book_valuer_per_share_4q_avg": 8.18,
            "equity": 316240,
            "current_ratio": 203.92,
            "debt_ratio": 38.92,
            "inventory_turnover_ratio": 1.75,
            "account_receivable_turnover_ratio": 1.08,
            "reinvestment_rate": null,
            "research_to_sale_ratio": 0.4,
            "price_fair": 0,
            "eps_avg_yearly": 0,
            "eps_latest_yearly": 0,
            "eps_growth_yearly": 0
        },
        "20164": {
            "year_quarter": 20164,
            "year": 2016,
            "quarter": 4,
            "eps": -0.7,
            "eps_growth_year": null,
            "eps_4q": -4.37,
            "eps_4q_growth_year": null,
            "roe": -12.96,
            "roe_4q": -61.25,
            "gross_profit": 1630,
            "gross_margin": -1.52,
            "gross_margin_4q_avg": 6.11,
            "net_income": -38354,
            "revenue": -107468,
            "common_shares": 546948,
            "book_valuer_per_share": 5.04,
            "book_valuer_per_share_4q_avg": 7.01,
            "equity": 275663,
            "current_ratio": 187.66,
            "debt_ratio": 41.21,
            "inventory_turnover_ratio": -2.96,
            "account_receivable_turnover_ratio": -1.32,
            "reinvestment_rate": null,
            "research_to_sale_ratio": -0.07,
            "price_fair": 0,
            "eps_avg_yearly": 0,
            "eps_latest_yearly": 0,
            "eps_growth_yearly": 0
        },
        "20171": {
            "year_quarter": 20171,
            "year": 2017,
            "quarter": 1,
            "eps": -0.14,
            "eps_growth_year": null,
            "eps_4q": -3.78,
            "eps_4q_growth_year": null,
            "roe": -2.8,
            "roe_4q": -57.760000000000005,
            "gross_profit": 8421,
            "gross_margin": 16.28,
            "gross_margin_4q_avg": 8.98,
            "net_income": -7801,
            "revenue": 51713,
            "common_shares": 546948,
            "book_valuer_per_share": 5.03,
            "book_valuer_per_share_4q_avg": 6.01,
            "equity": 281986,
            "current_ratio": 220.94,
            "debt_ratio": 34.93,
            "inventory_turnover_ratio": 1.27,
            "account_receivable_turnover_ratio": 0.73,
            "reinvestment_rate": null,
            "research_to_sale_ratio": 1.01,
            "price_fair": 0,
            "eps_avg_yearly": 0,
            "eps_latest_yearly": 0,
            "eps_growth_yearly": 0
        },
        "20172": {
            "year_quarter": 20172,
            "year": 2017,
            "quarter": 2,
            "eps": -0.24,
            "eps_growth_year": null,
            "eps_4q": -3.26,
            "eps_4q_growth_year": null,
            "roe": -4.84,
            "roe_4q": -53.77,
            "gross_profit": 9483,
            "gross_margin": 16.12,
            "gross_margin_4q_avg": 10.95,
            "net_income": -13747,
            "revenue": 58818,
            "common_shares": 571948,
            "book_valuer_per_share": 5.01,
            "book_valuer_per_share_4q_avg": 5.22,
            "equity": 286480,
            "current_ratio": 220.55,
            "debt_ratio": 34.78,
            "inventory_turnover_ratio": 1.48,
            "account_receivable_turnover_ratio": 0.9,
            "reinvestment_rate": null,
            "research_to_sale_ratio": 0.84,
            "price_fair": 0,
            "eps_avg_yearly": 0,
            "eps_latest_yearly": 0,
            "eps_growth_yearly": 0
        },
        "20173": {
            "year_quarter": 20173,
            "year": 2017,
            "quarter": 3,
            "eps": -0.03,
            "eps_growth_year": null,
            "eps_4q": -1.07,
            "eps_4q_growth_year": null,
            "roe": -0.52,
            "roe_4q": -21.12,
            "gross_profit": 11690,
            "gross_margin": 16.77,
            "gross_margin_4q_avg": 11.91,
            "net_income": -1501,
            "revenue": 69696,
            "common_shares": 571948,
            "book_valuer_per_share": 5.01,
            "book_valuer_per_share_4q_avg": 5.02,
            "equity": 286608,
            "current_ratio": 227.14,
            "debt_ratio": 37.14,
            "inventory_turnover_ratio": 2,
            "account_receivable_turnover_ratio": 0.93,
            "reinvestment_rate": null,
            "research_to_sale_ratio": 0.76,
            "price_fair": 0,
            "eps_avg_yearly": 0,
            "eps_latest_yearly": 0,
            "eps_growth_yearly": 0
        },
        "20174": {
            "year_quarter": 20174,
            "year": 2017,
            "quarter": 4,
            "eps": 0.68,
            "eps_growth_year": null,
            "eps_4q": 0.28,
            "eps_4q_growth_year": null,
            "roe": 12.73,
            "roe_4q": 4.570000000000001,
            "gross_profit": 10519,
            "gross_margin": 17.25,
            "gross_margin_4q_avg": 16.61,
            "net_income": 39054,
            "revenue": 60971,
            "common_shares": 571948,
            "book_valuer_per_share": 5.72,
            "book_valuer_per_share_4q_avg": 5.19,
            "equity": 326869,
            "current_ratio": 373.89,
            "debt_ratio": 22.44,
            "inventory_turnover_ratio": 1.67,
            "account_receivable_turnover_ratio": 0.78,
            "reinvestment_rate": null,
            "research_to_sale_ratio": 3.55,
            "price_fair": 0,
            "eps_avg_yearly": 0,
            "eps_latest_yearly": 0,
            "eps_growth_yearly": 0
        },
        "20181": {
            "year_quarter": 20181,
            "year": 2018,
            "quarter": 1,
            "eps": -0.45,
            "eps_growth_year": null,
            "eps_4q": -0.03,
            "eps_4q_growth_year": null,
            "roe": -8.07,
            "roe_4q": -0.6999999999999993,
            "gross_profit": 6769,
            "gross_margin": 10.67,
            "gross_margin_4q_avg": 15.2,
            "net_income": -25458,
            "revenue": 63417,
            "common_shares": 571948,
            "book_valuer_per_share": 5.31,
            "book_valuer_per_share_4q_avg": 5.26,
            "equity": 303917,
            "current_ratio": 352.74,
            "debt_ratio": 23.47,
            "inventory_turnover_ratio": 1.57,
            "account_receivable_turnover_ratio": 0.85,
            "reinvestment_rate": null,
            "research_to_sale_ratio": 7.4,
            "price_fair": 0,
            "eps_avg_yearly": 0,
            "eps_latest_yearly": 0,
            "eps_growth_yearly": 0
        },
        "20182": {
            "year_quarter": 20182,
            "year": 2018,
            "quarter": 2,
            "eps": 0.14,
            "eps_growth_year": null,
            "eps_4q": 0.35,
            "eps_4q_growth_year": null,
            "roe": 2.58,
            "roe_4q": 6.720000000000001,
            "gross_profit": 6241,
            "gross_margin": 9.76,
            "gross_margin_4q_avg": 13.61,
            "net_income": 7915,
            "revenue": 63933,
            "common_shares": 571948,
            "book_valuer_per_share": 5.43,
            "book_valuer_per_share_4q_avg": 5.37,
            "equity": 310353,
            "current_ratio": 319.1,
            "debt_ratio": 25.96,
            "inventory_turnover_ratio": 1.68,
            "account_receivable_turnover_ratio": 0.82,
            "reinvestment_rate": null,
            "research_to_sale_ratio": 6.58,
            "price_fair": 0,
            "eps_avg_yearly": 0,
            "eps_latest_yearly": 0,
            "eps_growth_yearly": 0
        },
        "20183": {
            "year_quarter": 20183,
            "year": 2018,
            "quarter": 3,
            "eps": -0.16,
            "eps_growth_year": null,
            "eps_4q": 0.22,
            "eps_4q_growth_year": null,
            "roe": -2.93,
            "roe_4q": 4.3100000000000005,
            "gross_profit": 21378,
            "gross_margin": 27.4,
            "gross_margin_4q_avg": 16.27,
            "net_income": -8884,
            "revenue": 78033,
            "common_shares": 571948,
            "book_valuer_per_share": 5.17,
            "book_valuer_per_share_4q_avg": 5.41,
            "equity": 295578,
            "current_ratio": 285.52,
            "debt_ratio": 26.4,
            "inventory_turnover_ratio": 1.74,
            "account_receivable_turnover_ratio": 0.98,
            "reinvestment_rate": null,
            "research_to_sale_ratio": 10.11,
            "price_fair": 0,
            "eps_avg_yearly": 0,
            "eps_latest_yearly": 0,
            "eps_growth_yearly": 0
        },
        "20184": {
            "year_quarter": 20184,
            "year": 2018,
            "quarter": 4,
            "eps": -0.16,
            "eps_growth_year": -124.13,
            "eps_4q": -0.63,
            "eps_4q_growth_year": -324,
            "roe": -3.23,
            "roe_4q": -11.65,
            "gross_profit": 20010,
            "gross_margin": 16.86,
            "gross_margin_4q_avg": 16.17,
            "net_income": -9425,
            "revenue": 118708,
            "common_shares": 571948,
            "book_valuer_per_share": 5.03,
            "book_valuer_per_share_4q_avg": 5.24,
            "equity": 287613,
            "current_ratio": 181.05,
            "debt_ratio": 45.32,
            "inventory_turnover_ratio": 2.97,
            "account_receivable_turnover_ratio": 1.23,
            "reinvestment_rate": null,
            "research_to_sale_ratio": 4.64,
            "price_fair": 0,
            "eps_avg_yearly": 0,
            "eps_latest_yearly": 0,
            "eps_growth_yearly": 0
        },
        "20191": {
            "year_quarter": 20191,
            "year": 2019,
            "quarter": 1,
            "eps": -0.09,
            "eps_growth_year": null,
            "eps_4q": -0.28,
            "eps_4q_growth_year": null,
            "roe": -1.87,
            "roe_4q": -5.449999999999999,
            "gross_profit": 21399,
            "gross_margin": 22.34,
            "gross_margin_4q_avg": 19.09,
            "net_income": -5371,
            "revenue": 95768,
            "common_shares": 571948,
            "book_valuer_per_share": 5,
            "book_valuer_per_share_4q_avg": 5.16,
            "equity": 286175,
            "current_ratio": 169.49,
            "debt_ratio": 61.17,
            "inventory_turnover_ratio": 1.57,
            "account_receivable_turnover_ratio": 0.75,
            "reinvestment_rate": null,
            "research_to_sale_ratio": 0.59,
            "price_fair": 0,
            "eps_avg_yearly": 0,
            "eps_latest_yearly": 0,
            "eps_growth_yearly": 0
        },
        "20192": {
            "year_quarter": 20192,
            "year": 2019,
            "quarter": 2,
            "eps": -1.15,
            "eps_growth_year": -921.43,
            "eps_4q": -1.57,
            "eps_4q_growth_year": -547.46,
            "roe": -26.08,
            "roe_4q": -34.11,
            "gross_profit": -9922,
            "gross_margin": -11.05,
            "gross_margin_4q_avg": 13.89,
            "net_income": -65856,
            "revenue": 89804,
            "common_shares": 571948,
            "book_valuer_per_share": 3.83,
            "book_valuer_per_share_4q_avg": 4.76,
            "equity": 218776,
            "current_ratio": 114.15,
            "debt_ratio": 74.53,
            "inventory_turnover_ratio": 1.59,
            "account_receivable_turnover_ratio": 0.77,
            "reinvestment_rate": null,
            "research_to_sale_ratio": 11.12,
            "price_fair": 0,
            "eps_avg_yearly": 0,
            "eps_latest_yearly": 0,
            "eps_growth_yearly": 0
        },
        "20193": {
            "year_quarter": 20193,
            "year": 2019,
            "quarter": 3,
            "eps": 3.04,
            "eps_growth_year": null,
            "eps_4q": 1.63,
            "eps_4q_growth_year": 638.34,
            "roe": 55.68,
            "roe_4q": 24.5,
            "gross_profit": -16850,
            "gross_margin": -24.99,
            "gross_margin_4q_avg": 0.79,
            "net_income": 173882,
            "revenue": 67418,
            "common_shares": 571948,
            "book_valuer_per_share": 7.09,
            "book_valuer_per_share_4q_avg": 5.24,
            "equity": 405767,
            "current_ratio": 316.33,
            "debt_ratio": 42.83,
            "inventory_turnover_ratio": 1.29,
            "account_receivable_turnover_ratio": 0.85,
            "reinvestment_rate": null,
            "research_to_sale_ratio": 15.86,
            "price_fair": 0,
            "eps_avg_yearly": 0,
            "eps_latest_yearly": 0,
            "eps_growth_yearly": 0
        },
        "20194": {
            "year_quarter": 20194,
            "year": 2019,
            "quarter": 4,
            "eps": -1.03,
            "eps_growth_year": null,
            "eps_4q": 0.76,
            "eps_4q_growth_year": null,
            "roe": -15.74,
            "roe_4q": 11.989999999999998,
            "gross_profit": -6230,
            "gross_margin": -9.05,
            "gross_margin_4q_avg": -5.69,
            "net_income": -58959,
            "revenue": 68847,
            "common_shares": 571948,
            "book_valuer_per_share": 6.01,
            "book_valuer_per_share_4q_avg": 5.48,
            "equity": 343559,
            "current_ratio": 235.37,
            "debt_ratio": 50.1,
            "inventory_turnover_ratio": 1.04,
            "account_receivable_turnover_ratio": 1.03,
            "reinvestment_rate": null,
            "research_to_sale_ratio": -2.22,
            "price_fair": 0,
            "eps_avg_yearly": 0,
            "eps_latest_yearly": 0,
            "eps_growth_yearly": 0
        },
        "20201": {
            "year_quarter": 20201,
            "year": 2020,
            "quarter": 1,
            "eps": -0.17,
            "eps_growth_year": null,
            "eps_4q": 0.69,
            "eps_4q_growth_year": null,
            "roe": -2.84,
            "roe_4q": 11.020000000000003,
            "gross_profit": 4903,
            "gross_margin": 9.72,
            "gross_margin_4q_avg": -8.84,
            "net_income": -9618,
            "revenue": 50463,
            "common_shares": 571948,
            "book_valuer_per_share": 5.85,
            "book_valuer_per_share_4q_avg": 5.7,
            "equity": 334323,
            "current_ratio": 280.38,
            "debt_ratio": 47.04,
            "inventory_turnover_ratio": 0.61,
            "account_receivable_turnover_ratio": 0.79,
            "reinvestment_rate": null,
            "research_to_sale_ratio": 7.51,
            "price_fair": 0,
            "eps_avg_yearly": 0,
            "eps_latest_yearly": 0,
            "eps_growth_yearly": 0
        },
        "20202": {
            "year_quarter": 20202,
            "year": 2020,
            "quarter": 2,
            "eps": -0.37,
            "eps_growth_year": null,
            "eps_4q": 1.48,
            "eps_4q_growth_year": null,
            "roe": -6.47,
            "roe_4q": 30.630000000000003,
            "gross_profit": 15416,
            "gross_margin": 23.4,
            "gross_margin_4q_avg": -0.23,
            "net_income": -20937,
            "revenue": 65872,
            "common_shares": 571948,
            "book_valuer_per_share": 5.47,
            "book_valuer_per_share_4q_avg": 6.11,
            "equity": 312679,
            "current_ratio": 285.74,
            "debt_ratio": 46.49,
            "inventory_turnover_ratio": 0.69,
            "account_receivable_turnover_ratio": 1.08,
            "reinvestment_rate": null,
            "research_to_sale_ratio": 6.12,
            "price_fair": 0,
            "eps_avg_yearly": 0,
            "eps_latest_yearly": 0,
            "eps_growth_yearly": 0
        },
        "20203": {
            "year_quarter": 20203,
            "year": 2020,
            "quarter": 3,
            "eps": -0.76,
            "eps_growth_year": -125,
            "eps_4q": -2.32,
            "eps_4q_growth_year": -242.6,
            "roe": -14.96,
            "roe_4q": -40.01,
            "gross_profit": 4806,
            "gross_margin": 8.41,
            "gross_margin_4q_avg": 8.12,
            "net_income": -43434,
            "revenue": 57120,
            "common_shares": 571948,
            "book_valuer_per_share": 4.69,
            "book_valuer_per_share_4q_avg": 5.51,
            "equity": 268084,
            "current_ratio": 264.95,
            "debt_ratio": 49.73,
            "inventory_turnover_ratio": 0.76,
            "account_receivable_turnover_ratio": 0.9,
            "reinvestment_rate": null,
            "research_to_sale_ratio": 7.37,
            "price_fair": 0,
            "eps_avg_yearly": 0,
            "eps_latest_yearly": 0,
            "eps_growth_yearly": 0
        },
        "20204": {
            "year_quarter": 20204,
            "year": 2020,
            "quarter": 4,
            "eps": -1.83,
            "eps_growth_year": null,
            "eps_4q": -3.12,
            "eps_4q_growth_year": -508.56,
            "roe": -48.85,
            "roe_4q": -73.12,
            "gross_profit": 10523,
            "gross_margin": 15.85,
            "gross_margin_4q_avg": 14.35,
            "net_income": -104535,
            "revenue": 66400,
            "common_shares": 571948,
            "book_valuer_per_share": 2.8,
            "book_valuer_per_share_4q_avg": 4.7,
            "equity": 159899,
            "current_ratio": 169.36,
            "debt_ratio": 63.49,
            "inventory_turnover_ratio": 1.21,
            "account_receivable_turnover_ratio": 0.98,
            "reinvestment_rate": null,
            "research_to_sale_ratio": 17.44,
            "price_fair": 0,
            "eps_avg_yearly": 0,
            "eps_latest_yearly": 0,
            "eps_growth_yearly": 0
        },
        "20211": {
            "year_quarter": 20211,
            "year": 2021,
            "quarter": 1,
            "eps": -0.47,
            "eps_growth_year": null,
            "eps_4q": -3.42,
            "eps_4q_growth_year": -595.59,
            "roe": -18.08,
            "roe_4q": -88.36000000000001,
            "gross_profit": 11029,
            "gross_margin": 18.65,
            "gross_margin_4q_avg": 16.58,
            "net_income": -26600,
            "revenue": 59142,
            "common_shares": 571948,
            "book_valuer_per_share": 2.35,
            "book_valuer_per_share_4q_avg": 3.83,
            "equity": 134293,
            "current_ratio": 145.63,
            "debt_ratio": 68.49,
            "inventory_turnover_ratio": 1.55,
            "account_receivable_turnover_ratio": 0.88,
            "reinvestment_rate": null,
            "research_to_sale_ratio": 11.22,
            "price_fair": 0,
            "eps_avg_yearly": 0,
            "eps_latest_yearly": 0,
            "eps_growth_yearly": 0
        },
        "20212": {
            "year_quarter": 20212,
            "year": 2021,
            "quarter": 2,
            "eps": 0.03,
            "eps_growth_year": null,
            "eps_4q": -3.02,
            "eps_4q_growth_year": -304.59,
            "roe": 1.45,
            "roe_4q": -80.44,
            "gross_profit": 28191,
            "gross_margin": 34.78,
            "gross_margin_4q_avg": 19.42,
            "net_income": 1957,
            "revenue": 81045,
            "common_shares": 571948,
            "book_valuer_per_share": 2.38,
            "book_valuer_per_share_4q_avg": 3.06,
            "equity": 136224,
            "current_ratio": 156.18,
            "debt_ratio": 54.09,
            "inventory_turnover_ratio": 1.42,
            "account_receivable_turnover_ratio": 1.23,
            "reinvestment_rate": null,
            "research_to_sale_ratio": 4.13,
            "price_fair": 0,
            "eps_avg_yearly": 0,
            "eps_latest_yearly": 0,
            "eps_growth_yearly": 0
        },
        "20213": {
            "year_quarter": 20213,
            "year": 2021,
            "quarter": 3,
            "eps": -0.02,
            "eps_growth_year": null,
            "eps_4q": -2.28,
            "eps_4q_growth_year": null,
            "roe": -0.76,
            "roe_4q": -66.24,
            "gross_profit": 15126,
            "gross_margin": 20.95,
            "gross_margin_4q_avg": 22.56,
            "net_income": -1027,
            "revenue": 72211,
            "common_shares": 571948,
            "book_valuer_per_share": 2.37,
            "book_valuer_per_share_4q_avg": 2.48,
            "equity": 135308,
            "current_ratio": 176.95,
            "debt_ratio": 55.92,
            "inventory_turnover_ratio": 1.49,
            "account_receivable_turnover_ratio": 1.02,
            "reinvestment_rate": null,
            "research_to_sale_ratio": 2.28,
            "price_fair": 0,
            "eps_avg_yearly": 0,
            "eps_latest_yearly": 0,
            "eps_growth_yearly": 0
        },
        "20214": {
            "year_quarter": 20214,
            "year": 2021,
            "quarter": 4,
            "eps": -0.14,
            "eps_growth_year": null,
            "eps_4q": -0.59,
            "eps_4q_growth_year": null,
            "roe": -6.28,
            "roe_4q": -23.669999999999998,
            "gross_profit": 20772,
            "gross_margin": 26.47,
            "gross_margin_4q_avg": 25.21,
            "net_income": -8188,
            "revenue": 78467,
            "common_shares": 571948,
            "book_valuer_per_share": 2.19,
            "book_valuer_per_share_4q_avg": 2.32,
            "equity": 125404,
            "current_ratio": 168.22,
            "debt_ratio": 57.53,
            "inventory_turnover_ratio": 1.49,
            "account_receivable_turnover_ratio": 1.09,
            "reinvestment_rate": null,
            "research_to_sale_ratio": 4.56,
            "price_fair": 0,
            "eps_avg_yearly": 0,
            "eps_latest_yearly": 0,
            "eps_growth_yearly": 0
        },
        "20221": {
            "year_quarter": 20221,
            "year": 2022,
            "quarter": 1,
            "eps": -0.07,
            "eps_growth_year": null,
            "eps_4q": -0.15,
            "eps_4q_growth_year": null,
            "roe": -2.74,
            "roe_4q": -8.33,
            "gross_profit": 10235,
            "gross_margin": 18.07,
            "gross_margin_4q_avg": 25.07,
            "net_income": -5882,
            "revenue": 56631,
            "common_shares": 871948,
            "book_valuer_per_share": 3.49,
            "book_valuer_per_share_4q_avg": 2.61,
            "equity": 304277,
            "current_ratio": 314.59,
            "debt_ratio": 34.84,
            "inventory_turnover_ratio": 1.24,
            "account_receivable_turnover_ratio": 0.84,
            "reinvestment_rate": null,
            "research_to_sale_ratio": 2.67,
            "price_fair": 0,
            "eps_avg_yearly": 0,
            "eps_latest_yearly": 0,
            "eps_growth_yearly": 0
        },
        "20222": {
            "year_quarter": 20222,
            "year": 2022,
            "quarter": 2,
            "eps": 0.04,
            "eps_growth_year": 33.33,
            "eps_4q": -0.13,
            "eps_4q_growth_year": null,
            "roe": 1.14,
            "roe_4q": -8.64,
            "gross_profit": 18390,
            "gross_margin": 30.27,
            "gross_margin_4q_avg": 23.94,
            "net_income": 3479,
            "revenue": 60762,
            "common_shares": 871948,
            "book_valuer_per_share": 3.53,
            "book_valuer_per_share_4q_avg": 2.9,
            "equity": 307468,
            "current_ratio": 332.64,
            "debt_ratio": 32.32,
            "inventory_turnover_ratio": 1.07,
            "account_receivable_turnover_ratio": 1.05,
            "reinvestment_rate": null,
            "research_to_sale_ratio": 4.32,
            "price_fair": 0,
            "eps_avg_yearly": 0,
            "eps_latest_yearly": 0,
            "eps_growth_yearly": 0
        },
        "20223": {
            "year_quarter": 20223,
            "year": 2022,
            "quarter": 3,
            "eps": -0.01,
            "eps_growth_year": null,
            "eps_4q": -0.14,
            "eps_4q_growth_year": null,
            "roe": -0.4,
            "roe_4q": -8.280000000000001,
            "gross_profit": 11198,
            "gross_margin": 21.46,
            "gross_margin_4q_avg": 24.07,
            "net_income": -1226,
            "revenue": 52183,
            "common_shares": 871948,
            "book_valuer_per_share": 3.51,
            "book_valuer_per_share_4q_avg": 3.18,
            "equity": 306156,
            "current_ratio": 344.55,
            "debt_ratio": 30.56,
            "inventory_turnover_ratio": 0.98,
            "account_receivable_turnover_ratio": 1.01,
            "reinvestment_rate": null,
            "research_to_sale_ratio": 1.67,
            "price_fair": 0,
            "eps_avg_yearly": 0,
            "eps_latest_yearly": 0,
            "eps_growth_yearly": 0
        },
        "20224": {
            "year_quarter": 20224,
            "year": 2022,
            "quarter": 4,
            "eps": -0.15,
            "eps_growth_year": null,
            "eps_4q": -0.19,
            "eps_4q_growth_year": null,
            "roe": -4.23,
            "roe_4q": -6.230000000000001,
            "gross_profit": 12982,
            "gross_margin": 22.94,
            "gross_margin_4q_avg": 23.19,
            "net_income": -12703,
            "revenue": 56582,
            "common_shares": 871948,
            "book_valuer_per_share": 3.37,
            "book_valuer_per_share_4q_avg": 3.48,
            "equity": 293762,
            "current_ratio": 328.94,
            "debt_ratio": 31.09,
            "inventory_turnover_ratio": 1.17,
            "account_receivable_turnover_ratio": 1.1,
            "reinvestment_rate": null,
            "research_to_sale_ratio": 2.02,
            "price_fair": 0,
            "eps_avg_yearly": 0,
            "eps_latest_yearly": 0,
            "eps_growth_yearly": 0
        },
        "20231": {
            "year_quarter": 20231,
            "year": 2023,
            "quarter": 1,
            "eps": -0.08,
            "eps_growth_year": null,
            "eps_4q": -0.2,
            "eps_4q_growth_year": null,
            "roe": -2.28,
            "roe_4q": -5.7700000000000005,
            "gross_profit": 12334,
            "gross_margin": 23.85,
            "gross_margin_4q_avg": 24.63,
            "net_income": -6623,
            "revenue": 51709,
            "common_shares": 871948,
            "book_valuer_per_share": 3.29,
            "book_valuer_per_share_4q_avg": 3.43,
            "equity": 287102,
            "current_ratio": 352.26,
            "debt_ratio": 29.63,
            "inventory_turnover_ratio": 1.29,
            "account_receivable_turnover_ratio": 1.07,
            "reinvestment_rate": null,
            "research_to_sale_ratio": 1.99,
            "price_fair": 0,
            "eps_avg_yearly": 0,
            "eps_latest_yearly": 0,
            "eps_growth_yearly": 0
        }
    },
    "months": {
        "2004-03": {
            "month": "2004-03",
            "price": "34.00",
            "revenue": 73518
        },
        "2004-05": {
            "month": "2004-05",
            "price": "33.11",
            "revenue": 64094
        },
        "2004-06": {
            "month": "2004-06",
            "price": "35.41",
            "revenue": 51921
        },
        "2004-07": {
            "month": "2004-07",
            "price": "35.29",
            "revenue": 58465
        },
        "2004-08": {
            "month": "2004-08",
            "price": "35.77",
            "revenue": 58544
        },
        "2004-09": {
            "month": "2004-09",
            "price": "35.35",
            "revenue": 66705
        },
        "2004-10": {
            "month": "2004-10",
            "price": "28.45",
            "revenue": 67108
        },
        "2004-12": {
            "month": "2004-12",
            "price": "24.90",
            "revenue": 56456
        },
        "2005-01": {
            "month": "2005-01",
            "price": "22.58",
            "revenue": 48805
        },
        "2005-03": {
            "month": "2005-03",
            "price": "23.55",
            "revenue": 72917
        },
        "2005-04": {
            "month": "2005-04",
            "price": "22.90",
            "revenue": 64732
        },
        "2005-05": {
            "month": "2005-05",
            "price": "19.89",
            "revenue": 57399
        },
        "2005-06": {
            "month": "2005-06",
            "price": "19.06",
            "revenue": 53428
        },
        "2005-07": {
            "month": "2005-07",
            "price": "22.27",
            "revenue": 53517
        },
        "2005-08": {
            "month": "2005-08",
            "price": "20.57",
            "revenue": 63745
        },
        "2005-09": {
            "month": "2005-09",
            "price": "18.69",
            "revenue": 76878
        },
        "2005-10": {
            "month": "2005-10",
            "price": "16.71",
            "revenue": 80197
        },
        "2005-11": {
            "month": "2005-11",
            "price": "16.56",
            "revenue": 72832
        },
        "2005-12": {
            "month": "2005-12",
            "price": "17.83",
            "revenue": 51565
        },
        "2006-01": {
            "month": "2006-01",
            "price": "31.05",
            "revenue": 51070
        },
        "2006-02": {
            "month": "2006-02",
            "price": "36.29",
            "revenue": 56109
        },
        "2006-03": {
            "month": "2006-03",
            "price": "44.80",
            "revenue": 67892
        },
        "2006-04": {
            "month": "2006-04",
            "price": "51.54",
            "revenue": 61637
        },
        "2006-05": {
            "month": "2006-05",
            "price": "51.23",
            "revenue": 54634
        },
        "2006-06": {
            "month": "2006-06",
            "price": "38.90",
            "revenue": 51939
        },
        "2006-07": {
            "month": "2006-07",
            "price": "45.87",
            "revenue": 56730
        },
        "2006-08": {
            "month": "2006-08",
            "price": "51.44",
            "revenue": 66704
        },
        "2006-09": {
            "month": "2006-09",
            "price": "48.68",
            "revenue": 67448
        },
        "2006-10": {
            "month": "2006-10",
            "price": "44.31",
            "revenue": 69025
        },
        "2006-11": {
            "month": "2006-11",
            "price": "40.30",
            "revenue": 64718
        },
        "2006-12": {
            "month": "2006-12",
            "price": "40.07",
            "revenue": 52388
        },
        "2007-01": {
            "month": "2007-01",
            "price": "42.00",
            "revenue": 60930
        },
        "2007-02": {
            "month": "2007-02",
            "price": "44.53",
            "revenue": 42164
        },
        "2007-03": {
            "month": "2007-03",
            "price": "45.01",
            "revenue": 64461
        },
        "2007-04": {
            "month": "2007-04",
            "price": "47.15",
            "revenue": 59516
        },
        "2007-05": {
            "month": "2007-05",
            "price": "42.45",
            "revenue": 40897
        },
        "2007-06": {
            "month": "2007-06",
            "price": "42.47",
            "revenue": 42794
        },
        "2007-07": {
            "month": "2007-07",
            "price": "42.88",
            "revenue": 44979
        },
        "2007-08": {
            "month": "2007-08",
            "price": "31.41",
            "revenue": 46276
        },
        "2007-09": {
            "month": "2007-09",
            "price": "30.09",
            "revenue": 49410
        },
        "2007-10": {
            "month": "2007-10",
            "price": "28.50",
            "revenue": 43818
        },
        "2007-11": {
            "month": "2007-11",
            "price": "19.63",
            "revenue": 45549
        },
        "2007-12": {
            "month": "2007-12",
            "price": "17.74",
            "revenue": 30256
        },
        "2008-01": {
            "month": "2008-01",
            "price": "15.31",
            "revenue": 116084
        },
        "2008-02": {
            "month": "2008-02",
            "price": "13.32",
            "revenue": 88213
        },
        "2008-03": {
            "month": "2008-03",
            "price": "15.68",
            "revenue": 144506
        },
        "2008-04": {
            "month": "2008-04",
            "price": "19.10",
            "revenue": 132902
        },
        "2008-05": {
            "month": "2008-05",
            "price": "17.08",
            "revenue": 133081
        },
        "2008-06": {
            "month": "2008-06",
            "price": "12.77",
            "revenue": 100268
        },
        "2008-07": {
            "month": "2008-07",
            "price": "8.86",
            "revenue": 120800
        },
        "2008-08": {
            "month": "2008-08",
            "price": "9.03",
            "revenue": 122503
        },
        "2008-09": {
            "month": "2008-09",
            "price": "6.81",
            "revenue": 126875
        },
        "2008-10": {
            "month": "2008-10",
            "price": "6.00",
            "revenue": 99318
        },
        "2008-11": {
            "month": "2008-11",
            "price": "5.48",
            "revenue": 58499
        },
        "2008-12": {
            "month": "2008-12",
            "price": "4.76",
            "revenue": 50548
        },
        "2009-01": {
            "month": "2009-01",
            "price": "4.55",
            "revenue": 55198
        },
        "2009-02": {
            "month": "2009-02",
            "price": "5.00",
            "revenue": 63714
        },
        "2009-03": {
            "month": "2009-03",
            "price": "6.16",
            "revenue": 78838
        },
        "2009-04": {
            "month": "2009-04",
            "price": "6.98",
            "revenue": 88645
        },
        "2009-05": {
            "month": "2009-05",
            "price": "8.04",
            "revenue": 74192
        },
        "2009-06": {
            "month": "2009-06",
            "price": "10.38",
            "revenue": 85263
        },
        "2009-07": {
            "month": "2009-07",
            "price": "9.81",
            "revenue": 86744
        },
        "2009-08": {
            "month": "2009-08",
            "price": "10.22",
            "revenue": 82937
        },
        "2009-09": {
            "month": "2009-09",
            "price": "10.14",
            "revenue": 86070
        },
        "2009-10": {
            "month": "2009-10",
            "price": "10.52",
            "revenue": 67219
        },
        "2009-11": {
            "month": "2009-11",
            "price": "9.95",
            "revenue": 75562
        },
        "2009-12": {
            "month": "2009-12",
            "price": "11.31",
            "revenue": 79307
        },
        "2010-01": {
            "month": "2010-01",
            "price": "13.11",
            "revenue": 88921
        },
        "2010-02": {
            "month": "2010-02",
            "price": "10.62",
            "revenue": 61462
        },
        "2010-03": {
            "month": "2010-03",
            "price": "11.67",
            "revenue": 90886
        },
        "2010-04": {
            "month": "2010-04",
            "price": "12.72",
            "revenue": 105258
        },
        "2010-05": {
            "month": "2010-05",
            "price": "16.42",
            "revenue": 98230
        },
        "2010-06": {
            "month": "2010-06",
            "price": "16.20",
            "revenue": 92160
        },
        "2010-07": {
            "month": "2010-07",
            "price": "15.30",
            "revenue": 92337
        },
        "2010-08": {
            "month": "2010-08",
            "price": "16.00",
            "revenue": 85693
        },
        "2010-09": {
            "month": "2010-09",
            "price": "15.03",
            "revenue": 79111
        },
        "2010-10": {
            "month": "2010-10",
            "price": "13.56",
            "revenue": 67771
        },
        "2010-11": {
            "month": "2010-11",
            "price": "12.42",
            "revenue": 79648
        },
        "2010-12": {
            "month": "2010-12",
            "price": "13.35",
            "revenue": 81704
        },
        "2011-01": {
            "month": "2011-01",
            "price": "13.17",
            "revenue": 79306
        },
        "2011-02": {
            "month": "2011-02",
            "price": "12.09",
            "revenue": 55351
        },
        "2011-03": {
            "month": "2011-03",
            "price": "12.36",
            "revenue": 86992
        },
        "2011-04": {
            "month": "2011-04",
            "price": "12.11",
            "revenue": 90661
        },
        "2011-05": {
            "month": "2011-05",
            "price": "11.28",
            "revenue": 91560
        },
        "2011-06": {
            "month": "2011-06",
            "price": "10.68",
            "revenue": 77904
        },
        "2011-07": {
            "month": "2011-07",
            "price": "9.43",
            "revenue": 65027
        },
        "2011-08": {
            "month": "2011-08",
            "price": "7.59",
            "revenue": 72439
        },
        "2011-09": {
            "month": "2011-09",
            "price": "7.56",
            "revenue": 77139
        },
        "2011-10": {
            "month": "2011-10",
            "price": "7.84",
            "revenue": 66326
        },
        "2011-11": {
            "month": "2011-11",
            "price": "8.07",
            "revenue": 85754
        },
        "2011-12": {
            "month": "2011-12",
            "price": "7.70",
            "revenue": 67886
        },
        "2012-01": {
            "month": "2012-01",
            "price": "7.61",
            "revenue": 64900
        },
        "2012-02": {
            "month": "2012-02",
            "price": "9.34",
            "revenue": 70296
        },
        "2012-03": {
            "month": "2012-03",
            "price": "9.17",
            "revenue": 65077
        },
        "2012-04": {
            "month": "2012-04",
            "price": "8.27",
            "revenue": 49917
        },
        "2012-05": {
            "month": "2012-05",
            "price": "7.05",
            "revenue": 71172
        },
        "2012-06": {
            "month": "2012-06",
            "price": "6.64",
            "revenue": 73157
        },
        "2012-07": {
            "month": "2012-07",
            "price": "6.84",
            "revenue": 64026
        },
        "2012-08": {
            "month": "2012-08",
            "price": "6.80",
            "revenue": 61702
        },
        "2012-09": {
            "month": "2012-09",
            "price": "7.96",
            "revenue": 64351
        },
        "2012-10": {
            "month": "2012-10",
            "price": "8.15",
            "revenue": 56580
        },
        "2012-11": {
            "month": "2012-11",
            "price": "7.30",
            "revenue": 57540
        },
        "2012-12": {
            "month": "2012-12",
            "price": "6.92",
            "revenue": 53231
        },
        "2013-01": {
            "month": "2013-01",
            "price": "7.18",
            "revenue": 62951
        },
        "2013-02": {
            "month": "2013-02",
            "price": "6.99",
            "revenue": 38413
        },
        "2013-03": {
            "month": "2013-03",
            "price": "8.71",
            "revenue": 62770
        },
        "2013-04": {
            "month": "2013-04",
            "price": "9.53",
            "revenue": 67619
        },
        "2013-05": {
            "month": "2013-05",
            "price": "10.22",
            "revenue": 71883
        },
        "2013-06": {
            "month": "2013-06",
            "price": "12.63",
            "revenue": 69000
        },
        "2013-07": {
            "month": "2013-07",
            "price": "17.16",
            "revenue": 69026
        },
        "2013-08": {
            "month": "2013-08",
            "price": "17.97",
            "revenue": 66372
        },
        "2013-09": {
            "month": "2013-09",
            "price": "20.72",
            "revenue": 60529
        },
        "2013-10": {
            "month": "2013-10",
            "price": "21.84",
            "revenue": 46601
        },
        "2013-11": {
            "month": "2013-11",
            "price": "20.26",
            "revenue": 60909
        },
        "2013-12": {
            "month": "2013-12",
            "price": "17.15",
            "revenue": 60087
        },
        "2014-01": {
            "month": "2014-01",
            "price": "16.07",
            "revenue": 60238
        },
        "2014-02": {
            "month": "2014-02",
            "price": "16.14",
            "revenue": 40915
        },
        "2014-03": {
            "month": "2014-03",
            "price": "16.81",
            "revenue": 74195
        },
        "2014-04": {
            "month": "2014-04",
            "price": "16.36",
            "revenue": 60511
        },
        "2014-05": {
            "month": "2014-05",
            "price": "15.67",
            "revenue": 66015
        },
        "2014-06": {
            "month": "2014-06",
            "price": "16.68",
            "revenue": 51534
        },
        "2014-07": {
            "month": "2014-07",
            "price": "16.92",
            "revenue": 58175
        },
        "2014-08": {
            "month": "2014-08",
            "price": "16.30",
            "revenue": 55273
        },
        "2014-09": {
            "month": "2014-09",
            "price": "16.72",
            "revenue": 59684
        },
        "2014-10": {
            "month": "2014-10",
            "price": "16.22",
            "revenue": 47251
        },
        "2014-11": {
            "month": "2014-11",
            "price": "15.32",
            "revenue": 52629
        },
        "2014-12": {
            "month": "2014-12",
            "price": "16.50",
            "revenue": 58202
        },
        "2015-01": {
            "month": "2015-01",
            "price": "20.93",
            "revenue": 52598
        },
        "2015-02": {
            "month": "2015-02",
            "price": "22.88",
            "revenue": 30572
        },
        "2015-03": {
            "month": "2015-03",
            "price": "21.65",
            "revenue": 49947
        },
        "2015-04": {
            "month": "2015-04",
            "price": "23.40",
            "revenue": 64037
        },
        "2015-05": {
            "month": "2015-05",
            "price": "24.20",
            "revenue": 46251
        },
        "2015-06": {
            "month": "2015-06",
            "price": "23.75",
            "revenue": 92154
        },
        "2015-07": {
            "month": "2015-07",
            "price": "19.86",
            "revenue": 117866
        },
        "2015-08": {
            "month": "2015-08",
            "price": "15.27",
            "revenue": 52092
        },
        "2015-09": {
            "month": "2015-09",
            "price": "14.77",
            "revenue": 54040
        },
        "2015-10": {
            "month": "2015-10",
            "price": "16.82",
            "revenue": 46033
        },
        "2015-11": {
            "month": "2015-11",
            "price": "16.02",
            "revenue": 46754
        },
        "2015-12": {
            "month": "2015-12",
            "price": "15.06",
            "revenue": 174098
        },
        "2016-01": {
            "month": "2016-01",
            "price": "16.46",
            "revenue": 42178
        },
        "2016-02": {
            "month": "2016-02",
            "price": "17.73",
            "revenue": 27743
        },
        "2016-03": {
            "month": "2016-03",
            "price": "17.98",
            "revenue": 48365
        },
        "2016-04": {
            "month": "2016-04",
            "price": "15.42",
            "revenue": 47275
        },
        "2016-05": {
            "month": "2016-05",
            "price": "13.14",
            "revenue": 43832
        },
        "2016-06": {
            "month": "2016-06",
            "price": "12.72",
            "revenue": 52362
        },
        "2016-07": {
            "month": "2016-07",
            "price": "13.88",
            "revenue": 38141
        },
        "2016-08": {
            "month": "2016-08",
            "price": "13.63",
            "revenue": 55752
        },
        "2016-09": {
            "month": "2016-09",
            "price": "15.92",
            "revenue": 45739
        },
        "2016-10": {
            "month": "2016-10",
            "price": "14.05",
            "revenue": 24978
        },
        "2016-11": {
            "month": "2016-11",
            "price": "12.10",
            "revenue": 24154
        },
        "2016-12": {
            "month": "2016-12",
            "price": "11.41",
            "revenue": 21813
        },
        "2017-01": {
            "month": "2017-01",
            "price": "11.54",
            "revenue": 16277
        },
        "2017-02": {
            "month": "2017-02",
            "price": "13.28",
            "revenue": 15681
        },
        "2017-03": {
            "month": "2017-03",
            "price": "17.03",
            "revenue": 18993
        },
        "2017-04": {
            "month": "2017-04",
            "price": "17.34",
            "revenue": 19246
        },
        "2017-05": {
            "month": "2017-05",
            "price": "20.38",
            "revenue": 18105
        },
        "2017-06": {
            "month": "2017-06",
            "price": "23.22",
            "revenue": 22107
        },
        "2017-07": {
            "month": "2017-07",
            "price": "19.85",
            "revenue": 22306
        },
        "2017-08": {
            "month": "2017-08",
            "price": "17.43",
            "revenue": 23194
        },
        "2017-09": {
            "month": "2017-09",
            "price": "18.51",
            "revenue": 24196
        },
        "2017-10": {
            "month": "2017-10",
            "price": "17.37",
            "revenue": 19404
        },
        "2017-11": {
            "month": "2017-11",
            "price": "16.56",
            "revenue": 21546
        },
        "2017-12": {
            "month": "2017-12",
            "price": "15.98",
            "revenue": 21158
        },
        "2018-01": {
            "month": "2018-01",
            "price": "16.62",
            "revenue": 26214
        },
        "2018-02": {
            "month": "2018-02",
            "price": "19.07",
            "revenue": 13677
        },
        "2018-03": {
            "month": "2018-03",
            "price": "19.12",
            "revenue": 23226
        },
        "2018-04": {
            "month": "2018-04",
            "price": "18.50",
            "revenue": 29608
        },
        "2018-05": {
            "month": "2018-05",
            "price": "18.94",
            "revenue": 35037
        },
        "2018-06": {
            "month": "2018-06",
            "price": "18.49",
            "revenue": 30373
        },
        "2018-07": {
            "month": "2018-07",
            "price": "17.59",
            "revenue": 33545
        },
        "2018-08": {
            "month": "2018-08",
            "price": "18.26",
            "revenue": 22700
        },
        "2018-09": {
            "month": "2018-09",
            "price": "18.85",
            "revenue": 21699
        },
        "2018-10": {
            "month": "2018-10",
            "price": "17.88",
            "revenue": 18996
        },
        "2018-11": {
            "month": "2018-11",
            "price": "15.90",
            "revenue": 28213
        },
        "2018-12": {
            "month": "2018-12",
            "price": "14.62",
            "revenue": 83407
        },
        "2019-01": {
            "month": "2019-01",
            "price": "14.60",
            "revenue": 32747
        },
        "2019-02": {
            "month": "2019-02",
            "price": "14.71",
            "revenue": 17155
        },
        "2019-03": {
            "month": "2019-03",
            "price": "17.59",
            "revenue": 48352
        },
        "2019-04": {
            "month": "2019-04",
            "price": "19.26",
            "revenue": 24952
        },
        "2019-05": {
            "month": "2019-05",
            "price": "19.26",
            "revenue": 21197
        },
        "2019-06": {
            "month": "2019-06",
            "price": "17.01",
            "revenue": 46798
        },
        "2019-07": {
            "month": "2019-07",
            "price": "17.63",
            "revenue": 20924
        },
        "2019-08": {
            "month": "2019-08",
            "price": "21.54",
            "revenue": 23803
        },
        "2019-09": {
            "month": "2019-09",
            "price": "34.51",
            "revenue": 21716
        },
        "2019-10": {
            "month": "2019-10",
            "price": "41.68",
            "revenue": 17823
        },
        "2019-11": {
            "month": "2019-11",
            "price": "48.69",
            "revenue": 25671
        },
        "2019-12": {
            "month": "2019-12",
            "price": "53.53",
            "revenue": 49428
        },
        "2020-01": {
            "month": "2020-01",
            "price": "47.56",
            "revenue": 24521
        },
        "2020-02": {
            "month": "2020-02",
            "price": "39.64",
            "revenue": 3124
        },
        "2020-03": {
            "month": "2020-03",
            "price": "45.56",
            "revenue": 22433
        },
        "2020-04": {
            "month": "2020-04",
            "price": "43.90",
            "revenue": 22064
        },
        "2020-05": {
            "month": "2020-05",
            "price": "44.14",
            "revenue": 15553
        },
        "2020-06": {
            "month": "2020-06",
            "price": "46.67",
            "revenue": 26540
        },
        "2020-07": {
            "month": "2020-07",
            "price": "44.86",
            "revenue": 15362
        },
        "2020-08": {
            "month": "2020-08",
            "price": "39.25",
            "revenue": 18900
        },
        "2020-09": {
            "month": "2020-09",
            "price": "39.50",
            "revenue": 23441
        },
        "2020-10": {
            "month": "2020-10",
            "price": "36.66",
            "revenue": 18838
        },
        "2020-11": {
            "month": "2020-11",
            "price": "12.57",
            "revenue": 22638
        },
        "2020-12": {
            "month": "2020-12",
            "price": "11.02",
            "revenue": 24159
        },
        "2021-01": {
            "month": "2021-01",
            "price": "9.55",
            "revenue": 26104
        },
        "2021-02": {
            "month": "2021-02",
            "price": "9.43",
            "revenue": 10850
        },
        "2021-03": {
            "month": "2021-03",
            "price": "8.71",
            "revenue": 21953
        },
        "2021-04": {
            "month": "2021-04",
            "price": "7.11",
            "revenue": 24864
        },
        "2021-05": {
            "month": "2021-05",
            "price": "6.32",
            "revenue": 25542
        },
        "2021-06": {
            "month": "2021-06",
            "price": "6.10",
            "revenue": 30176
        },
        "2021-07": {
            "month": "2021-07",
            "price": "7.66",
            "revenue": 23136
        },
        "2021-08": {
            "month": "2021-08",
            "price": "7.08",
            "revenue": 22518
        },
        "2021-09": {
            "month": "2021-09",
            "price": "6.90",
            "revenue": 26456
        },
        "2021-10": {
            "month": "2021-10",
            "price": "6.98",
            "revenue": 19405
        },
        "2021-11": {
            "month": "2021-11",
            "price": "7.06",
            "revenue": 26709
        },
        "2021-12": {
            "month": "2021-12",
            "price": "7.27",
            "revenue": 26254
        },
        "2022-01": {
            "month": "2022-01",
            "price": "10.46",
            "revenue": 23661
        },
        "2022-02": {
            "month": "2022-02",
            "price": "11.27",
            "revenue": 11159
        },
        "2022-03": {
            "month": "2022-03",
            "price": "10.85",
            "revenue": 21529
        },
        "2022-04": {
            "month": "2022-04",
            "price": "9.82",
            "revenue": 30411
        },
        "2022-05": {
            "month": "2022-05",
            "price": "9.50",
            "revenue": 14770
        },
        "2022-06": {
            "month": "2022-06",
            "price": "9.23",
            "revenue": 15614
        },
        "2022-07": {
            "month": "2022-07",
            "price": "8.68",
            "revenue": 16269
        },
        "2022-08": {
            "month": "2022-08",
            "price": "8.78",
            "revenue": 17202
        },
        "2022-09": {
            "month": "2022-09",
            "price": "9.71",
            "revenue": 18410
        },
        "2022-10": {
            "month": "2022-10",
            "price": "8.33",
            "revenue": 14494
        },
        "2022-11": {
            "month": "2022-11",
            "price": "7.84",
            "revenue": 19896
        },
        "2022-12": {
            "month": "2022-12",
            "price": "7.31",
            "revenue": 22822
        },
        "2023-01": {
            "month": "2023-01",
            "price": "6.93",
            "revenue": 12706
        },
        "2023-02": {
            "month": "2023-02",
            "price": "8.33",
            "revenue": 18580
        },
        "2023-03": {
            "month": "2023-03",
            "price": "8.16",
            "revenue": 20371
        },
        "2023-04": {
            "month": "2023-04",
            "price": "8.04",
            "revenue": 20687
        }
    }
}
