{
    "summary": {
        "stock_name": "佰研",
        "stock_id": "3205",
        "category": "生技醫療",
        "main_business": "技術服務(生化科技產品(中西藥)研發)<br>中西藥品零售<br>食品飲料零售",
        "website_url": "http://www.naturalbiokey.com",
        "ceo": "待聘任",
        "pe_ratio": -23,
        "report_year_from": 2002,
        "report_year_to": 2023,
        "age": 21,
        "eps_negative_percentage": 75,
        "eps_growth_avg": {
            "last_all": -2.67,
            "last_2y": null,
            "last_4y": null,
            "last_8y": 20.5,
            "last_12y": -2.67,
            "last_16y": -2.67,
            "last_20y": null,
            "at_2006_last_3y": null,
            "at_2007_last_3y": null,
            "at_2008_last_3y": null,
            "at_2009_last_3y": null,
            "at_2010_last_3y": null,
            "at_2011_last_3y": null,
            "at_2012_last_3y": null,
            "at_2013_last_3y": -95.35,
            "at_2014_last_3y": 2.33,
            "at_2015_last_3y": 34.88,
            "at_2016_last_3y": 21.67,
            "at_2017_last_3y": 20.5,
            "at_2018_last_3y": -5.99,
            "at_2019_last_3y": -58.99,
            "at_2020_last_3y": -100,
            "at_2021_last_3y": null,
            "at_2022_last_3y": null,
            "at_2023_last_3y": null,
            "at_2006_last_all": null,
            "at_2007_last_all": null,
            "at_2008_last_all": null,
            "at_2009_last_all": null,
            "at_2010_last_all": null,
            "at_2011_last_all": null,
            "at_2012_last_all": null,
            "at_2013_last_all": -95.35,
            "at_2014_last_all": 2.33,
            "at_2015_last_all": 34.88,
            "at_2016_last_all": 21.67,
            "at_2017_last_all": -2.67,
            "at_2018_last_all": -2.67,
            "at_2019_last_all": -2.67,
            "at_2020_last_all": -2.67,
            "at_2021_last_all": -2.67,
            "at_2022_last_all": -2.67,
            "at_2023_last_all": -2.67
        },
        "latest_eps": -2.06,
        "latest_price": 48.2,
        "latest_roe": -14.51,
        "latest_gross_margin": 15.54,
        "latest_equity": 441136,
        "latest_revenue": 114571,
        "latest_gross_profit": 17801,
        "latest_net_income": -14484,
        "latest_debt_ratio": 19.34,
        "latest_current_ratio": 348.49,
        "latest_account_receivable_turnover_ratio": 2.36,
        "latest_inventory_turnover_ratio": 3.35,
        "latest_reinvestment_rate": null,
        "latest_research_to_sale_ratio": 5.63
    },
    "eps_dividends": {
        "2001": {
            "cash": 0,
            "stock": 0,
            "eps": 0
        },
        "2002": {
            "cash": 0,
            "stock": 0,
            "eps": 0
        },
        "2003": {
            "cash": 0,
            "stock": 0,
            "eps": 0
        },
        "2004": {
            "cash": 0,
            "stock": 0,
            "eps": -0.68
        },
        "2005": {
            "cash": 0,
            "stock": 0,
            "eps": -1.24
        },
        "2006": {
            "cash": 0,
            "stock": 0,
            "eps": -2.6
        },
        "2007": {
            "cash": 0,
            "stock": 0,
            "eps": -2.97
        },
        "2008": {
            "cash": 0,
            "stock": 0,
            "eps": -1.16
        },
        "2009": {
            "cash": 0,
            "stock": 0,
            "eps": -1.24
        },
        "2010": {
            "cash": 0,
            "stock": 0,
            "eps": -2.32
        },
        "2011": {
            "cash": 0,
            "stock": 0,
            "eps": -2.03
        },
        "2012": {
            "cash": 0,
            "stock": 0,
            "eps": 0.43
        },
        "2013": {
            "cash": 0,
            "stock": 0,
            "eps": 0.02
        },
        "2014": {
            "cash": 0,
            "stock": 0,
            "eps": 0.4
        },
        "2015": {
            "cash": 0,
            "stock": 0,
            "eps": 11.29
        },
        "2016": {
            "cash": 3,
            "stock": 0.5,
            "eps": 9.26
        },
        "2017": {
            "cash": 4,
            "stock": 0,
            "eps": -3.5
        },
        "2018": {
            "cash": 1.61,
            "stock": 0,
            "eps": -2.8
        },
        "2019": {
            "cash": 0,
            "stock": 0,
            "eps": -3.64
        },
        "2020": {
            "cash": 0,
            "stock": 0,
            "eps": -2.26
        },
        "2021": {
            "cash": 0,
            "stock": 0,
            "eps": -2.65
        },
        "2022": {
            "cash": 0,
            "stock": 0,
            "eps": -2.27
        },
        "2023": {
            "cash": 0,
            "stock": 0,
            "eps": -0.43
        }
    },
    "dividends": {
        "2016-09-10": {
            "cash": 3,
            "stock": 0.5
        },
        "2017-09-26": {
            "cash": 4,
            "stock": 0
        },
        "2018-09-26": {
            "cash": 1.61,
            "stock": 0
        }
    },
    "prices": {
        "200101": "無",
        "200102": "無",
        "200103": "無",
        "200104": "無",
        "200105": "無",
        "200106": "無",
        "200107": "無",
        "200108": "無",
        "200109": "無",
        "200110": "無",
        "200111": "無",
        "200112": "無",
        "200201": "無",
        "200202": "無",
        "200203": "無",
        "200204": "無",
        "200205": "無",
        "200206": "無",
        "200207": "無",
        "200208": "無",
        "200209": "無",
        "200210": "無",
        "200211": "無",
        "200212": "無",
        "200301": "無",
        "200302": "無",
        "200303": "無",
        "200304": "無",
        "200305": "無",
        "200306": "無",
        "200307": "無",
        "200308": "無",
        "200309": "無",
        "200310": "無",
        "200311": "無",
        "200312": "無",
        "200401": "無",
        "200402": "無",
        "200403": "無",
        "200404": "無",
        "200405": "25.70",
        "200406": "25.93",
        "200407": "25.01",
        "200408": "無",
        "200409": "無",
        "200410": "24.50",
        "200411": "21.48",
        "200412": "18.98",
        "200501": "18.44",
        "200502": "18.53",
        "200503": "18.64",
        "200504": "18.13",
        "200505": "14.54",
        "200506": "11.82",
        "200507": "13.26",
        "200508": "15.58",
        "200509": "13.68",
        "200510": "11.71",
        "200511": "10.01",
        "200512": "10.18",
        "200601": "10.09",
        "200602": "9.95",
        "200603": "9.65",
        "200604": "8.16",
        "200605": "6.59",
        "200606": "5.58",
        "200607": "3.74",
        "200608": "4.28",
        "200609": "5.71",
        "200610": "4.88",
        "200611": "6.25",
        "200612": "11.76",
        "200701": "10.53",
        "200702": "9.98",
        "200703": "10.04",
        "200704": "11.36",
        "200705": "16.95",
        "200706": "18.31",
        "200707": "33.24",
        "200708": "26.09",
        "200709": "13.04",
        "200710": "12.91",
        "200711": "11.73",
        "200712": "9.82",
        "200801": "7.98",
        "200802": "10.08",
        "200803": "11.08",
        "200804": "12.35",
        "200805": "9.71",
        "200806": "8.52",
        "200807": "7.23",
        "200808": "7.22",
        "200809": "6.48",
        "200810": "5.62",
        "200811": "4.81",
        "200812": "4.70",
        "200901": "4.43",
        "200902": "4.33",
        "200903": "4.97",
        "200904": "7.44",
        "200905": "7.30",
        "200906": "6.53",
        "200907": "6.61",
        "200908": "6.90",
        "200909": "6.67",
        "200910": "6.15",
        "200911": "8.31",
        "200912": "33.20",
        "201001": "32.01",
        "201002": "25.71",
        "201003": "32.05",
        "201004": "33.97",
        "201005": "29.35",
        "201006": "27.92",
        "201007": "28.50",
        "201008": "28.42",
        "201009": "26.94",
        "201010": "28.15",
        "201011": "26.45",
        "201012": "26.80",
        "201101": "23.82",
        "201102": "23.61",
        "201103": "19.95",
        "201104": "20.23",
        "201105": "20.85",
        "201106": "19.61",
        "201107": "19.60",
        "201108": "19.54",
        "201109": "19.30",
        "201110": "16.49",
        "201111": "15.09",
        "201112": "13.92",
        "201201": "13.73",
        "201202": "17.74",
        "201203": "18.21",
        "201204": "17.28",
        "201205": "16.25",
        "201206": "16.14",
        "201207": "15.96",
        "201208": "15.21",
        "201209": "16.28",
        "201210": "18.25",
        "201211": "15.36",
        "201212": "19.24",
        "201301": "21.44",
        "201302": "26.76",
        "201303": "31.43",
        "201304": "25.30",
        "201305": "26.45",
        "201306": "27.93",
        "201307": "25.20",
        "201308": "22.26",
        "201309": "24.11",
        "201310": "26.32",
        "201311": "27.38",
        "201312": "28.54",
        "201401": "29.07",
        "201402": "28.76",
        "201403": "26.84",
        "201404": "25.75",
        "201405": "25.26",
        "201406": "26.35",
        "201407": "31.62",
        "201408": "29.29",
        "201409": "28.72",
        "201410": "28.67",
        "201411": "28.79",
        "201412": "29.20",
        "201501": "29.94",
        "201502": "32.90",
        "201503": "32.19",
        "201504": "42.11",
        "201505": "58.72",
        "201506": "88.58",
        "201507": "114.65",
        "201508": "112.88",
        "201509": "159.25",
        "201510": "214.00",
        "201511": "297.64",
        "201512": "295.96",
        "201601": "298.07",
        "201602": "313.54",
        "201603": "301.67",
        "201604": "263.79",
        "201605": "231.52",
        "201606": "207.57",
        "201607": "197.38",
        "201608": "167.89",
        "201609": "153.26",
        "201610": "140.50",
        "201611": "105.35",
        "201612": "109.23",
        "201701": "125.09",
        "201702": "126.47",
        "201703": "134.98",
        "201704": "106.37",
        "201705": "91.70",
        "201706": "94.67",
        "201707": "98.87",
        "201708": "87.74",
        "201709": "81.32",
        "201710": "72.18",
        "201711": "66.89",
        "201712": "66.31",
        "201801": "66.92",
        "201802": "53.91",
        "201803": "60.15",
        "201804": "72.22",
        "201805": "63.69",
        "201806": "64.44",
        "201807": "61.28",
        "201808": "58.71",
        "201809": "52.25",
        "201810": "44.23",
        "201811": "40.95",
        "201812": "48.48",
        "201901": "49.24",
        "201902": "52.38",
        "201903": "51.10",
        "201904": "51.93",
        "201905": "48.56",
        "201906": "47.37",
        "201907": "55.99",
        "201908": "54.06",
        "201909": "55.91",
        "201910": "52.69",
        "201911": "50.89",
        "201912": "52.75",
        "202001": "48.98",
        "202002": "43.88",
        "202003": "34.48",
        "202004": "35.23",
        "202005": "42.17",
        "202006": "42.26",
        "202007": "42.13",
        "202008": "39.70",
        "202009": "37.09",
        "202010": "34.03",
        "202011": "34.77",
        "202012": "35.26",
        "202101": "31.92",
        "202102": "31.13",
        "202103": "31.81",
        "202104": "30.53",
        "202105": "28.47",
        "202106": "28.35",
        "202107": "27.52",
        "202108": "27.13",
        "202109": "26.15",
        "202110": "25.30",
        "202111": "26.38",
        "202112": "26.08",
        "202201": "25.59",
        "202202": "25.20",
        "202203": "23.17",
        "202204": "23.67",
        "202205": "21.65",
        "202206": "26.49",
        "202207": "46.54",
        "202208": "60.77",
        "202209": "57.55",
        "202210": "39.46",
        "202211": "45.78",
        "202212": "45.38",
        "202301": "39.32",
        "202302": "45.89",
        "202303": "41.52",
        "202304": "42.78",
        "202305": "45.09",
        "202306": "47.36"
    },
    "quarters": {
        "20011": {
            "year_quarter": 20011,
            "year": 2001,
            "quarter": 1,
            "eps": null,
            "eps_growth_year": null,
            "eps_4q": null,
            "eps_4q_growth_year": null,
            "roe": null,
            "roe_4q": 0,
            "gross_profit": null,
            "gross_margin": null,
            "gross_margin_4q_avg": 0,
            "net_income": null,
            "revenue": null,
            "common_shares": null,
            "book_valuer_per_share": null,
            "book_valuer_per_share_4q_avg": 0,
            "equity": null,
            "current_ratio": null,
            "debt_ratio": null,
            "inventory_turnover_ratio": null,
            "account_receivable_turnover_ratio": null,
            "reinvestment_rate": null,
            "research_to_sale_ratio": null,
            "price_fair": 0,
            "eps_avg_yearly": 0,
            "eps_latest_yearly": 0,
            "eps_growth_yearly": 0
        },
        "20012": {
            "year_quarter": 20012,
            "year": 2001,
            "quarter": 2,
            "eps": null,
            "eps_growth_year": null,
            "eps_4q": null,
            "eps_4q_growth_year": null,
            "roe": null,
            "roe_4q": 0,
            "gross_profit": null,
            "gross_margin": null,
            "gross_margin_4q_avg": 0,
            "net_income": null,
            "revenue": null,
            "common_shares": null,
            "book_valuer_per_share": null,
            "book_valuer_per_share_4q_avg": 0,
            "equity": null,
            "current_ratio": null,
            "debt_ratio": null,
            "inventory_turnover_ratio": null,
            "account_receivable_turnover_ratio": null,
            "reinvestment_rate": null,
            "research_to_sale_ratio": null,
            "price_fair": 0,
            "eps_avg_yearly": 0,
            "eps_latest_yearly": 0,
            "eps_growth_yearly": 0
        },
        "20013": {
            "year_quarter": 20013,
            "year": 2001,
            "quarter": 3,
            "eps": null,
            "eps_growth_year": null,
            "eps_4q": null,
            "eps_4q_growth_year": null,
            "roe": null,
            "roe_4q": 0,
            "gross_profit": null,
            "gross_margin": null,
            "gross_margin_4q_avg": 0,
            "net_income": null,
            "revenue": null,
            "common_shares": null,
            "book_valuer_per_share": null,
            "book_valuer_per_share_4q_avg": 0,
            "equity": null,
            "current_ratio": null,
            "debt_ratio": null,
            "inventory_turnover_ratio": null,
            "account_receivable_turnover_ratio": null,
            "reinvestment_rate": null,
            "research_to_sale_ratio": null,
            "price_fair": 0,
            "eps_avg_yearly": 0,
            "eps_latest_yearly": 0,
            "eps_growth_yearly": 0
        },
        "20014": {
            "year_quarter": 20014,
            "year": 2001,
            "quarter": 4,
            "eps": null,
            "eps_growth_year": null,
            "eps_4q": null,
            "eps_4q_growth_year": null,
            "roe": null,
            "roe_4q": 0,
            "gross_profit": null,
            "gross_margin": null,
            "gross_margin_4q_avg": 0,
            "net_income": null,
            "revenue": null,
            "common_shares": 303000,
            "book_valuer_per_share": 7.47,
            "book_valuer_per_share_4q_avg": 1.87,
            "equity": 226190,
            "current_ratio": 1078.06,
            "debt_ratio": 3.91,
            "inventory_turnover_ratio": null,
            "account_receivable_turnover_ratio": null,
            "reinvestment_rate": null,
            "research_to_sale_ratio": null,
            "price_fair": 0,
            "eps_avg_yearly": 0,
            "eps_latest_yearly": 0,
            "eps_growth_yearly": 0
        },
        "20021": {
            "year_quarter": 20021,
            "year": 2002,
            "quarter": 1,
            "eps": null,
            "eps_growth_year": null,
            "eps_4q": null,
            "eps_4q_growth_year": null,
            "roe": null,
            "roe_4q": 0,
            "gross_profit": null,
            "gross_margin": null,
            "gross_margin_4q_avg": 0,
            "net_income": null,
            "revenue": null,
            "common_shares": null,
            "book_valuer_per_share": null,
            "book_valuer_per_share_4q_avg": 1.87,
            "equity": null,
            "current_ratio": null,
            "debt_ratio": null,
            "inventory_turnover_ratio": null,
            "account_receivable_turnover_ratio": null,
            "reinvestment_rate": null,
            "research_to_sale_ratio": null,
            "price_fair": 0,
            "eps_avg_yearly": 0,
            "eps_latest_yearly": 0,
            "eps_growth_yearly": 0
        },
        "20022": {
            "year_quarter": 20022,
            "year": 2002,
            "quarter": 2,
            "eps": null,
            "eps_growth_year": null,
            "eps_4q": null,
            "eps_4q_growth_year": null,
            "roe": null,
            "roe_4q": 0,
            "gross_profit": null,
            "gross_margin": null,
            "gross_margin_4q_avg": 0,
            "net_income": null,
            "revenue": null,
            "common_shares": null,
            "book_valuer_per_share": null,
            "book_valuer_per_share_4q_avg": 1.87,
            "equity": null,
            "current_ratio": null,
            "debt_ratio": null,
            "inventory_turnover_ratio": null,
            "account_receivable_turnover_ratio": null,
            "reinvestment_rate": null,
            "research_to_sale_ratio": null,
            "price_fair": 0,
            "eps_avg_yearly": 0,
            "eps_latest_yearly": 0,
            "eps_growth_yearly": 0
        },
        "20023": {
            "year_quarter": 20023,
            "year": 2002,
            "quarter": 3,
            "eps": null,
            "eps_growth_year": null,
            "eps_4q": null,
            "eps_4q_growth_year": null,
            "roe": null,
            "roe_4q": 0,
            "gross_profit": null,
            "gross_margin": null,
            "gross_margin_4q_avg": 0,
            "net_income": null,
            "revenue": null,
            "common_shares": null,
            "book_valuer_per_share": null,
            "book_valuer_per_share_4q_avg": 1.87,
            "equity": null,
            "current_ratio": null,
            "debt_ratio": null,
            "inventory_turnover_ratio": null,
            "account_receivable_turnover_ratio": null,
            "reinvestment_rate": null,
            "research_to_sale_ratio": null,
            "price_fair": 0,
            "eps_avg_yearly": 0,
            "eps_latest_yearly": 0,
            "eps_growth_yearly": 0
        },
        "20024": {
            "year_quarter": 20024,
            "year": 2002,
            "quarter": 4,
            "eps": null,
            "eps_growth_year": null,
            "eps_4q": null,
            "eps_4q_growth_year": null,
            "roe": null,
            "roe_4q": 0,
            "gross_profit": null,
            "gross_margin": null,
            "gross_margin_4q_avg": 0,
            "net_income": null,
            "revenue": null,
            "common_shares": 303000,
            "book_valuer_per_share": 5.61,
            "book_valuer_per_share_4q_avg": 1.4,
            "equity": 170042,
            "current_ratio": 226.49,
            "debt_ratio": 12.39,
            "inventory_turnover_ratio": null,
            "account_receivable_turnover_ratio": null,
            "reinvestment_rate": null,
            "research_to_sale_ratio": null,
            "price_fair": 0,
            "eps_avg_yearly": 0,
            "eps_latest_yearly": 0,
            "eps_growth_yearly": 0
        },
        "20031": {
            "year_quarter": 20031,
            "year": 2003,
            "quarter": 1,
            "eps": null,
            "eps_growth_year": null,
            "eps_4q": null,
            "eps_4q_growth_year": null,
            "roe": null,
            "roe_4q": 0,
            "gross_profit": null,
            "gross_margin": null,
            "gross_margin_4q_avg": 0,
            "net_income": null,
            "revenue": null,
            "common_shares": null,
            "book_valuer_per_share": null,
            "book_valuer_per_share_4q_avg": 1.4,
            "equity": null,
            "current_ratio": null,
            "debt_ratio": null,
            "inventory_turnover_ratio": null,
            "account_receivable_turnover_ratio": null,
            "reinvestment_rate": null,
            "research_to_sale_ratio": null,
            "price_fair": 0,
            "eps_avg_yearly": 0,
            "eps_latest_yearly": 0,
            "eps_growth_yearly": 0
        },
        "20032": {
            "year_quarter": 20032,
            "year": 2003,
            "quarter": 2,
            "eps": null,
            "eps_growth_year": null,
            "eps_4q": null,
            "eps_4q_growth_year": null,
            "roe": null,
            "roe_4q": 0,
            "gross_profit": null,
            "gross_margin": null,
            "gross_margin_4q_avg": 0,
            "net_income": null,
            "revenue": null,
            "common_shares": null,
            "book_valuer_per_share": null,
            "book_valuer_per_share_4q_avg": 1.4,
            "equity": null,
            "current_ratio": null,
            "debt_ratio": null,
            "inventory_turnover_ratio": null,
            "account_receivable_turnover_ratio": null,
            "reinvestment_rate": null,
            "research_to_sale_ratio": null,
            "price_fair": 0,
            "eps_avg_yearly": 0,
            "eps_latest_yearly": 0,
            "eps_growth_yearly": 0
        },
        "20033": {
            "year_quarter": 20033,
            "year": 2003,
            "quarter": 3,
            "eps": null,
            "eps_growth_year": null,
            "eps_4q": null,
            "eps_4q_growth_year": null,
            "roe": null,
            "roe_4q": 0,
            "gross_profit": null,
            "gross_margin": null,
            "gross_margin_4q_avg": 0,
            "net_income": null,
            "revenue": null,
            "common_shares": null,
            "book_valuer_per_share": null,
            "book_valuer_per_share_4q_avg": 1.4,
            "equity": null,
            "current_ratio": null,
            "debt_ratio": null,
            "inventory_turnover_ratio": null,
            "account_receivable_turnover_ratio": null,
            "reinvestment_rate": null,
            "research_to_sale_ratio": null,
            "price_fair": 0,
            "eps_avg_yearly": 0,
            "eps_latest_yearly": 0,
            "eps_growth_yearly": 0
        },
        "20034": {
            "year_quarter": 20034,
            "year": 2003,
            "quarter": 4,
            "eps": null,
            "eps_growth_year": null,
            "eps_4q": null,
            "eps_4q_growth_year": null,
            "roe": null,
            "roe_4q": 0,
            "gross_profit": null,
            "gross_margin": null,
            "gross_margin_4q_avg": 0,
            "net_income": null,
            "revenue": null,
            "common_shares": 350000,
            "book_valuer_per_share": 4.97,
            "book_valuer_per_share_4q_avg": 1.24,
            "equity": 173940,
            "current_ratio": 462.47,
            "debt_ratio": 14.3,
            "inventory_turnover_ratio": null,
            "account_receivable_turnover_ratio": null,
            "reinvestment_rate": null,
            "research_to_sale_ratio": null,
            "price_fair": 0,
            "eps_avg_yearly": 0,
            "eps_latest_yearly": 0,
            "eps_growth_yearly": 0
        },
        "20041": {
            "year_quarter": 20041,
            "year": 2004,
            "quarter": 1,
            "eps": null,
            "eps_growth_year": null,
            "eps_4q": null,
            "eps_4q_growth_year": null,
            "roe": null,
            "roe_4q": 0,
            "gross_profit": null,
            "gross_margin": null,
            "gross_margin_4q_avg": 0,
            "net_income": null,
            "revenue": null,
            "common_shares": null,
            "book_valuer_per_share": null,
            "book_valuer_per_share_4q_avg": 1.24,
            "equity": null,
            "current_ratio": null,
            "debt_ratio": null,
            "inventory_turnover_ratio": null,
            "account_receivable_turnover_ratio": null,
            "reinvestment_rate": null,
            "research_to_sale_ratio": null,
            "price_fair": 0,
            "eps_avg_yearly": 0,
            "eps_latest_yearly": 0,
            "eps_growth_yearly": 0
        },
        "20042": {
            "year_quarter": 20042,
            "year": 2004,
            "quarter": 2,
            "eps": null,
            "eps_growth_year": null,
            "eps_4q": null,
            "eps_4q_growth_year": null,
            "roe": null,
            "roe_4q": 0,
            "gross_profit": null,
            "gross_margin": null,
            "gross_margin_4q_avg": 0,
            "net_income": null,
            "revenue": null,
            "common_shares": null,
            "book_valuer_per_share": null,
            "book_valuer_per_share_4q_avg": 1.24,
            "equity": null,
            "current_ratio": null,
            "debt_ratio": null,
            "inventory_turnover_ratio": null,
            "account_receivable_turnover_ratio": null,
            "reinvestment_rate": null,
            "research_to_sale_ratio": null,
            "price_fair": 0,
            "eps_avg_yearly": 0,
            "eps_latest_yearly": 0,
            "eps_growth_yearly": 0
        },
        "20043": {
            "year_quarter": 20043,
            "year": 2004,
            "quarter": 3,
            "eps": -0.49,
            "eps_growth_year": null,
            "eps_4q": null,
            "eps_4q_growth_year": null,
            "roe": -10.81,
            "roe_4q": -10.81,
            "gross_profit": 1565,
            "gross_margin": 58.03,
            "gross_margin_4q_avg": 14.51,
            "net_income": -17029,
            "revenue": 2697,
            "common_shares": 350000,
            "book_valuer_per_share": 4.5,
            "book_valuer_per_share_4q_avg": 2.37,
            "equity": 157475,
            "current_ratio": 292.27,
            "debt_ratio": 19.07,
            "inventory_turnover_ratio": 0.13,
            "account_receivable_turnover_ratio": null,
            "reinvestment_rate": null,
            "research_to_sale_ratio": null,
            "price_fair": 0,
            "eps_avg_yearly": 0,
            "eps_latest_yearly": 0,
            "eps_growth_yearly": 0
        },
        "20044": {
            "year_quarter": 20044,
            "year": 2004,
            "quarter": 4,
            "eps": -0.19,
            "eps_growth_year": null,
            "eps_4q": null,
            "eps_4q_growth_year": null,
            "roe": -3.84,
            "roe_4q": -14.65,
            "gross_profit": 14388,
            "gross_margin": 60.38,
            "gross_margin_4q_avg": 29.6,
            "net_income": -6606,
            "revenue": 23829,
            "common_shares": 370000,
            "book_valuer_per_share": 5.03,
            "book_valuer_per_share_4q_avg": 2.38,
            "equity": 186248,
            "current_ratio": 407.17,
            "debt_ratio": 19.63,
            "inventory_turnover_ratio": 1.09,
            "account_receivable_turnover_ratio": null,
            "reinvestment_rate": null,
            "research_to_sale_ratio": null,
            "price_fair": 0,
            "eps_avg_yearly": 0,
            "eps_latest_yearly": 0,
            "eps_growth_yearly": 0
        },
        "20051": {
            "year_quarter": 20051,
            "year": 2005,
            "quarter": 1,
            "eps": -0.12,
            "eps_growth_year": null,
            "eps_4q": null,
            "eps_4q_growth_year": null,
            "roe": -2.45,
            "roe_4q": -17.1,
            "gross_profit": 18214,
            "gross_margin": 56.18,
            "gross_margin_4q_avg": 43.65,
            "net_income": -4511,
            "revenue": 32419,
            "common_shares": 370000,
            "book_valuer_per_share": 4.92,
            "book_valuer_per_share_4q_avg": 3.61,
            "equity": 182060,
            "current_ratio": 403.64,
            "debt_ratio": 19.79,
            "inventory_turnover_ratio": 1.67,
            "account_receivable_turnover_ratio": null,
            "reinvestment_rate": null,
            "research_to_sale_ratio": null,
            "price_fair": 0,
            "eps_avg_yearly": 0,
            "eps_latest_yearly": 0,
            "eps_growth_yearly": 0
        },
        "20052": {
            "year_quarter": 20052,
            "year": 2005,
            "quarter": 2,
            "eps": -0.38,
            "eps_growth_year": null,
            "eps_4q": -1.14,
            "eps_4q_growth_year": null,
            "roe": -8.1,
            "roe_4q": -25.200000000000003,
            "gross_profit": 9873,
            "gross_margin": 71.69,
            "gross_margin_4q_avg": 61.57,
            "net_income": -14168,
            "revenue": 13771,
            "common_shares": 370000,
            "book_valuer_per_share": 4.53,
            "book_valuer_per_share_4q_avg": 4.75,
            "equity": 167553,
            "current_ratio": 375.56,
            "debt_ratio": 21.06,
            "inventory_turnover_ratio": 0.44,
            "account_receivable_turnover_ratio": null,
            "reinvestment_rate": null,
            "research_to_sale_ratio": null,
            "price_fair": 0,
            "eps_avg_yearly": 0,
            "eps_latest_yearly": 0,
            "eps_growth_yearly": 0
        },
        "20053": {
            "year_quarter": 20053,
            "year": 2005,
            "quarter": 3,
            "eps": -0.47,
            "eps_growth_year": null,
            "eps_4q": -1.04,
            "eps_4q_growth_year": null,
            "roe": -9.19,
            "roe_4q": -23.58,
            "gross_profit": 2282,
            "gross_margin": 71.22,
            "gross_margin_4q_avg": 64.87,
            "net_income": -17476,
            "revenue": 3204,
            "common_shares": 411880,
            "book_valuer_per_share": 5.17,
            "book_valuer_per_share_4q_avg": 4.91,
            "equity": 212932,
            "current_ratio": 512.37,
            "debt_ratio": 16.16,
            "inventory_turnover_ratio": 0.1,
            "account_receivable_turnover_ratio": null,
            "reinvestment_rate": null,
            "research_to_sale_ratio": null,
            "price_fair": 0,
            "eps_avg_yearly": 0,
            "eps_latest_yearly": 0,
            "eps_growth_yearly": 0
        },
        "20054": {
            "year_quarter": 20054,
            "year": 2005,
            "quarter": 4,
            "eps": -0.27,
            "eps_growth_year": null,
            "eps_4q": -1.21,
            "eps_4q_growth_year": null,
            "roe": -4.89,
            "roe_4q": -24.63,
            "gross_profit": 2389,
            "gross_margin": 35.94,
            "gross_margin_4q_avg": 58.76,
            "net_income": -10153,
            "revenue": 6648,
            "common_shares": 411880,
            "book_valuer_per_share": 4.92,
            "book_valuer_per_share_4q_avg": 4.89,
            "equity": 202714,
            "current_ratio": 541.19,
            "debt_ratio": 15.22,
            "inventory_turnover_ratio": 0.34,
            "account_receivable_turnover_ratio": null,
            "reinvestment_rate": null,
            "research_to_sale_ratio": null,
            "price_fair": 0,
            "eps_avg_yearly": 0,
            "eps_latest_yearly": 0,
            "eps_growth_yearly": 0
        },
        "20061": {
            "year_quarter": 20061,
            "year": 2006,
            "quarter": 1,
            "eps": -0.36,
            "eps_growth_year": null,
            "eps_4q": -1.36,
            "eps_4q_growth_year": null,
            "roe": -7.68,
            "roe_4q": -29.86,
            "gross_profit": 5365,
            "gross_margin": 61.52,
            "gross_margin_4q_avg": 60.09,
            "net_income": -14983,
            "revenue": 8721,
            "common_shares": 411880,
            "book_valuer_per_share": 4.56,
            "book_valuer_per_share_4q_avg": 4.8,
            "equity": 187685,
            "current_ratio": 361.46,
            "debt_ratio": 17.9,
            "inventory_turnover_ratio": 0.22,
            "account_receivable_turnover_ratio": null,
            "reinvestment_rate": null,
            "research_to_sale_ratio": null,
            "price_fair": 0,
            "eps_avg_yearly": 0,
            "eps_latest_yearly": 0,
            "eps_growth_yearly": 0
        },
        "20062": {
            "year_quarter": 20062,
            "year": 2006,
            "quarter": 2,
            "eps": -0.54,
            "eps_growth_year": null,
            "eps_4q": -1.57,
            "eps_4q_growth_year": null,
            "roe": -12.61,
            "roe_4q": -34.37,
            "gross_profit": 1890,
            "gross_margin": 44.6,
            "gross_margin_4q_avg": 53.32,
            "net_income": -22256,
            "revenue": 4238,
            "common_shares": 411880,
            "book_valuer_per_share": 4.01,
            "book_valuer_per_share_4q_avg": 4.67,
            "equity": 165261,
            "current_ratio": 278.95,
            "debt_ratio": 19.73,
            "inventory_turnover_ratio": 0.17,
            "account_receivable_turnover_ratio": null,
            "reinvestment_rate": null,
            "research_to_sale_ratio": null,
            "price_fair": 0,
            "eps_avg_yearly": 0,
            "eps_latest_yearly": 0,
            "eps_growth_yearly": 0
        },
        "20063": {
            "year_quarter": 20063,
            "year": 2006,
            "quarter": 3,
            "eps": -0.83,
            "eps_growth_year": null,
            "eps_4q": -2.75,
            "eps_4q_growth_year": null,
            "roe": -13.21,
            "roe_4q": -38.39,
            "gross_profit": 1037,
            "gross_margin": 48.96,
            "gross_margin_4q_avg": 47.76,
            "net_income": -20523,
            "revenue": 2118,
            "common_shares": 247128,
            "book_valuer_per_share": 5.88,
            "book_valuer_per_share_4q_avg": 4.84,
            "equity": 145354,
            "current_ratio": 144.52,
            "debt_ratio": 26.5,
            "inventory_turnover_ratio": 0.08,
            "account_receivable_turnover_ratio": null,
            "reinvestment_rate": null,
            "research_to_sale_ratio": null,
            "price_fair": 0,
            "eps_avg_yearly": 0,
            "eps_latest_yearly": 0,
            "eps_growth_yearly": 0
        },
        "20064": {
            "year_quarter": 20064,
            "year": 2006,
            "quarter": 4,
            "eps": -0.87,
            "eps_growth_year": null,
            "eps_4q": -3.2,
            "eps_4q_growth_year": null,
            "roe": -13.87,
            "roe_4q": -47.37,
            "gross_profit": 562,
            "gross_margin": 47.23,
            "gross_margin_4q_avg": 50.58,
            "net_income": -21648,
            "revenue": 1190,
            "common_shares": 297128,
            "book_valuer_per_share": 5.61,
            "book_valuer_per_share_4q_avg": 5.02,
            "equity": 166766,
            "current_ratio": 179.08,
            "debt_ratio": 25.38,
            "inventory_turnover_ratio": 0.04,
            "account_receivable_turnover_ratio": null,
            "reinvestment_rate": null,
            "research_to_sale_ratio": null,
            "price_fair": 0,
            "eps_avg_yearly": 0,
            "eps_latest_yearly": 0,
            "eps_growth_yearly": 0
        },
        "20071": {
            "year_quarter": 20071,
            "year": 2007,
            "quarter": 1,
            "eps": -0.61,
            "eps_growth_year": null,
            "eps_4q": -2.77,
            "eps_4q_growth_year": null,
            "roe": -11.54,
            "roe_4q": -51.23,
            "gross_profit": 1045,
            "gross_margin": 42.46,
            "gross_margin_4q_avg": 45.81,
            "net_income": -18211,
            "revenue": 2461,
            "common_shares": 297128,
            "book_valuer_per_share": 5.01,
            "book_valuer_per_share_4q_avg": 5.13,
            "equity": 148748,
            "current_ratio": 143.65,
            "debt_ratio": 23.98,
            "inventory_turnover_ratio": 0.08,
            "account_receivable_turnover_ratio": null,
            "reinvestment_rate": null,
            "research_to_sale_ratio": null,
            "price_fair": 0,
            "eps_avg_yearly": 0,
            "eps_latest_yearly": 0,
            "eps_growth_yearly": 0
        },
        "20072": {
            "year_quarter": 20072,
            "year": 2007,
            "quarter": 2,
            "eps": -0.92,
            "eps_growth_year": null,
            "eps_4q": -2.95,
            "eps_4q_growth_year": null,
            "roe": -20.2,
            "roe_4q": -58.82,
            "gross_profit": 5257,
            "gross_margin": 47.65,
            "gross_margin_4q_avg": 46.58,
            "net_income": -27292,
            "revenue": 11032,
            "common_shares": 297128,
            "book_valuer_per_share": 4.09,
            "book_valuer_per_share_4q_avg": 5.15,
            "equity": 121490,
            "current_ratio": 110.71,
            "debt_ratio": 33.69,
            "inventory_turnover_ratio": 0.33,
            "account_receivable_turnover_ratio": null,
            "reinvestment_rate": null,
            "research_to_sale_ratio": null,
            "price_fair": 0,
            "eps_avg_yearly": 0,
            "eps_latest_yearly": 0,
            "eps_growth_yearly": 0
        },
        "20073": {
            "year_quarter": 20073,
            "year": 2007,
            "quarter": 3,
            "eps": -0.72,
            "eps_growth_year": null,
            "eps_4q": -2.18,
            "eps_4q_growth_year": null,
            "roe": -13.13,
            "roe_4q": -58.739999999999995,
            "gross_profit": -4270,
            "gross_margin": 46.01,
            "gross_margin_4q_avg": 45.84,
            "net_income": -21597,
            "revenue": -9280,
            "common_shares": 407128,
            "book_valuer_per_share": 5.09,
            "book_valuer_per_share_4q_avg": 4.95,
            "equity": 207369,
            "current_ratio": 504.83,
            "debt_ratio": 12.62,
            "inventory_turnover_ratio": -0.33,
            "account_receivable_turnover_ratio": null,
            "reinvestment_rate": null,
            "research_to_sale_ratio": null,
            "price_fair": 0,
            "eps_avg_yearly": 0,
            "eps_latest_yearly": 0,
            "eps_growth_yearly": 0
        },
        "20074": {
            "year_quarter": 20074,
            "year": 2007,
            "quarter": 4,
            "eps": -0.72,
            "eps_growth_year": null,
            "eps_4q": -2.78,
            "eps_4q_growth_year": null,
            "roe": -12.1,
            "roe_4q": -56.97,
            "gross_profit": 492,
            "gross_margin": 37.27,
            "gross_margin_4q_avg": 43.35,
            "net_income": -23654,
            "revenue": 1320,
            "common_shares": 407128,
            "book_valuer_per_share": 4.51,
            "book_valuer_per_share_4q_avg": 4.68,
            "equity": 183625,
            "current_ratio": 478.65,
            "debt_ratio": 12.75,
            "inventory_turnover_ratio": 0.06,
            "account_receivable_turnover_ratio": null,
            "reinvestment_rate": null,
            "research_to_sale_ratio": null,
            "price_fair": 0,
            "eps_avg_yearly": 0,
            "eps_latest_yearly": 0,
            "eps_growth_yearly": 0
        },
        "20081": {
            "year_quarter": 20081,
            "year": 2008,
            "quarter": 1,
            "eps": -0.36,
            "eps_growth_year": null,
            "eps_4q": -2.13,
            "eps_4q_growth_year": null,
            "roe": -8.35,
            "roe_4q": -53.78,
            "gross_profit": 1029,
            "gross_margin": 30.47,
            "gross_margin_4q_avg": 40.35,
            "net_income": -14742,
            "revenue": 3377,
            "common_shares": 407128,
            "book_valuer_per_share": 4.16,
            "book_valuer_per_share_4q_avg": 4.46,
            "equity": 169487,
            "current_ratio": 522.35,
            "debt_ratio": 11.18,
            "inventory_turnover_ratio": 0.16,
            "account_receivable_turnover_ratio": null,
            "reinvestment_rate": null,
            "research_to_sale_ratio": null,
            "price_fair": 0,
            "eps_avg_yearly": 0,
            "eps_latest_yearly": 0,
            "eps_growth_yearly": 0
        },
        "20082": {
            "year_quarter": 20082,
            "year": 2008,
            "quarter": 2,
            "eps": -0.18,
            "eps_growth_year": null,
            "eps_4q": -1.66,
            "eps_4q_growth_year": null,
            "roe": -4.48,
            "roe_4q": -38.06,
            "gross_profit": -85,
            "gross_margin": -1.75,
            "gross_margin_4q_avg": 28,
            "net_income": -7436,
            "revenue": 4847,
            "common_shares": 407128,
            "book_valuer_per_share": 3.99,
            "book_valuer_per_share_4q_avg": 4.44,
            "equity": 162281,
            "current_ratio": 615.66,
            "debt_ratio": 9.24,
            "inventory_turnover_ratio": 0.39,
            "account_receivable_turnover_ratio": null,
            "reinvestment_rate": null,
            "research_to_sale_ratio": null,
            "price_fair": 0,
            "eps_avg_yearly": 0,
            "eps_latest_yearly": 0,
            "eps_growth_yearly": 0
        },
        "20083": {
            "year_quarter": 20083,
            "year": 2008,
            "quarter": 3,
            "eps": -0.25,
            "eps_growth_year": null,
            "eps_4q": -1.37,
            "eps_4q_growth_year": null,
            "roe": -6.39,
            "roe_4q": -31.32,
            "gross_profit": 647,
            "gross_margin": 15.2,
            "gross_margin_4q_avg": 20.3,
            "net_income": -10080,
            "revenue": 4257,
            "common_shares": 407128,
            "book_valuer_per_share": 3.76,
            "book_valuer_per_share_4q_avg": 4.11,
            "equity": 152973,
            "current_ratio": 467.06,
            "debt_ratio": 11.09,
            "inventory_turnover_ratio": 0.35,
            "account_receivable_turnover_ratio": null,
            "reinvestment_rate": null,
            "research_to_sale_ratio": null,
            "price_fair": 0,
            "eps_avg_yearly": 0,
            "eps_latest_yearly": 0,
            "eps_growth_yearly": 0
        },
        "20084": {
            "year_quarter": 20084,
            "year": 2008,
            "quarter": 4,
            "eps": -0.37,
            "eps_growth_year": null,
            "eps_4q": -1.16,
            "eps_4q_growth_year": null,
            "roe": -10.29,
            "roe_4q": -29.509999999999998,
            "gross_profit": -2731,
            "gross_margin": -33.94,
            "gross_margin_4q_avg": 2.5,
            "net_income": -14973,
            "revenue": 8047,
            "common_shares": 407128,
            "book_valuer_per_share": 3.39,
            "book_valuer_per_share_4q_avg": 3.83,
            "equity": 138185,
            "current_ratio": 360.97,
            "debt_ratio": 12.85,
            "inventory_turnover_ratio": 1.49,
            "account_receivable_turnover_ratio": 2,
            "reinvestment_rate": null,
            "research_to_sale_ratio": null,
            "price_fair": 0,
            "eps_avg_yearly": 0,
            "eps_latest_yearly": 0,
            "eps_growth_yearly": 0
        },
        "20091": {
            "year_quarter": 20091,
            "year": 2009,
            "quarter": 1,
            "eps": -0.17,
            "eps_growth_year": null,
            "eps_4q": -0.97,
            "eps_4q_growth_year": null,
            "roe": -5.25,
            "roe_4q": -26.41,
            "gross_profit": 3187,
            "gross_margin": 48.11,
            "gross_margin_4q_avg": 6.91,
            "net_income": -7079,
            "revenue": 6624,
            "common_shares": 407128,
            "book_valuer_per_share": 3.23,
            "book_valuer_per_share_4q_avg": 3.59,
            "equity": 131500,
            "current_ratio": 325.45,
            "debt_ratio": 10.98,
            "inventory_turnover_ratio": 0.61,
            "account_receivable_turnover_ratio": 1.04,
            "reinvestment_rate": null,
            "research_to_sale_ratio": null,
            "price_fair": 0,
            "eps_avg_yearly": 0,
            "eps_latest_yearly": 0,
            "eps_growth_yearly": 0
        },
        "20092": {
            "year_quarter": 20092,
            "year": 2009,
            "quarter": 2,
            "eps": -0.18,
            "eps_growth_year": null,
            "eps_4q": -0.97,
            "eps_4q_growth_year": null,
            "roe": -5.66,
            "roe_4q": -27.59,
            "gross_profit": 5436,
            "gross_margin": 17.6,
            "gross_margin_4q_avg": 11.74,
            "net_income": -7228,
            "revenue": 30885,
            "common_shares": 407128,
            "book_valuer_per_share": 3.04,
            "book_valuer_per_share_4q_avg": 3.36,
            "equity": 123728,
            "current_ratio": 171.58,
            "debt_ratio": 23.3,
            "inventory_turnover_ratio": 4.27,
            "account_receivable_turnover_ratio": 2.42,
            "reinvestment_rate": null,
            "research_to_sale_ratio": null,
            "price_fair": 0,
            "eps_avg_yearly": 0,
            "eps_latest_yearly": 0,
            "eps_growth_yearly": 0
        },
        "20093": {
            "year_quarter": 20093,
            "year": 2009,
            "quarter": 3,
            "eps": -0.32,
            "eps_growth_year": null,
            "eps_4q": -2.29,
            "eps_4q_growth_year": null,
            "roe": -3.38,
            "roe_4q": -24.58,
            "gross_profit": 15909,
            "gross_margin": 25.62,
            "gross_margin_4q_avg": 14.35,
            "net_income": -4395,
            "revenue": 62108,
            "common_shares": 147128,
            "book_valuer_per_share": 9.25,
            "book_valuer_per_share_4q_avg": 4.73,
            "equity": 136108,
            "current_ratio": 169.81,
            "debt_ratio": 31.12,
            "inventory_turnover_ratio": 4.69,
            "account_receivable_turnover_ratio": 2.03,
            "reinvestment_rate": null,
            "research_to_sale_ratio": null,
            "price_fair": 0,
            "eps_avg_yearly": 0,
            "eps_latest_yearly": 0,
            "eps_growth_yearly": 0
        },
        "20094": {
            "year_quarter": 20094,
            "year": 2009,
            "quarter": 4,
            "eps": -0.57,
            "eps_growth_year": null,
            "eps_4q": -1.81,
            "eps_4q_growth_year": null,
            "roe": -6.01,
            "roe_4q": -20.3,
            "gross_profit": 13813,
            "gross_margin": 26.46,
            "gross_margin_4q_avg": 29.45,
            "net_income": -7937,
            "revenue": 52196,
            "common_shares": 147128,
            "book_valuer_per_share": 8.71,
            "book_valuer_per_share_4q_avg": 6.06,
            "equity": 128140,
            "current_ratio": 161.46,
            "debt_ratio": 31.88,
            "inventory_turnover_ratio": 2.39,
            "account_receivable_turnover_ratio": 3.53,
            "reinvestment_rate": null,
            "research_to_sale_ratio": null,
            "price_fair": 0,
            "eps_avg_yearly": 0,
            "eps_latest_yearly": 0,
            "eps_growth_yearly": 0
        },
        "20101": {
            "year_quarter": 20101,
            "year": 2010,
            "quarter": 1,
            "eps": -0.56,
            "eps_growth_year": null,
            "eps_4q": -1.88,
            "eps_4q_growth_year": null,
            "roe": -6.59,
            "roe_4q": -21.64,
            "gross_profit": 12563,
            "gross_margin": 27.54,
            "gross_margin_4q_avg": 24.31,
            "net_income": -8170,
            "revenue": 45620,
            "common_shares": 147128,
            "book_valuer_per_share": 8.15,
            "book_valuer_per_share_4q_avg": 7.29,
            "equity": 119970,
            "current_ratio": 133.84,
            "debt_ratio": 36.31,
            "inventory_turnover_ratio": 1.52,
            "account_receivable_turnover_ratio": 1.62,
            "reinvestment_rate": null,
            "research_to_sale_ratio": 12.23,
            "price_fair": 0,
            "eps_avg_yearly": 0,
            "eps_latest_yearly": 0,
            "eps_growth_yearly": 0
        },
        "20102": {
            "year_quarter": 20102,
            "year": 2010,
            "quarter": 2,
            "eps": -0.65,
            "eps_growth_year": null,
            "eps_4q": -2.04,
            "eps_4q_growth_year": null,
            "roe": -8.25,
            "roe_4q": -24.23,
            "gross_profit": 14161,
            "gross_margin": 27.5,
            "gross_margin_4q_avg": 26.78,
            "net_income": -9516,
            "revenue": 51496,
            "common_shares": 147128,
            "book_valuer_per_share": 7.53,
            "book_valuer_per_share_4q_avg": 8.41,
            "equity": 110757,
            "current_ratio": 93.03,
            "debt_ratio": 49.44,
            "inventory_turnover_ratio": 1.52,
            "account_receivable_turnover_ratio": 1.58,
            "reinvestment_rate": null,
            "research_to_sale_ratio": 11.51,
            "price_fair": 0,
            "eps_avg_yearly": 0,
            "eps_latest_yearly": 0,
            "eps_growth_yearly": 0
        },
        "20103": {
            "year_quarter": 20103,
            "year": 2010,
            "quarter": 3,
            "eps": -0.03,
            "eps_growth_year": null,
            "eps_4q": -1.78,
            "eps_4q_growth_year": null,
            "roe": -0.45,
            "roe_4q": -21.299999999999997,
            "gross_profit": 23547,
            "gross_margin": 28.91,
            "gross_margin_4q_avg": 27.6,
            "net_income": -502,
            "revenue": 81441,
            "common_shares": 147128,
            "book_valuer_per_share": 7.48,
            "book_valuer_per_share_4q_avg": 7.97,
            "equity": 110016,
            "current_ratio": 96.85,
            "debt_ratio": 55.74,
            "inventory_turnover_ratio": 2,
            "account_receivable_turnover_ratio": 1.83,
            "reinvestment_rate": null,
            "research_to_sale_ratio": 5.44,
            "price_fair": 0,
            "eps_avg_yearly": 0,
            "eps_latest_yearly": 0,
            "eps_growth_yearly": 0
        },
        "20104": {
            "year_quarter": 20104,
            "year": 2010,
            "quarter": 4,
            "eps": -1.08,
            "eps_growth_year": null,
            "eps_4q": -2.31,
            "eps_4q_growth_year": null,
            "roe": -15.09,
            "roe_4q": -30.38,
            "gross_profit": 17821,
            "gross_margin": 30.23,
            "gross_margin_4q_avg": 28.55,
            "net_income": -15869,
            "revenue": 58944,
            "common_shares": 147128,
            "book_valuer_per_share": 6.82,
            "book_valuer_per_share_4q_avg": 7.5,
            "equity": 100292,
            "current_ratio": 89.86,
            "debt_ratio": 55.54,
            "inventory_turnover_ratio": 1.17,
            "account_receivable_turnover_ratio": 1.33,
            "reinvestment_rate": null,
            "research_to_sale_ratio": 8.9,
            "price_fair": 0,
            "eps_avg_yearly": 0,
            "eps_latest_yearly": 0,
            "eps_growth_yearly": 0
        },
        "20111": {
            "year_quarter": 20111,
            "year": 2011,
            "quarter": 1,
            "eps": -0.6,
            "eps_growth_year": null,
            "eps_4q": -1.51,
            "eps_4q_growth_year": null,
            "roe": -5.82,
            "roe_4q": -29.61,
            "gross_profit": 12693,
            "gross_margin": 24.19,
            "gross_margin_4q_avg": 27.71,
            "net_income": -11338,
            "revenue": 52476,
            "common_shares": 247128,
            "book_valuer_per_share": 11.7,
            "book_valuer_per_share_4q_avg": 8.38,
            "equity": 289059,
            "current_ratio": 260.28,
            "debt_ratio": 26.08,
            "inventory_turnover_ratio": 1.05,
            "account_receivable_turnover_ratio": 1.41,
            "reinvestment_rate": null,
            "research_to_sale_ratio": 8.48,
            "price_fair": 0,
            "eps_avg_yearly": 0,
            "eps_latest_yearly": 0,
            "eps_growth_yearly": 0
        },
        "20112": {
            "year_quarter": 20112,
            "year": 2011,
            "quarter": 2,
            "eps": -0.4,
            "eps_growth_year": null,
            "eps_4q": -1.52,
            "eps_4q_growth_year": null,
            "roe": -3.49,
            "roe_4q": -24.849999999999998,
            "gross_profit": 19987,
            "gross_margin": 24.27,
            "gross_margin_4q_avg": 26.9,
            "net_income": -9911,
            "revenue": 82352,
            "common_shares": 247128,
            "book_valuer_per_share": 11.29,
            "book_valuer_per_share_4q_avg": 9.32,
            "equity": 279041,
            "current_ratio": 237.86,
            "debt_ratio": 28.56,
            "inventory_turnover_ratio": 1.46,
            "account_receivable_turnover_ratio": 2.12,
            "reinvestment_rate": null,
            "research_to_sale_ratio": 6.03,
            "price_fair": 0,
            "eps_avg_yearly": 0,
            "eps_latest_yearly": 0,
            "eps_growth_yearly": 0
        },
        "20113": {
            "year_quarter": 20113,
            "year": 2011,
            "quarter": 3,
            "eps": -0.34,
            "eps_growth_year": null,
            "eps_4q": -1.84,
            "eps_4q_growth_year": null,
            "roe": -3.07,
            "roe_4q": -27.47,
            "gross_profit": 16899,
            "gross_margin": 20.86,
            "gross_margin_4q_avg": 24.89,
            "net_income": -8438,
            "revenue": 81021,
            "common_shares": 247128,
            "book_valuer_per_share": 10.98,
            "book_valuer_per_share_4q_avg": 10.2,
            "equity": 271446,
            "current_ratio": 246.4,
            "debt_ratio": 28.94,
            "inventory_turnover_ratio": 1.45,
            "account_receivable_turnover_ratio": 1.8,
            "reinvestment_rate": null,
            "research_to_sale_ratio": 5.53,
            "price_fair": 0,
            "eps_avg_yearly": 0,
            "eps_latest_yearly": 0,
            "eps_growth_yearly": 0
        },
        "20114": {
            "year_quarter": 20114,
            "year": 2011,
            "quarter": 4,
            "eps": -0.69,
            "eps_growth_year": null,
            "eps_4q": -1.89,
            "eps_4q_growth_year": null,
            "roe": -6.51,
            "roe_4q": -18.89,
            "gross_profit": 15555,
            "gross_margin": 25.6,
            "gross_margin_4q_avg": 23.73,
            "net_income": -17103,
            "revenue": 60757,
            "common_shares": 247128,
            "book_valuer_per_share": 10.29,
            "book_valuer_per_share_4q_avg": 11.07,
            "equity": 254349,
            "current_ratio": 337.28,
            "debt_ratio": 20.36,
            "inventory_turnover_ratio": 0.96,
            "account_receivable_turnover_ratio": 1.46,
            "reinvestment_rate": null,
            "research_to_sale_ratio": 8.61,
            "price_fair": 0,
            "eps_avg_yearly": 0,
            "eps_latest_yearly": 0,
            "eps_growth_yearly": 0
        },
        "20121": {
            "year_quarter": 20121,
            "year": 2012,
            "quarter": 1,
            "eps": 0.12,
            "eps_growth_year": null,
            "eps_4q": -1.31,
            "eps_4q_growth_year": null,
            "roe": 1.2,
            "roe_4q": -11.87,
            "gross_profit": 29746,
            "gross_margin": 31.27,
            "gross_margin_4q_avg": 25.5,
            "net_income": 3059,
            "revenue": 95123,
            "common_shares": 247128,
            "book_valuer_per_share": 10.4,
            "book_valuer_per_share_4q_avg": 10.74,
            "equity": 257118,
            "current_ratio": 322.11,
            "debt_ratio": 22,
            "inventory_turnover_ratio": 1.34,
            "account_receivable_turnover_ratio": 1.77,
            "reinvestment_rate": null,
            "research_to_sale_ratio": 5.82,
            "price_fair": 0,
            "eps_avg_yearly": 0,
            "eps_latest_yearly": 0,
            "eps_growth_yearly": 0
        },
        "20122": {
            "year_quarter": 20122,
            "year": 2012,
            "quarter": 2,
            "eps": 0.07,
            "eps_growth_year": null,
            "eps_4q": -0.84,
            "eps_4q_growth_year": null,
            "roe": 0.66,
            "roe_4q": -7.720000000000001,
            "gross_profit": 28428,
            "gross_margin": 33.35,
            "gross_margin_4q_avg": 27.77,
            "net_income": 1711,
            "revenue": 85240,
            "common_shares": 247128,
            "book_valuer_per_share": 10.48,
            "book_valuer_per_share_4q_avg": 10.54,
            "equity": 258868,
            "current_ratio": 304.71,
            "debt_ratio": 23.76,
            "inventory_turnover_ratio": 1.2,
            "account_receivable_turnover_ratio": 1.05,
            "reinvestment_rate": null,
            "research_to_sale_ratio": 8,
            "price_fair": 0.84,
            "eps_avg_yearly": 0.28,
            "eps_latest_yearly": 0.28,
            "eps_growth_yearly": -166.67
        },
        "20123": {
            "year_quarter": 20123,
            "year": 2012,
            "quarter": 3,
            "eps": -0.12,
            "eps_growth_year": null,
            "eps_4q": -0.62,
            "eps_4q_growth_year": null,
            "roe": -1.17,
            "roe_4q": -5.819999999999999,
            "gross_profit": 25274,
            "gross_margin": 27.85,
            "gross_margin_4q_avg": 29.52,
            "net_income": -3009,
            "revenue": 90737,
            "common_shares": 247128,
            "book_valuer_per_share": 10.35,
            "book_valuer_per_share_4q_avg": 10.38,
            "equity": 255777,
            "current_ratio": 286.48,
            "debt_ratio": 24.61,
            "inventory_turnover_ratio": 1.34,
            "account_receivable_turnover_ratio": 1.14,
            "reinvestment_rate": null,
            "research_to_sale_ratio": 6.22,
            "price_fair": 0.84,
            "eps_avg_yearly": 0.28,
            "eps_latest_yearly": 0.28,
            "eps_growth_yearly": -166.67
        },
        "20124": {
            "year_quarter": 20124,
            "year": 2012,
            "quarter": 4,
            "eps": 0.36,
            "eps_growth_year": null,
            "eps_4q": 0.43,
            "eps_4q_growth_year": null,
            "roe": 3.45,
            "roe_4q": 4.140000000000001,
            "gross_profit": 39264,
            "gross_margin": 36.81,
            "gross_margin_4q_avg": 32.32,
            "net_income": 8966,
            "revenue": 106681,
            "common_shares": 247128,
            "book_valuer_per_share": 10.71,
            "book_valuer_per_share_4q_avg": 10.49,
            "equity": 264730,
            "current_ratio": 314.87,
            "debt_ratio": 22.76,
            "inventory_turnover_ratio": 1.49,
            "account_receivable_turnover_ratio": 1.47,
            "reinvestment_rate": null,
            "research_to_sale_ratio": 5.31,
            "price_fair": 0.84,
            "eps_avg_yearly": 0.28,
            "eps_latest_yearly": 0.28,
            "eps_growth_yearly": -166.67
        },
        "20131": {
            "year_quarter": 20131,
            "year": 2013,
            "quarter": 1,
            "eps": -0.49,
            "eps_growth_year": -508.33,
            "eps_4q": -0.18,
            "eps_4q_growth_year": null,
            "roe": -4.75,
            "roe_4q": -1.8099999999999996,
            "gross_profit": 10745,
            "gross_margin": 23.97,
            "gross_margin_4q_avg": 30.5,
            "net_income": -12105,
            "revenue": 44828,
            "common_shares": 247128,
            "book_valuer_per_share": 9.93,
            "book_valuer_per_share_4q_avg": 10.37,
            "equity": 245331,
            "current_ratio": 357.32,
            "debt_ratio": 20.07,
            "inventory_turnover_ratio": 0.8,
            "account_receivable_turnover_ratio": 0.88,
            "reinvestment_rate": null,
            "research_to_sale_ratio": 11.88,
            "price_fair": 0.84,
            "eps_avg_yearly": 0.28,
            "eps_latest_yearly": 0.28,
            "eps_growth_yearly": -166.67
        },
        "20132": {
            "year_quarter": 20132,
            "year": 2013,
            "quarter": 2,
            "eps": -0.39,
            "eps_growth_year": -663.3,
            "eps_4q": -0.64,
            "eps_4q_growth_year": null,
            "roe": -4.04,
            "roe_4q": -6.509999999999999,
            "gross_profit": 17578,
            "gross_margin": 27.65,
            "gross_margin_4q_avg": 29.07,
            "net_income": -9714,
            "revenue": 63569,
            "common_shares": 247128,
            "book_valuer_per_share": 9.54,
            "book_valuer_per_share_4q_avg": 10.13,
            "equity": 235814,
            "current_ratio": 305.92,
            "debt_ratio": 23.48,
            "inventory_turnover_ratio": 0.96,
            "account_receivable_turnover_ratio": 1.91,
            "reinvestment_rate": null,
            "research_to_sale_ratio": 8.61,
            "price_fair": 0.84,
            "eps_avg_yearly": 0.28,
            "eps_latest_yearly": 0.28,
            "eps_growth_yearly": -166.67
        },
        "20133": {
            "year_quarter": 20133,
            "year": 2013,
            "quarter": 3,
            "eps": 0.28,
            "eps_growth_year": null,
            "eps_4q": -0.24,
            "eps_4q_growth_year": null,
            "roe": 2.94,
            "roe_4q": -2.3999999999999995,
            "gross_profit": 33358,
            "gross_margin": 31.08,
            "gross_margin_4q_avg": 29.88,
            "net_income": 7041,
            "revenue": 107326,
            "common_shares": 247128,
            "book_valuer_per_share": 9.82,
            "book_valuer_per_share_4q_avg": 10,
            "equity": 242719,
            "current_ratio": 332.73,
            "debt_ratio": 23.48,
            "inventory_turnover_ratio": 1.59,
            "account_receivable_turnover_ratio": 1.75,
            "reinvestment_rate": null,
            "research_to_sale_ratio": 5.42,
            "price_fair": 0.84,
            "eps_avg_yearly": 0.28,
            "eps_latest_yearly": 0.28,
            "eps_growth_yearly": -166.67
        },
        "20134": {
            "year_quarter": 20134,
            "year": 2013,
            "quarter": 4,
            "eps": 0.62,
            "eps_growth_year": 71.07,
            "eps_4q": 0.02,
            "eps_4q_growth_year": -94.78,
            "roe": 6.08,
            "roe_4q": 0.22999999999999954,
            "gross_profit": 22773,
            "gross_margin": 28.58,
            "gross_margin_4q_avg": 27.82,
            "net_income": 15338,
            "revenue": 79692,
            "common_shares": 247128,
            "book_valuer_per_share": 10.6,
            "book_valuer_per_share_4q_avg": 9.97,
            "equity": 262066,
            "current_ratio": 379.72,
            "debt_ratio": 37.58,
            "inventory_turnover_ratio": 1.33,
            "account_receivable_turnover_ratio": 1.11,
            "reinvestment_rate": null,
            "research_to_sale_ratio": 6.84,
            "price_fair": 48.3,
            "eps_avg_yearly": 1.38,
            "eps_latest_yearly": 2.48,
            "eps_growth_yearly": 159.52
        },
        "20141": {
            "year_quarter": 20141,
            "year": 2014,
            "quarter": 1,
            "eps": -0.41,
            "eps_growth_year": null,
            "eps_4q": 0.11,
            "eps_4q_growth_year": null,
            "roe": -3.9,
            "roe_4q": 1.08,
            "gross_profit": 14625,
            "gross_margin": 24.42,
            "gross_margin_4q_avg": 27.93,
            "net_income": -10020,
            "revenue": 59887,
            "common_shares": 247128,
            "book_valuer_per_share": 10.2,
            "book_valuer_per_share_4q_avg": 10.04,
            "equity": 252011,
            "current_ratio": 459.29,
            "debt_ratio": 36.27,
            "inventory_turnover_ratio": 1.14,
            "account_receivable_turnover_ratio": 1.16,
            "reinvestment_rate": null,
            "research_to_sale_ratio": 8.75,
            "price_fair": 48.3,
            "eps_avg_yearly": 1.38,
            "eps_latest_yearly": 2.48,
            "eps_growth_yearly": 159.52
        },
        "20142": {
            "year_quarter": 20142,
            "year": 2014,
            "quarter": 2,
            "eps": 0.13,
            "eps_growth_year": null,
            "eps_4q": 0.63,
            "eps_4q_growth_year": null,
            "roe": 1.29,
            "roe_4q": 6.41,
            "gross_profit": 31424,
            "gross_margin": 29.84,
            "gross_margin_4q_avg": 28.48,
            "net_income": 3282,
            "revenue": 105324,
            "common_shares": 247128,
            "book_valuer_per_share": 10.32,
            "book_valuer_per_share_4q_avg": 10.24,
            "equity": 255126,
            "current_ratio": 338.48,
            "debt_ratio": 39.82,
            "inventory_turnover_ratio": 2,
            "account_receivable_turnover_ratio": 1.77,
            "reinvestment_rate": null,
            "research_to_sale_ratio": 5.49,
            "price_fair": 48.3,
            "eps_avg_yearly": 1.38,
            "eps_latest_yearly": 2.48,
            "eps_growth_yearly": 159.52
        },
        "20143": {
            "year_quarter": 20143,
            "year": 2014,
            "quarter": 3,
            "eps": 0.09,
            "eps_growth_year": -67.86,
            "eps_4q": 0.44,
            "eps_4q_growth_year": null,
            "roe": 0.91,
            "roe_4q": 4.380000000000001,
            "gross_profit": 34061,
            "gross_margin": 27.76,
            "gross_margin_4q_avg": 27.65,
            "net_income": 2334,
            "revenue": 122684,
            "common_shares": 247128,
            "book_valuer_per_share": 10.43,
            "book_valuer_per_share_4q_avg": 10.39,
            "equity": 257730,
            "current_ratio": 334.71,
            "debt_ratio": 40.24,
            "inventory_turnover_ratio": 1.98,
            "account_receivable_turnover_ratio": 1.43,
            "reinvestment_rate": null,
            "research_to_sale_ratio": 5.82,
            "price_fair": 36.4,
            "eps_avg_yearly": 1.04,
            "eps_latest_yearly": 0.36,
            "eps_growth_yearly": 65.32
        },
        "20144": {
            "year_quarter": 20144,
            "year": 2014,
            "quarter": 4,
            "eps": 0.59,
            "eps_growth_year": -5.59,
            "eps_4q": 0.41,
            "eps_4q_growth_year": 1699.49,
            "roe": 5.46,
            "roe_4q": 3.7600000000000002,
            "gross_profit": 51548,
            "gross_margin": 34.18,
            "gross_margin_4q_avg": 29.05,
            "net_income": 14481,
            "revenue": 150804,
            "common_shares": 247128,
            "book_valuer_per_share": 11.03,
            "book_valuer_per_share_4q_avg": 10.5,
            "equity": 272472,
            "current_ratio": 234.23,
            "debt_ratio": 47,
            "inventory_turnover_ratio": 1.89,
            "account_receivable_turnover_ratio": 1.52,
            "reinvestment_rate": null,
            "research_to_sale_ratio": 5.63,
            "price_fair": 47.95,
            "eps_avg_yearly": 1.37,
            "eps_latest_yearly": 2.36,
            "eps_growth_yearly": 604.55
        },
        "20151": {
            "year_quarter": 20151,
            "year": 2015,
            "quarter": 1,
            "eps": 0.84,
            "eps_growth_year": null,
            "eps_4q": 1.65,
            "eps_4q_growth_year": 1445.14,
            "roe": 7.34,
            "roe_4q": 15,
            "gross_profit": 63054,
            "gross_margin": 40.1,
            "gross_margin_4q_avg": 32.97,
            "net_income": 20772,
            "revenue": 157231,
            "common_shares": 247128,
            "book_valuer_per_share": 11.86,
            "book_valuer_per_share_4q_avg": 10.91,
            "equity": 293156,
            "current_ratio": 287.03,
            "debt_ratio": 42.39,
            "inventory_turnover_ratio": 1.72,
            "account_receivable_turnover_ratio": 1.26,
            "reinvestment_rate": 1428.07,
            "research_to_sale_ratio": 4.56,
            "price_fair": 61.88,
            "eps_avg_yearly": 1.77,
            "eps_latest_yearly": 3.36,
            "eps_growth_yearly": 517.54
        },
        "20152": {
            "year_quarter": 20152,
            "year": 2015,
            "quarter": 2,
            "eps": 1.25,
            "eps_growth_year": 861.54,
            "eps_4q": 2.71,
            "eps_4q_growth_year": 328.47,
            "roe": 9.74,
            "roe_4q": 23.45,
            "gross_profit": 76394,
            "gross_margin": 32.6,
            "gross_margin_4q_avg": 33.66,
            "net_income": 30993,
            "revenue": 234357,
            "common_shares": 247374,
            "book_valuer_per_share": 13.58,
            "book_valuer_per_share_4q_avg": 11.73,
            "equity": 343322,
            "current_ratio": 208.6,
            "debt_ratio": 49.5,
            "inventory_turnover_ratio": 2.57,
            "account_receivable_turnover_ratio": 1.4,
            "reinvestment_rate": 195.48,
            "research_to_sale_ratio": 3.05,
            "price_fair": 80.73,
            "eps_avg_yearly": 2.31,
            "eps_latest_yearly": 5,
            "eps_growth_yearly": 463.82
        },
        "20153": {
            "year_quarter": 20153,
            "year": 2015,
            "quarter": 3,
            "eps": 4.11,
            "eps_growth_year": 4466.67,
            "eps_4q": 6.64,
            "eps_4q_growth_year": 1401.06,
            "roe": 25.9,
            "roe_4q": 48.440000000000005,
            "gross_profit": 140086,
            "gross_margin": 39.75,
            "gross_margin_4q_avg": 36.66,
            "net_income": 104363,
            "revenue": 352433,
            "common_shares": 253209,
            "book_valuer_per_share": 18.01,
            "book_valuer_per_share_4q_avg": 13.62,
            "equity": 462694,
            "current_ratio": 184.16,
            "debt_ratio": 54.12,
            "inventory_turnover_ratio": 2.69,
            "account_receivable_turnover_ratio": 1.56,
            "reinvestment_rate": 57.17,
            "research_to_sale_ratio": 2.23,
            "price_fair": 151.4,
            "eps_avg_yearly": 4.33,
            "eps_latest_yearly": 16.44,
            "eps_growth_yearly": 528.3
        },
        "20154": {
            "year_quarter": 20154,
            "year": 2015,
            "quarter": 4,
            "eps": 5.09,
            "eps_growth_year": 767.85,
            "eps_4q": 10.58,
            "eps_4q_growth_year": 2493.97,
            "roe": 24.56,
            "roe_4q": 67.53999999999999,
            "gross_profit": 206571,
            "gross_margin": 41.66,
            "gross_margin_4q_avg": 38.53,
            "net_income": 144571,
            "revenue": 495903,
            "common_shares": 263549,
            "book_valuer_per_share": 25.14,
            "book_valuer_per_share_4q_avg": 17.15,
            "equity": 714708,
            "current_ratio": 260.16,
            "debt_ratio": 36.84,
            "inventory_turnover_ratio": 2.58,
            "account_receivable_turnover_ratio": 1.66,
            "reinvestment_rate": 28.69,
            "research_to_sale_ratio": 1.41,
            "price_fair": 221.55,
            "eps_avg_yearly": 6.33,
            "eps_latest_yearly": 20.36,
            "eps_growth_yearly": 474.19
        },
        "20161": {
            "year_quarter": 20161,
            "year": 2016,
            "quarter": 1,
            "eps": 4.97,
            "eps_growth_year": 491.67,
            "eps_4q": 14.72,
            "eps_4q_growth_year": 790.22,
            "roe": 17.86,
            "roe_4q": 78.05999999999999,
            "gross_profit": 245846,
            "gross_margin": 43.85,
            "gross_margin_4q_avg": 39.47,
            "net_income": 141807,
            "revenue": 560610,
            "common_shares": 285413,
            "book_valuer_per_share": 30.48,
            "book_valuer_per_share_4q_avg": 21.8,
            "equity": 873194,
            "current_ratio": 385.71,
            "debt_ratio": 24.5,
            "inventory_turnover_ratio": 2.04,
            "account_receivable_turnover_ratio": 1.41,
            "reinvestment_rate": 21.05,
            "research_to_sale_ratio": 1.37,
            "price_fair": 274.24,
            "eps_avg_yearly": 7.84,
            "eps_latest_yearly": 19.88,
            "eps_growth_yearly": 420.45
        },
        "20162": {
            "year_quarter": 20162,
            "year": 2016,
            "quarter": 2,
            "eps": 3.55,
            "eps_growth_year": 184,
            "eps_4q": 16.28,
            "eps_4q_growth_year": 500.21,
            "roe": 11.49,
            "roe_4q": 79.81,
            "gross_profit": 198106,
            "gross_margin": 43.71,
            "gross_margin_4q_avg": 42.24,
            "net_income": 102105,
            "revenue": 453274,
            "common_shares": 287401,
            "book_valuer_per_share": 31.32,
            "book_valuer_per_share_4q_avg": 26.24,
            "equity": 903512,
            "current_ratio": 312.72,
            "debt_ratio": 28.26,
            "inventory_turnover_ratio": 1.44,
            "account_receivable_turnover_ratio": 1.22,
            "reinvestment_rate": 19.16,
            "research_to_sale_ratio": 2.06,
            "price_fair": 328.38,
            "eps_avg_yearly": 9.38,
            "eps_latest_yearly": 14.2,
            "eps_growth_yearly": 426.27
        },
        "20163": {
            "year_quarter": 20163,
            "year": 2016,
            "quarter": 3,
            "eps": 0.13,
            "eps_growth_year": -96.84,
            "eps_4q": 11.98,
            "eps_4q_growth_year": 80.42,
            "roe": 0.4,
            "roe_4q": 54.31,
            "gross_profit": 83847,
            "gross_margin": 40.64,
            "gross_margin_4q_avg": 42.47,
            "net_income": 4183,
            "revenue": 206316,
            "common_shares": 327547,
            "book_valuer_per_share": 36.37,
            "book_valuer_per_share_4q_avg": 30.83,
            "equity": 1191975,
            "current_ratio": 665.72,
            "debt_ratio": 13.49,
            "inventory_turnover_ratio": 0.74,
            "account_receivable_turnover_ratio": 1.08,
            "reinvestment_rate": 19.48,
            "research_to_sale_ratio": 4.02,
            "price_fair": 297.36,
            "eps_avg_yearly": 8.5,
            "eps_latest_yearly": 0.52,
            "eps_growth_yearly": 345.11
        },
        "20164": {
            "year_quarter": 20164,
            "year": 2016,
            "quarter": 4,
            "eps": 0.61,
            "eps_growth_year": -87.94,
            "eps_4q": 8.18,
            "eps_4q_growth_year": -22.63,
            "roe": 1.67,
            "roe_4q": 31.42,
            "gross_profit": 48134,
            "gross_margin": 29.32,
            "gross_margin_4q_avg": 39.38,
            "net_income": 20098,
            "revenue": 164156,
            "common_shares": 327714,
            "book_valuer_per_share": 36.98,
            "book_valuer_per_share_4q_avg": 33.79,
            "equity": 1211901,
            "current_ratio": 639.55,
            "debt_ratio": 14.2,
            "inventory_turnover_ratio": 0.88,
            "account_receivable_turnover_ratio": 1.42,
            "reinvestment_rate": 19.07,
            "research_to_sale_ratio": 3.75,
            "price_fair": 278.09,
            "eps_avg_yearly": 7.95,
            "eps_latest_yearly": 2.44,
            "eps_growth_yearly": 448
        },
        "20171": {
            "year_quarter": 20171,
            "year": 2017,
            "quarter": 1,
            "eps": -0.62,
            "eps_growth_year": -112.47,
            "eps_4q": 3.24,
            "eps_4q_growth_year": -77.99,
            "roe": -1.68,
            "roe_4q": 11.88,
            "gross_profit": 56572,
            "gross_margin": 41.62,
            "gross_margin_4q_avg": 38.82,
            "net_income": -20185,
            "revenue": 135935,
            "common_shares": 327726,
            "book_valuer_per_share": 36.26,
            "book_valuer_per_share_4q_avg": 35.23,
            "equity": 1188446,
            "current_ratio": 809.63,
            "debt_ratio": 11.04,
            "inventory_turnover_ratio": 0.83,
            "account_receivable_turnover_ratio": 1.29,
            "reinvestment_rate": 20.74,
            "research_to_sale_ratio": 4.41,
            "price_fair": 278.09,
            "eps_avg_yearly": 7.95,
            "eps_latest_yearly": 2.44,
            "eps_growth_yearly": 448
        },
        "20172": {
            "year_quarter": 20172,
            "year": 2017,
            "quarter": 2,
            "eps": -0.33,
            "eps_growth_year": -109.3,
            "eps_4q": -0.2,
            "eps_4q_growth_year": -101.24,
            "roe": -0.96,
            "roe_4q": -0.5699999999999997,
            "gross_profit": 45968,
            "gross_margin": 39.87,
            "gross_margin_4q_avg": 37.86,
            "net_income": -10709,
            "revenue": 115302,
            "common_shares": 327726,
            "book_valuer_per_share": 31.97,
            "book_valuer_per_share_4q_avg": 35.4,
            "equity": 1047848,
            "current_ratio": 488.12,
            "debt_ratio": 18.06,
            "inventory_turnover_ratio": 0.94,
            "account_receivable_turnover_ratio": 1.33,
            "reinvestment_rate": 20.5,
            "research_to_sale_ratio": 5.76,
            "price_fair": 278.09,
            "eps_avg_yearly": 7.95,
            "eps_latest_yearly": 2.44,
            "eps_growth_yearly": 448
        },
        "20173": {
            "year_quarter": 20173,
            "year": 2017,
            "quarter": 3,
            "eps": -0.94,
            "eps_growth_year": -823.08,
            "eps_4q": -1.26,
            "eps_4q_growth_year": -110.56,
            "roe": -2.97,
            "roe_4q": -3.9400000000000004,
            "gross_profit": 14405,
            "gross_margin": 12.77,
            "gross_margin_4q_avg": 30.9,
            "net_income": -30655,
            "revenue": 112841,
            "common_shares": 327726,
            "book_valuer_per_share": 31.07,
            "book_valuer_per_share_4q_avg": 34.07,
            "equity": 1018084,
            "current_ratio": 1134.5,
            "debt_ratio": 8.09,
            "inventory_turnover_ratio": 1.51,
            "account_receivable_turnover_ratio": 1.57,
            "reinvestment_rate": 21.51,
            "research_to_sale_ratio": 6.36,
            "price_fair": 278.09,
            "eps_avg_yearly": 7.95,
            "eps_latest_yearly": 2.44,
            "eps_growth_yearly": 448
        },
        "20174": {
            "year_quarter": 20174,
            "year": 2017,
            "quarter": 4,
            "eps": -1.61,
            "eps_growth_year": -361.99,
            "eps_4q": -3.48,
            "eps_4q_growth_year": -142.58,
            "roe": -5.31,
            "roe_4q": -10.919999999999998,
            "gross_profit": 1807,
            "gross_margin": 1.83,
            "gross_margin_4q_avg": 24.02,
            "net_income": -52657,
            "revenue": 98742,
            "common_shares": 327726,
            "book_valuer_per_share": 29.46,
            "book_valuer_per_share_4q_avg": 32.19,
            "equity": 965465,
            "current_ratio": 995.27,
            "debt_ratio": 9.14,
            "inventory_turnover_ratio": 1.91,
            "account_receivable_turnover_ratio": 2.62,
            "reinvestment_rate": 0.89,
            "research_to_sale_ratio": 7.26,
            "price_fair": 297.22,
            "eps_avg_yearly": 8.49,
            "eps_latest_yearly": 2.44,
            "eps_growth_yearly": 444.23
        },
        "20181": {
            "year_quarter": 20181,
            "year": 2018,
            "quarter": 1,
            "eps": -1.07,
            "eps_growth_year": null,
            "eps_4q": -3.94,
            "eps_4q_growth_year": -221.57,
            "roe": -3.7,
            "roe_4q": -12.940000000000001,
            "gross_profit": 16362,
            "gross_margin": 15.17,
            "gross_margin_4q_avg": 17.41,
            "net_income": -35088,
            "revenue": 107871,
            "common_shares": 327726,
            "book_valuer_per_share": 28.41,
            "book_valuer_per_share_4q_avg": 30.23,
            "equity": 931218,
            "current_ratio": 1365.08,
            "debt_ratio": 6.26,
            "inventory_turnover_ratio": 2.46,
            "account_receivable_turnover_ratio": 3.65,
            "reinvestment_rate": 0.7,
            "research_to_sale_ratio": 4.67,
            "price_fair": 297.22,
            "eps_avg_yearly": 8.49,
            "eps_latest_yearly": 2.44,
            "eps_growth_yearly": 444.23
        },
        "20182": {
            "year_quarter": 20182,
            "year": 2018,
            "quarter": 2,
            "eps": 0.09,
            "eps_growth_year": null,
            "eps_4q": -3.52,
            "eps_4q_growth_year": null,
            "roe": 0.35,
            "roe_4q": -11.63,
            "gross_profit": 20004,
            "gross_margin": 18.14,
            "gross_margin_4q_avg": 11.98,
            "net_income": 3129,
            "revenue": 110258,
            "common_shares": 327726,
            "book_valuer_per_share": 26.89,
            "book_valuer_per_share_4q_avg": 28.96,
            "equity": 881353,
            "current_ratio": 666.34,
            "debt_ratio": 12.33,
            "inventory_turnover_ratio": 2.86,
            "account_receivable_turnover_ratio": 2.9,
            "reinvestment_rate": 0.08,
            "research_to_sale_ratio": 4.69,
            "price_fair": 297.22,
            "eps_avg_yearly": 8.49,
            "eps_latest_yearly": 2.44,
            "eps_growth_yearly": 444.23
        },
        "20183": {
            "year_quarter": 20183,
            "year": 2018,
            "quarter": 3,
            "eps": -0.67,
            "eps_growth_year": null,
            "eps_4q": -3.26,
            "eps_4q_growth_year": null,
            "roe": -2.54,
            "roe_4q": -11.2,
            "gross_profit": 15428,
            "gross_margin": 16.17,
            "gross_margin_4q_avg": 12.83,
            "net_income": -22128,
            "revenue": 95418,
            "common_shares": 327726,
            "book_valuer_per_share": 26.17,
            "book_valuer_per_share_4q_avg": 27.73,
            "equity": 857674,
            "current_ratio": 856.5,
            "debt_ratio": 9.58,
            "inventory_turnover_ratio": 2.77,
            "account_receivable_turnover_ratio": 2.61,
            "reinvestment_rate": -0.24,
            "research_to_sale_ratio": 8.15,
            "price_fair": 328.84,
            "eps_avg_yearly": 9.4,
            "eps_latest_yearly": 2.44,
            "eps_growth_yearly": 507.26
        },
        "20184": {
            "year_quarter": 20184,
            "year": 2018,
            "quarter": 4,
            "eps": -1.15,
            "eps_growth_year": null,
            "eps_4q": -2.8,
            "eps_4q_growth_year": null,
            "roe": -4.56,
            "roe_4q": -10.45,
            "gross_profit": 11322,
            "gross_margin": 11.57,
            "gross_margin_4q_avg": 15.26,
            "net_income": -37725,
            "revenue": 97862,
            "common_shares": 327726,
            "book_valuer_per_share": 24.33,
            "book_valuer_per_share_4q_avg": 26.45,
            "equity": 797365,
            "current_ratio": 778.7,
            "debt_ratio": 10.78,
            "inventory_turnover_ratio": 3.85,
            "account_receivable_turnover_ratio": 2.97,
            "reinvestment_rate": -1.48,
            "research_to_sale_ratio": 6.96,
            "price_fair": 359.63,
            "eps_avg_yearly": 10.28,
            "eps_latest_yearly": 2.44,
            "eps_growth_yearly": 292.9
        },
        "20191": {
            "year_quarter": 20191,
            "year": 2019,
            "quarter": 1,
            "eps": -0.82,
            "eps_growth_year": null,
            "eps_4q": -2.55,
            "eps_4q_growth_year": null,
            "roe": -3.42,
            "roe_4q": -10.17,
            "gross_profit": 15983,
            "gross_margin": 16.67,
            "gross_margin_4q_avg": 15.64,
            "net_income": -26810,
            "revenue": 95852,
            "common_shares": 327726,
            "book_valuer_per_share": 23.54,
            "book_valuer_per_share_4q_avg": 25.23,
            "equity": 771328,
            "current_ratio": 622.98,
            "debt_ratio": 16.34,
            "inventory_turnover_ratio": 4.47,
            "account_receivable_turnover_ratio": 2.94,
            "reinvestment_rate": 5.78,
            "research_to_sale_ratio": 6.86,
            "price_fair": 394.2,
            "eps_avg_yearly": 11.26,
            "eps_latest_yearly": 2.44,
            "eps_growth_yearly": 310.52
        },
        "20192": {
            "year_quarter": 20192,
            "year": 2019,
            "quarter": 2,
            "eps": -0.62,
            "eps_growth_year": -788.89,
            "eps_4q": -3.27,
            "eps_4q_growth_year": null,
            "roe": -2.69,
            "roe_4q": -13.209999999999997,
            "gross_profit": 19081,
            "gross_margin": 15.8,
            "gross_margin_4q_avg": 15.05,
            "net_income": -20456,
            "revenue": 120757,
            "common_shares": 327726,
            "book_valuer_per_share": 22.91,
            "book_valuer_per_share_4q_avg": 24.24,
            "equity": 751544,
            "current_ratio": 533.75,
            "debt_ratio": 18.13,
            "inventory_turnover_ratio": 5.35,
            "account_receivable_turnover_ratio": 3.07,
            "reinvestment_rate": 6.58,
            "research_to_sale_ratio": 6.34,
            "price_fair": 430.73,
            "eps_avg_yearly": 12.31,
            "eps_latest_yearly": 2.44,
            "eps_growth_yearly": 329.74
        },
        "20193": {
            "year_quarter": 20193,
            "year": 2019,
            "quarter": 3,
            "eps": -0.85,
            "eps_growth_year": null,
            "eps_4q": -3.44,
            "eps_4q_growth_year": null,
            "roe": -3.8,
            "roe_4q": -14.469999999999999,
            "gross_profit": 16008,
            "gross_margin": 13.99,
            "gross_margin_4q_avg": 14.51,
            "net_income": -28014,
            "revenue": 114440,
            "common_shares": 327726,
            "book_valuer_per_share": 22.03,
            "book_valuer_per_share_4q_avg": 23.2,
            "equity": 722707,
            "current_ratio": 542.71,
            "debt_ratio": 17.51,
            "inventory_turnover_ratio": 5.88,
            "account_receivable_turnover_ratio": 2.28,
            "reinvestment_rate": 11.41,
            "research_to_sale_ratio": 7.15,
            "price_fair": 401.8,
            "eps_avg_yearly": 11.48,
            "eps_latest_yearly": 2.44,
            "eps_growth_yearly": 212.65
        },
        "20194": {
            "year_quarter": 20194,
            "year": 2019,
            "quarter": 4,
            "eps": -1.35,
            "eps_growth_year": null,
            "eps_4q": -3.65,
            "eps_4q_growth_year": null,
            "roe": -6.4,
            "roe_4q": -16.31,
            "gross_profit": 18033,
            "gross_margin": 16.75,
            "gross_margin_4q_avg": 15.8,
            "net_income": -44710,
            "revenue": 107666,
            "common_shares": 327726,
            "book_valuer_per_share": 20.57,
            "book_valuer_per_share_4q_avg": 22.26,
            "equity": 674501,
            "current_ratio": 550.83,
            "debt_ratio": 16.89,
            "inventory_turnover_ratio": 4.77,
            "account_receivable_turnover_ratio": 2.32,
            "reinvestment_rate": null,
            "research_to_sale_ratio": 5.72,
            "price_fair": 324.1,
            "eps_avg_yearly": 9.26,
            "eps_latest_yearly": 2.44,
            "eps_growth_yearly": 241.96
        },
        "20201": {
            "year_quarter": 20201,
            "year": 2020,
            "quarter": 1,
            "eps": -0.31,
            "eps_growth_year": null,
            "eps_4q": -3.14,
            "eps_4q_growth_year": null,
            "roe": -1.55,
            "roe_4q": -14.44,
            "gross_profit": 29291,
            "gross_margin": 19.68,
            "gross_margin_4q_avg": 16.56,
            "net_income": -10381,
            "revenue": 148842,
            "common_shares": 327726,
            "book_valuer_per_share": 20.23,
            "book_valuer_per_share_4q_avg": 21.44,
            "equity": 663027,
            "current_ratio": 553.7,
            "debt_ratio": 16.78,
            "inventory_turnover_ratio": 4.26,
            "account_receivable_turnover_ratio": 2.85,
            "reinvestment_rate": null,
            "research_to_sale_ratio": 3.86,
            "price_fair": 200.2,
            "eps_avg_yearly": 5.72,
            "eps_latest_yearly": 2.44,
            "eps_growth_yearly": 325.76
        },
        "20202": {
            "year_quarter": 20202,
            "year": 2020,
            "quarter": 2,
            "eps": -0.72,
            "eps_growth_year": null,
            "eps_4q": -3.26,
            "eps_4q_growth_year": null,
            "roe": -3.66,
            "roe_4q": -15.41,
            "gross_profit": 25885,
            "gross_margin": 19.14,
            "gross_margin_4q_avg": 17.39,
            "net_income": -23697,
            "revenue": 135270,
            "common_shares": 327726,
            "book_valuer_per_share": 19.36,
            "book_valuer_per_share_4q_avg": 20.55,
            "equity": 630454,
            "current_ratio": 526.38,
            "debt_ratio": 17.5,
            "inventory_turnover_ratio": 3.31,
            "account_receivable_turnover_ratio": 2.47,
            "reinvestment_rate": null,
            "research_to_sale_ratio": 4.41,
            "price_fair": 51.8,
            "eps_avg_yearly": 1.48,
            "eps_latest_yearly": 2.44,
            "eps_growth_yearly": 545.79
        },
        "20203": {
            "year_quarter": 20203,
            "year": 2020,
            "quarter": 3,
            "eps": -0.64,
            "eps_growth_year": null,
            "eps_4q": -3.05,
            "eps_4q_growth_year": null,
            "roe": -3.39,
            "roe_4q": -15.000000000000002,
            "gross_profit": 26375,
            "gross_margin": 20.46,
            "gross_margin_4q_avg": 19.01,
            "net_income": -20951,
            "revenue": 128910,
            "common_shares": 327726,
            "book_valuer_per_share": 18.55,
            "book_valuer_per_share_4q_avg": 19.68,
            "equity": 603951,
            "current_ratio": 520.22,
            "debt_ratio": 17.54,
            "inventory_turnover_ratio": 2.98,
            "account_receivable_turnover_ratio": 2.85,
            "reinvestment_rate": null,
            "research_to_sale_ratio": 4.85,
            "price_fair": 85.4,
            "eps_avg_yearly": 2.44,
            "eps_latest_yearly": 2.44,
            "eps_growth_yearly": 1476.92
        },
        "20204": {
            "year_quarter": 20204,
            "year": 2020,
            "quarter": 4,
            "eps": -0.59,
            "eps_growth_year": null,
            "eps_4q": -2.28,
            "eps_4q_growth_year": null,
            "roe": -3.26,
            "roe_4q": -11.860000000000001,
            "gross_profit": 28311,
            "gross_margin": 19.5,
            "gross_margin_4q_avg": 19.7,
            "net_income": -19459,
            "revenue": 145163,
            "common_shares": 327726,
            "book_valuer_per_share": 18.01,
            "book_valuer_per_share_4q_avg": 19.04,
            "equity": 588382,
            "current_ratio": 403.4,
            "debt_ratio": 20.57,
            "inventory_turnover_ratio": 3.41,
            "account_receivable_turnover_ratio": 2.7,
            "reinvestment_rate": null,
            "research_to_sale_ratio": 4.75,
            "price_fair": 0,
            "eps_avg_yearly": 0,
            "eps_latest_yearly": 0,
            "eps_growth_yearly": 0
        },
        "20211": {
            "year_quarter": 20211,
            "year": 2021,
            "quarter": 1,
            "eps": -0.68,
            "eps_growth_year": null,
            "eps_4q": -2.64,
            "eps_4q_growth_year": null,
            "roe": -3.86,
            "roe_4q": -14.17,
            "gross_profit": 25929,
            "gross_margin": 17.58,
            "gross_margin_4q_avg": 19.17,
            "net_income": -22485,
            "revenue": 147474,
            "common_shares": 327726,
            "book_valuer_per_share": 17.32,
            "book_valuer_per_share_4q_avg": 18.31,
            "equity": 575359,
            "current_ratio": 435.97,
            "debt_ratio": 18.96,
            "inventory_turnover_ratio": 3.46,
            "account_receivable_turnover_ratio": 2.6,
            "reinvestment_rate": null,
            "research_to_sale_ratio": 5.18,
            "price_fair": 0,
            "eps_avg_yearly": 0,
            "eps_latest_yearly": 0,
            "eps_growth_yearly": 0
        },
        "20212": {
            "year_quarter": 20212,
            "year": 2021,
            "quarter": 2,
            "eps": -0.56,
            "eps_growth_year": null,
            "eps_4q": -2.48,
            "eps_4q_growth_year": null,
            "roe": -3.28,
            "roe_4q": -13.79,
            "gross_profit": 28528,
            "gross_margin": 18.56,
            "gross_margin_4q_avg": 19.03,
            "net_income": -18583,
            "revenue": 153726,
            "common_shares": 327726,
            "book_valuer_per_share": 16.75,
            "book_valuer_per_share_4q_avg": 17.66,
            "equity": 556305,
            "current_ratio": 373.94,
            "debt_ratio": 21.32,
            "inventory_turnover_ratio": 3.25,
            "account_receivable_turnover_ratio": 2.95,
            "reinvestment_rate": null,
            "research_to_sale_ratio": 4.34,
            "price_fair": 0,
            "eps_avg_yearly": 0,
            "eps_latest_yearly": 0,
            "eps_growth_yearly": 0
        },
        "20213": {
            "year_quarter": 20213,
            "year": 2021,
            "quarter": 3,
            "eps": -0.72,
            "eps_growth_year": null,
            "eps_4q": -2.56,
            "eps_4q_growth_year": null,
            "roe": -4.37,
            "roe_4q": -14.77,
            "gross_profit": 27660,
            "gross_margin": 18.95,
            "gross_margin_4q_avg": 18.65,
            "net_income": -23768,
            "revenue": 145928,
            "common_shares": 327726,
            "book_valuer_per_share": 16.02,
            "book_valuer_per_share_4q_avg": 17.03,
            "equity": 532483,
            "current_ratio": 367.18,
            "debt_ratio": 21.25,
            "inventory_turnover_ratio": 2.88,
            "account_receivable_turnover_ratio": 2.71,
            "reinvestment_rate": null,
            "research_to_sale_ratio": 7.25,
            "price_fair": 0,
            "eps_avg_yearly": 0,
            "eps_latest_yearly": 0,
            "eps_growth_yearly": 0
        },
        "20214": {
            "year_quarter": 20214,
            "year": 2021,
            "quarter": 4,
            "eps": -0.69,
            "eps_growth_year": null,
            "eps_4q": -2.66,
            "eps_4q_growth_year": null,
            "roe": -4.25,
            "roe_4q": -15.76,
            "gross_profit": 18423,
            "gross_margin": 13.11,
            "gross_margin_4q_avg": 17.05,
            "net_income": -22624,
            "revenue": 140484,
            "common_shares": 327726,
            "book_valuer_per_share": 15.88,
            "book_valuer_per_share_4q_avg": 16.49,
            "equity": 531714,
            "current_ratio": 355.85,
            "debt_ratio": 21.31,
            "inventory_turnover_ratio": 3.44,
            "account_receivable_turnover_ratio": 2.63,
            "reinvestment_rate": null,
            "research_to_sale_ratio": 4.76,
            "price_fair": 0,
            "eps_avg_yearly": 0,
            "eps_latest_yearly": 0,
            "eps_growth_yearly": 0
        },
        "20221": {
            "year_quarter": 20221,
            "year": 2022,
            "quarter": 1,
            "eps": -0.65,
            "eps_growth_year": null,
            "eps_4q": -2.63,
            "eps_4q_growth_year": null,
            "roe": -4.19,
            "roe_4q": -16.090000000000003,
            "gross_profit": 18680,
            "gross_margin": 13.9,
            "gross_margin_4q_avg": 16.13,
            "net_income": -21838,
            "revenue": 134348,
            "common_shares": 327726,
            "book_valuer_per_share": 15.27,
            "book_valuer_per_share_4q_avg": 15.98,
            "equity": 511663,
            "current_ratio": 438.93,
            "debt_ratio": 17.16,
            "inventory_turnover_ratio": 3.77,
            "account_receivable_turnover_ratio": 2.86,
            "reinvestment_rate": null,
            "research_to_sale_ratio": 3.78,
            "price_fair": 0,
            "eps_avg_yearly": 0,
            "eps_latest_yearly": 0,
            "eps_growth_yearly": 0
        },
        "20222": {
            "year_quarter": 20222,
            "year": 2022,
            "quarter": 2,
            "eps": -0.73,
            "eps_growth_year": null,
            "eps_4q": -2.8,
            "eps_4q_growth_year": null,
            "roe": -4.88,
            "roe_4q": -17.69,
            "gross_profit": 21378,
            "gross_margin": 15.89,
            "gross_margin_4q_avg": 15.46,
            "net_income": -24384,
            "revenue": 134511,
            "common_shares": 327726,
            "book_valuer_per_share": 14.56,
            "book_valuer_per_share_4q_avg": 15.43,
            "equity": 488682,
            "current_ratio": 360.49,
            "debt_ratio": 20.98,
            "inventory_turnover_ratio": 3.4,
            "account_receivable_turnover_ratio": 3.24,
            "reinvestment_rate": null,
            "research_to_sale_ratio": 4.37,
            "price_fair": 0,
            "eps_avg_yearly": 0,
            "eps_latest_yearly": 0,
            "eps_growth_yearly": 0
        },
        "20223": {
            "year_quarter": 20223,
            "year": 2022,
            "quarter": 3,
            "eps": -0.32,
            "eps_growth_year": null,
            "eps_4q": -2.4,
            "eps_4q_growth_year": null,
            "roe": -2.34,
            "roe_4q": -15.66,
            "gross_profit": 22601,
            "gross_margin": 16.61,
            "gross_margin_4q_avg": 14.88,
            "net_income": -11209,
            "revenue": 136030,
            "common_shares": 325456,
            "book_valuer_per_share": 13.98,
            "book_valuer_per_share_4q_avg": 14.92,
            "equity": 469378,
            "current_ratio": 375.33,
            "debt_ratio": 20.29,
            "inventory_turnover_ratio": 3.5,
            "account_receivable_turnover_ratio": 2.84,
            "reinvestment_rate": null,
            "research_to_sale_ratio": 3.7,
            "price_fair": 0,
            "eps_avg_yearly": 0,
            "eps_latest_yearly": 0,
            "eps_growth_yearly": 0
        },
        "20224": {
            "year_quarter": 20224,
            "year": 2022,
            "quarter": 4,
            "eps": -0.57,
            "eps_growth_year": null,
            "eps_4q": -2.28,
            "eps_4q_growth_year": null,
            "roe": -4.12,
            "roe_4q": -15.530000000000001,
            "gross_profit": 19902,
            "gross_margin": 16.03,
            "gross_margin_4q_avg": 15.61,
            "net_income": -19056,
            "revenue": 124176,
            "common_shares": 325456,
            "book_valuer_per_share": 13.57,
            "book_valuer_per_share_4q_avg": 14.35,
            "equity": 455415,
            "current_ratio": 321.82,
            "debt_ratio": 21.36,
            "inventory_turnover_ratio": 3.52,
            "account_receivable_turnover_ratio": 2.46,
            "reinvestment_rate": null,
            "research_to_sale_ratio": 5.4,
            "price_fair": 0,
            "eps_avg_yearly": 0,
            "eps_latest_yearly": 0,
            "eps_growth_yearly": 0
        },
        "20231": {
            "year_quarter": 20231,
            "year": 2023,
            "quarter": 1,
            "eps": -0.43,
            "eps_growth_year": null,
            "eps_4q": -2.06,
            "eps_4q_growth_year": null,
            "roe": -3.23,
            "roe_4q": -14.57,
            "gross_profit": 17801,
            "gross_margin": 15.54,
            "gross_margin_4q_avg": 16.02,
            "net_income": -14484,
            "revenue": 114571,
            "common_shares": 325456,
            "book_valuer_per_share": 13.15,
            "book_valuer_per_share_4q_avg": 13.82,
            "equity": 441136,
            "current_ratio": 348.49,
            "debt_ratio": 19.34,
            "inventory_turnover_ratio": 3.35,
            "account_receivable_turnover_ratio": 2.36,
            "reinvestment_rate": null,
            "research_to_sale_ratio": 5.63,
            "price_fair": 0,
            "eps_avg_yearly": 0,
            "eps_latest_yearly": 0,
            "eps_growth_yearly": 0
        }
    },
    "months": {
        "2004-05": {
            "month": "2004-05",
            "price": "25.70",
            "revenue": 10781
        },
        "2004-06": {
            "month": "2004-06",
            "price": "25.93",
            "revenue": 10533
        },
        "2004-07": {
            "month": "2004-07",
            "price": "25.01",
            "revenue": 1945
        },
        "2004-10": {
            "month": "2004-10",
            "price": "24.50",
            "revenue": 6668
        },
        "2004-11": {
            "month": "2004-11",
            "price": "21.48",
            "revenue": 5918
        },
        "2004-12": {
            "month": "2004-12",
            "price": "18.98",
            "revenue": 4438
        },
        "2005-01": {
            "month": "2005-01",
            "price": "18.44",
            "revenue": 15643
        },
        "2005-02": {
            "month": "2005-02",
            "price": "18.53",
            "revenue": 8127
        },
        "2005-03": {
            "month": "2005-03",
            "price": "18.64",
            "revenue": 8649
        },
        "2005-04": {
            "month": "2005-04",
            "price": "18.13",
            "revenue": 5940
        },
        "2005-05": {
            "month": "2005-05",
            "price": "14.54",
            "revenue": 931
        },
        "2005-06": {
            "month": "2005-06",
            "price": "11.82",
            "revenue": 6900
        },
        "2005-07": {
            "month": "2005-07",
            "price": "13.26",
            "revenue": 1001
        },
        "2005-08": {
            "month": "2005-08",
            "price": "15.58",
            "revenue": 130
        },
        "2005-09": {
            "month": "2005-09",
            "price": "13.68",
            "revenue": 2073
        },
        "2005-10": {
            "month": "2005-10",
            "price": "11.71",
            "revenue": 2227
        },
        "2005-11": {
            "month": "2005-11",
            "price": "10.01",
            "revenue": 3527
        },
        "2005-12": {
            "month": "2005-12",
            "price": "10.18",
            "revenue": 894
        },
        "2006-01": {
            "month": "2006-01",
            "price": "10.09",
            "revenue": 5590
        },
        "2006-02": {
            "month": "2006-02",
            "price": "9.95",
            "revenue": 1154
        },
        "2006-03": {
            "month": "2006-03",
            "price": "9.65",
            "revenue": 1977
        },
        "2006-04": {
            "month": "2006-04",
            "price": "8.16",
            "revenue": 2135
        },
        "2006-05": {
            "month": "2006-05",
            "price": "6.59",
            "revenue": 1733
        },
        "2006-06": {
            "month": "2006-06",
            "price": "5.58",
            "revenue": 1228
        },
        "2006-07": {
            "month": "2006-07",
            "price": "3.74",
            "revenue": 1943
        },
        "2006-08": {
            "month": "2006-08",
            "price": "4.28",
            "revenue": 254
        },
        "2006-09": {
            "month": "2006-09",
            "price": "5.71",
            "revenue": 327
        },
        "2006-10": {
            "month": "2006-10",
            "price": "4.88",
            "revenue": 452
        },
        "2006-11": {
            "month": "2006-11",
            "price": "6.25",
            "revenue": 386
        },
        "2006-12": {
            "month": "2006-12",
            "price": "11.76",
            "revenue": 430
        },
        "2007-01": {
            "month": "2007-01",
            "price": "10.53",
            "revenue": 336
        },
        "2007-02": {
            "month": "2007-02",
            "price": "9.98",
            "revenue": 757
        },
        "2007-03": {
            "month": "2007-03",
            "price": "10.04",
            "revenue": 1404
        },
        "2007-04": {
            "month": "2007-04",
            "price": "11.36",
            "revenue": 1720
        },
        "2007-05": {
            "month": "2007-05",
            "price": "16.95",
            "revenue": 4895
        },
        "2007-06": {
            "month": "2007-06",
            "price": "18.31",
            "revenue": 4598
        },
        "2007-07": {
            "month": "2007-07",
            "price": "33.24",
            "revenue": 8194
        },
        "2007-08": {
            "month": "2007-08",
            "price": "26.09",
            "revenue": 624
        },
        "2007-09": {
            "month": "2007-09",
            "price": "13.04",
            "revenue": 306
        },
        "2007-10": {
            "month": "2007-10",
            "price": "12.91",
            "revenue": 453
        },
        "2007-11": {
            "month": "2007-11",
            "price": "11.73",
            "revenue": 446
        },
        "2007-12": {
            "month": "2007-12",
            "price": "9.82",
            "revenue": 420
        },
        "2008-01": {
            "month": "2008-01",
            "price": "7.98",
            "revenue": 1496
        },
        "2008-02": {
            "month": "2008-02",
            "price": "10.08",
            "revenue": 678
        },
        "2008-03": {
            "month": "2008-03",
            "price": "11.08",
            "revenue": 1204
        },
        "2008-04": {
            "month": "2008-04",
            "price": "12.35",
            "revenue": 1377
        },
        "2008-05": {
            "month": "2008-05",
            "price": "9.71",
            "revenue": 1634
        },
        "2008-06": {
            "month": "2008-06",
            "price": "8.52",
            "revenue": 1837
        },
        "2008-07": {
            "month": "2008-07",
            "price": "7.23",
            "revenue": 1917
        },
        "2008-08": {
            "month": "2008-08",
            "price": "7.22",
            "revenue": 1121
        },
        "2008-09": {
            "month": "2008-09",
            "price": "6.48",
            "revenue": 1218
        },
        "2008-10": {
            "month": "2008-10",
            "price": "5.62",
            "revenue": 299
        },
        "2008-11": {
            "month": "2008-11",
            "price": "4.81",
            "revenue": 4990
        },
        "2008-12": {
            "month": "2008-12",
            "price": "4.70",
            "revenue": 2758
        },
        "2009-01": {
            "month": "2009-01",
            "price": "4.43",
            "revenue": 2402
        },
        "2009-02": {
            "month": "2009-02",
            "price": "4.33",
            "revenue": 1289
        },
        "2009-03": {
            "month": "2009-03",
            "price": "4.97",
            "revenue": 2934
        },
        "2009-04": {
            "month": "2009-04",
            "price": "7.44",
            "revenue": 4888
        },
        "2009-05": {
            "month": "2009-05",
            "price": "7.30",
            "revenue": 12522
        },
        "2009-06": {
            "month": "2009-06",
            "price": "6.53",
            "revenue": 13475
        },
        "2009-07": {
            "month": "2009-07",
            "price": "6.61",
            "revenue": 26488
        },
        "2009-08": {
            "month": "2009-08",
            "price": "6.90",
            "revenue": 24627
        },
        "2009-09": {
            "month": "2009-09",
            "price": "6.67",
            "revenue": 10993
        },
        "2009-10": {
            "month": "2009-10",
            "price": "6.15",
            "revenue": 16237
        },
        "2009-11": {
            "month": "2009-11",
            "price": "8.31",
            "revenue": 14279
        },
        "2009-12": {
            "month": "2009-12",
            "price": "33.20",
            "revenue": 21680
        },
        "2010-01": {
            "month": "2010-01",
            "price": "32.01",
            "revenue": 16344
        },
        "2010-02": {
            "month": "2010-02",
            "price": "25.71",
            "revenue": 14617
        },
        "2010-03": {
            "month": "2010-03",
            "price": "32.05",
            "revenue": 14659
        },
        "2010-04": {
            "month": "2010-04",
            "price": "33.97",
            "revenue": 16490
        },
        "2010-05": {
            "month": "2010-05",
            "price": "29.35",
            "revenue": 16324
        },
        "2010-06": {
            "month": "2010-06",
            "price": "27.92",
            "revenue": 18681
        },
        "2010-07": {
            "month": "2010-07",
            "price": "28.50",
            "revenue": 21659
        },
        "2010-08": {
            "month": "2010-08",
            "price": "28.42",
            "revenue": 37924
        },
        "2010-09": {
            "month": "2010-09",
            "price": "26.94",
            "revenue": 21858
        },
        "2010-10": {
            "month": "2010-10",
            "price": "28.15",
            "revenue": 20027
        },
        "2010-11": {
            "month": "2010-11",
            "price": "26.45",
            "revenue": 16715
        },
        "2010-12": {
            "month": "2010-12",
            "price": "26.80",
            "revenue": 22203
        },
        "2011-01": {
            "month": "2011-01",
            "price": "23.82",
            "revenue": 17117
        },
        "2011-02": {
            "month": "2011-02",
            "price": "23.61",
            "revenue": 12282
        },
        "2011-03": {
            "month": "2011-03",
            "price": "19.95",
            "revenue": 23077
        },
        "2011-04": {
            "month": "2011-04",
            "price": "20.23",
            "revenue": 35334
        },
        "2011-05": {
            "month": "2011-05",
            "price": "20.85",
            "revenue": 31061
        },
        "2011-06": {
            "month": "2011-06",
            "price": "19.61",
            "revenue": 15093
        },
        "2011-07": {
            "month": "2011-07",
            "price": "19.60",
            "revenue": 27050
        },
        "2011-08": {
            "month": "2011-08",
            "price": "19.54",
            "revenue": 39782
        },
        "2011-09": {
            "month": "2011-09",
            "price": "19.30",
            "revenue": 15052
        },
        "2011-10": {
            "month": "2011-10",
            "price": "16.49",
            "revenue": 23862
        },
        "2011-11": {
            "month": "2011-11",
            "price": "15.09",
            "revenue": 13564
        },
        "2011-12": {
            "month": "2011-12",
            "price": "13.92",
            "revenue": 23334
        },
        "2012-01": {
            "month": "2012-01",
            "price": "13.73",
            "revenue": 29517
        },
        "2012-02": {
            "month": "2012-02",
            "price": "17.74",
            "revenue": 32729
        },
        "2012-03": {
            "month": "2012-03",
            "price": "18.21",
            "revenue": 32877
        },
        "2012-04": {
            "month": "2012-04",
            "price": "17.28",
            "revenue": 30774
        },
        "2012-05": {
            "month": "2012-05",
            "price": "16.25",
            "revenue": 26466
        },
        "2012-06": {
            "month": "2012-06",
            "price": "16.14",
            "revenue": 28000
        },
        "2012-07": {
            "month": "2012-07",
            "price": "15.96",
            "revenue": 26069
        },
        "2012-08": {
            "month": "2012-08",
            "price": "15.21",
            "revenue": 37083
        },
        "2012-09": {
            "month": "2012-09",
            "price": "16.28",
            "revenue": 27586
        },
        "2012-10": {
            "month": "2012-10",
            "price": "18.25",
            "revenue": 26439
        },
        "2012-11": {
            "month": "2012-11",
            "price": "15.36",
            "revenue": 36086
        },
        "2012-12": {
            "month": "2012-12",
            "price": "19.24",
            "revenue": 42680
        },
        "2013-01": {
            "month": "2013-01",
            "price": "21.44",
            "revenue": 20217
        },
        "2013-02": {
            "month": "2013-02",
            "price": "26.76",
            "revenue": 12201
        },
        "2013-03": {
            "month": "2013-03",
            "price": "31.43",
            "revenue": 12410
        },
        "2013-04": {
            "month": "2013-04",
            "price": "25.30",
            "revenue": 20178
        },
        "2013-05": {
            "month": "2013-05",
            "price": "26.45",
            "revenue": 23502
        },
        "2013-06": {
            "month": "2013-06",
            "price": "27.93",
            "revenue": 19889
        },
        "2013-07": {
            "month": "2013-07",
            "price": "25.20",
            "revenue": 35271
        },
        "2013-08": {
            "month": "2013-08",
            "price": "22.26",
            "revenue": 43845
        },
        "2013-09": {
            "month": "2013-09",
            "price": "24.11",
            "revenue": 28255
        },
        "2013-10": {
            "month": "2013-10",
            "price": "26.32",
            "revenue": 26810
        },
        "2013-11": {
            "month": "2013-11",
            "price": "27.38",
            "revenue": 17363
        },
        "2013-12": {
            "month": "2013-12",
            "price": "28.54",
            "revenue": 35505
        },
        "2014-01": {
            "month": "2014-01",
            "price": "29.07",
            "revenue": 20791
        },
        "2014-02": {
            "month": "2014-02",
            "price": "28.76",
            "revenue": 10033
        },
        "2014-03": {
            "month": "2014-03",
            "price": "26.84",
            "revenue": 29062
        },
        "2014-04": {
            "month": "2014-04",
            "price": "25.75",
            "revenue": 30381
        },
        "2014-05": {
            "month": "2014-05",
            "price": "25.26",
            "revenue": 35766
        },
        "2014-06": {
            "month": "2014-06",
            "price": "26.35",
            "revenue": 39177
        },
        "2014-07": {
            "month": "2014-07",
            "price": "31.62",
            "revenue": 45598
        },
        "2014-08": {
            "month": "2014-08",
            "price": "29.29",
            "revenue": 40863
        },
        "2014-09": {
            "month": "2014-09",
            "price": "28.72",
            "revenue": 36224
        },
        "2014-10": {
            "month": "2014-10",
            "price": "28.67",
            "revenue": 50634
        },
        "2014-11": {
            "month": "2014-11",
            "price": "28.79",
            "revenue": 40885
        },
        "2014-12": {
            "month": "2014-12",
            "price": "29.20",
            "revenue": 59270
        },
        "2015-01": {
            "month": "2015-01",
            "price": "29.94",
            "revenue": 55198
        },
        "2015-02": {
            "month": "2015-02",
            "price": "32.90",
            "revenue": 52690
        },
        "2015-03": {
            "month": "2015-03",
            "price": "32.19",
            "revenue": 49289
        },
        "2015-04": {
            "month": "2015-04",
            "price": "42.11",
            "revenue": 64779
        },
        "2015-05": {
            "month": "2015-05",
            "price": "58.72",
            "revenue": 76173
        },
        "2015-06": {
            "month": "2015-06",
            "price": "88.58",
            "revenue": 93375
        },
        "2015-07": {
            "month": "2015-07",
            "price": "114.65",
            "revenue": 106823
        },
        "2015-08": {
            "month": "2015-08",
            "price": "112.88",
            "revenue": 138751
        },
        "2015-09": {
            "month": "2015-09",
            "price": "159.25",
            "revenue": 106359
        },
        "2015-10": {
            "month": "2015-10",
            "price": "214.00",
            "revenue": 158094
        },
        "2015-11": {
            "month": "2015-11",
            "price": "297.64",
            "revenue": 163437
        },
        "2015-12": {
            "month": "2015-12",
            "price": "295.96",
            "revenue": 175415
        },
        "2016-01": {
            "month": "2016-01",
            "price": "298.07",
            "revenue": 218549
        },
        "2016-02": {
            "month": "2016-02",
            "price": "313.54",
            "revenue": 161228
        },
        "2016-03": {
            "month": "2016-03",
            "price": "301.67",
            "revenue": 181398
        },
        "2016-04": {
            "month": "2016-04",
            "price": "263.79",
            "revenue": 180646
        },
        "2016-05": {
            "month": "2016-05",
            "price": "231.52",
            "revenue": 154112
        },
        "2016-06": {
            "month": "2016-06",
            "price": "207.57",
            "revenue": 119154
        },
        "2016-07": {
            "month": "2016-07",
            "price": "197.38",
            "revenue": 83766
        },
        "2016-08": {
            "month": "2016-08",
            "price": "167.89",
            "revenue": 69224
        },
        "2016-09": {
            "month": "2016-09",
            "price": "153.26",
            "revenue": 53993
        },
        "2016-10": {
            "month": "2016-10",
            "price": "140.50",
            "revenue": 56019
        },
        "2016-11": {
            "month": "2016-11",
            "price": "105.35",
            "revenue": 58857
        },
        "2016-12": {
            "month": "2016-12",
            "price": "109.23",
            "revenue": 50622
        },
        "2017-01": {
            "month": "2017-01",
            "price": "125.09",
            "revenue": 51226
        },
        "2017-02": {
            "month": "2017-02",
            "price": "126.47",
            "revenue": 43970
        },
        "2017-03": {
            "month": "2017-03",
            "price": "134.98",
            "revenue": 40762
        },
        "2017-04": {
            "month": "2017-04",
            "price": "106.37",
            "revenue": 37596
        },
        "2017-05": {
            "month": "2017-05",
            "price": "91.70",
            "revenue": 40047
        },
        "2017-06": {
            "month": "2017-06",
            "price": "94.67",
            "revenue": 37659
        },
        "2017-07": {
            "month": "2017-07",
            "price": "98.87",
            "revenue": 36805
        },
        "2017-08": {
            "month": "2017-08",
            "price": "87.74",
            "revenue": 42934
        },
        "2017-09": {
            "month": "2017-09",
            "price": "81.32",
            "revenue": 33101
        },
        "2017-10": {
            "month": "2017-10",
            "price": "72.18",
            "revenue": 29143
        },
        "2017-11": {
            "month": "2017-11",
            "price": "66.89",
            "revenue": 38701
        },
        "2017-12": {
            "month": "2017-12",
            "price": "66.31",
            "revenue": 30889
        },
        "2018-01": {
            "month": "2018-01",
            "price": "66.92",
            "revenue": 36395
        },
        "2018-02": {
            "month": "2018-02",
            "price": "53.91",
            "revenue": 38235
        },
        "2018-03": {
            "month": "2018-03",
            "price": "60.15",
            "revenue": 33240
        },
        "2018-04": {
            "month": "2018-04",
            "price": "72.22",
            "revenue": 31813
        },
        "2018-05": {
            "month": "2018-05",
            "price": "63.69",
            "revenue": 38582
        },
        "2018-06": {
            "month": "2018-06",
            "price": "64.44",
            "revenue": 39864
        },
        "2018-07": {
            "month": "2018-07",
            "price": "61.28",
            "revenue": 35099
        },
        "2018-08": {
            "month": "2018-08",
            "price": "58.71",
            "revenue": 33036
        },
        "2018-09": {
            "month": "2018-09",
            "price": "52.25",
            "revenue": 27283
        },
        "2018-10": {
            "month": "2018-10",
            "price": "44.23",
            "revenue": 32614
        },
        "2018-11": {
            "month": "2018-11",
            "price": "40.95",
            "revenue": 31189
        },
        "2018-12": {
            "month": "2018-12",
            "price": "48.48",
            "revenue": 34059
        },
        "2019-01": {
            "month": "2019-01",
            "price": "49.24",
            "revenue": 33177
        },
        "2019-02": {
            "month": "2019-02",
            "price": "52.38",
            "revenue": 28641
        },
        "2019-03": {
            "month": "2019-03",
            "price": "51.10",
            "revenue": 34034
        },
        "2019-04": {
            "month": "2019-04",
            "price": "51.93",
            "revenue": 37266
        },
        "2019-05": {
            "month": "2019-05",
            "price": "48.56",
            "revenue": 37981
        },
        "2019-06": {
            "month": "2019-06",
            "price": "47.37",
            "revenue": 45510
        },
        "2019-07": {
            "month": "2019-07",
            "price": "55.99",
            "revenue": 40478
        },
        "2019-08": {
            "month": "2019-08",
            "price": "54.06",
            "revenue": 33098
        },
        "2019-09": {
            "month": "2019-09",
            "price": "55.91",
            "revenue": 40864
        },
        "2019-10": {
            "month": "2019-10",
            "price": "52.69",
            "revenue": 33519
        },
        "2019-11": {
            "month": "2019-11",
            "price": "50.89",
            "revenue": 35654
        },
        "2019-12": {
            "month": "2019-12",
            "price": "52.75",
            "revenue": 38493
        },
        "2020-01": {
            "month": "2020-01",
            "price": "48.98",
            "revenue": 45989
        },
        "2020-02": {
            "month": "2020-02",
            "price": "43.88",
            "revenue": 48831
        },
        "2020-03": {
            "month": "2020-03",
            "price": "34.48",
            "revenue": 54023
        },
        "2020-04": {
            "month": "2020-04",
            "price": "35.23",
            "revenue": 48364
        },
        "2020-05": {
            "month": "2020-05",
            "price": "42.17",
            "revenue": 42532
        },
        "2020-06": {
            "month": "2020-06",
            "price": "42.26",
            "revenue": 44373
        },
        "2020-07": {
            "month": "2020-07",
            "price": "42.13",
            "revenue": 45513
        },
        "2020-08": {
            "month": "2020-08",
            "price": "39.70",
            "revenue": 41009
        },
        "2020-09": {
            "month": "2020-09",
            "price": "37.09",
            "revenue": 42392
        },
        "2020-10": {
            "month": "2020-10",
            "price": "34.03",
            "revenue": 42201
        },
        "2020-11": {
            "month": "2020-11",
            "price": "34.77",
            "revenue": 49175
        },
        "2020-12": {
            "month": "2020-12",
            "price": "35.26",
            "revenue": 53784
        },
        "2021-01": {
            "month": "2021-01",
            "price": "31.92",
            "revenue": 50995
        },
        "2021-02": {
            "month": "2021-02",
            "price": "31.13",
            "revenue": 46364
        },
        "2021-03": {
            "month": "2021-03",
            "price": "31.81",
            "revenue": 50115
        },
        "2021-04": {
            "month": "2021-04",
            "price": "30.53",
            "revenue": 51207
        },
        "2021-05": {
            "month": "2021-05",
            "price": "28.47",
            "revenue": 49583
        },
        "2021-06": {
            "month": "2021-06",
            "price": "28.35",
            "revenue": 52937
        },
        "2021-07": {
            "month": "2021-07",
            "price": "27.52",
            "revenue": 47321
        },
        "2021-08": {
            "month": "2021-08",
            "price": "27.13",
            "revenue": 51664
        },
        "2021-09": {
            "month": "2021-09",
            "price": "26.15",
            "revenue": 46943
        },
        "2021-10": {
            "month": "2021-10",
            "price": "25.30",
            "revenue": 50276
        },
        "2021-11": {
            "month": "2021-11",
            "price": "26.38",
            "revenue": 45889
        },
        "2021-12": {
            "month": "2021-12",
            "price": "26.08",
            "revenue": 44199
        },
        "2022-01": {
            "month": "2022-01",
            "price": "25.59",
            "revenue": 50370
        },
        "2022-02": {
            "month": "2022-02",
            "price": "25.20",
            "revenue": 41796
        },
        "2022-03": {
            "month": "2022-03",
            "price": "23.17",
            "revenue": 42182
        },
        "2022-04": {
            "month": "2022-04",
            "price": "23.67",
            "revenue": 43505
        },
        "2022-05": {
            "month": "2022-05",
            "price": "21.65",
            "revenue": 46642
        },
        "2022-06": {
            "month": "2022-06",
            "price": "26.49",
            "revenue": 44364
        },
        "2022-07": {
            "month": "2022-07",
            "price": "46.54",
            "revenue": 49783
        },
        "2022-08": {
            "month": "2022-08",
            "price": "60.77",
            "revenue": 45255
        },
        "2022-09": {
            "month": "2022-09",
            "price": "57.55",
            "revenue": 40970
        },
        "2022-10": {
            "month": "2022-10",
            "price": "39.46",
            "revenue": 43825
        },
        "2022-11": {
            "month": "2022-11",
            "price": "45.78",
            "revenue": 40923
        },
        "2022-12": {
            "month": "2022-12",
            "price": "45.38",
            "revenue": 39450
        },
        "2023-01": {
            "month": "2023-01",
            "price": "39.32",
            "revenue": 34600
        },
        "2023-02": {
            "month": "2023-02",
            "price": "45.89",
            "revenue": 33633
        },
        "2023-03": {
            "month": "2023-03",
            "price": "41.52",
            "revenue": 46338
        },
        "2023-04": {
            "month": "2023-04",
            "price": "42.78",
            "revenue": 37314
        },
        "2023-05": {
            "month": "2023-05",
            "price": "45.09",
            "revenue": 39549
        }
    }
}
