{
    "summary": {
        "stock_name": "志豐",
        "stock_id": "3206",
        "category": "電子零組件",
        "main_business": "蜂鳴器、揚聲器、喇叭、麥克風、耳機之製造及銷售<br>通訊配件之製造及銷售",
        "website_url": "http://www.kingstate.com.tw",
        "ceo": "張演堂",
        "pe_ratio": 10,
        "report_year_from": 2002,
        "report_year_to": 2023,
        "age": 21,
        "eps_negative_percentage": 0,
        "eps_growth_avg": {
            "last_all": 13.28,
            "last_2y": 7.99,
            "last_4y": 21.73,
            "last_8y": 24.74,
            "last_12y": 17.51,
            "last_16y": 13.28,
            "last_20y": null,
            "at_2006_last_3y": null,
            "at_2007_last_3y": null,
            "at_2008_last_3y": null,
            "at_2009_last_3y": -0.45,
            "at_2010_last_3y": -0.45,
            "at_2011_last_3y": 15.05,
            "at_2012_last_3y": 20.14,
            "at_2013_last_3y": 1.25,
            "at_2014_last_3y": 1.25,
            "at_2015_last_3y": 7.45,
            "at_2016_last_3y": 8.91,
            "at_2017_last_3y": 28.5,
            "at_2018_last_3y": 13.91,
            "at_2019_last_3y": 16.81,
            "at_2020_last_3y": 23.65,
            "at_2021_last_3y": 14.97,
            "at_2022_last_3y": 16.74,
            "at_2023_last_3y": 16.74,
            "at_2006_last_all": null,
            "at_2007_last_all": 22.3,
            "at_2008_last_all": -5.72,
            "at_2009_last_all": -0.45,
            "at_2010_last_all": 19.64,
            "at_2011_last_all": 17.47,
            "at_2012_last_all": 9.05,
            "at_2013_last_all": 0.4,
            "at_2014_last_all": 11.47,
            "at_2015_last_all": 13.46,
            "at_2016_last_all": 9,
            "at_2017_last_all": 9.77,
            "at_2018_last_all": 12.22,
            "at_2019_last_all": 14.42,
            "at_2020_last_all": 12.91,
            "at_2021_last_all": 11.07,
            "at_2022_last_all": 13.28,
            "at_2023_last_all": 13.28
        },
        "latest_eps": 3.88,
        "latest_price": 37.25,
        "latest_roe": 17.75,
        "latest_gross_margin": 20.74,
        "latest_equity": 1339384,
        "latest_revenue": 817544,
        "latest_gross_profit": 169553,
        "latest_net_income": 56615,
        "latest_debt_ratio": 50.77,
        "latest_current_ratio": 187.75,
        "latest_account_receivable_turnover_ratio": 0.77,
        "latest_inventory_turnover_ratio": 2.08,
        "latest_reinvestment_rate": 11.6,
        "latest_research_to_sale_ratio": 2.38
    },
    "eps_dividends": {
        "2001": {
            "cash": 0,
            "stock": 0,
            "eps": 0
        },
        "2002": {
            "cash": 0,
            "stock": 0,
            "eps": 0
        },
        "2003": {
            "cash": 0,
            "stock": 0,
            "eps": 0
        },
        "2004": {
            "cash": 0,
            "stock": 0,
            "eps": 0
        },
        "2005": {
            "cash": 0.7,
            "stock": 0,
            "eps": 1.13
        },
        "2006": {
            "cash": 0.7,
            "stock": 0.6,
            "eps": 3.05
        },
        "2007": {
            "cash": 1.2,
            "stock": 0.6,
            "eps": 1.36
        },
        "2008": {
            "cash": 0.7,
            "stock": 0.3,
            "eps": 0.52
        },
        "2009": {
            "cash": 0.2,
            "stock": 0.15,
            "eps": 0.6
        },
        "2010": {
            "cash": 0.4,
            "stock": 0.1,
            "eps": 1.97
        },
        "2011": {
            "cash": 1.3,
            "stock": 0.2,
            "eps": 2.1
        },
        "2012": {
            "cash": 1.5,
            "stock": 0.5,
            "eps": 1.23
        },
        "2013": {
            "cash": 0.8,
            "stock": 0.2,
            "eps": 0.49
        },
        "2014": {
            "cash": 0.4,
            "stock": 0.1,
            "eps": 1.56
        },
        "2015": {
            "cash": 0.5,
            "stock": 0.5,
            "eps": 2.05
        },
        "2016": {
            "cash": 1.2,
            "stock": 0.3,
            "eps": 1.32
        },
        "2017": {
            "cash": 0.8,
            "stock": 0.2,
            "eps": 1.56
        },
        "2018": {
            "cash": 1,
            "stock": 0.2,
            "eps": 2.21
        },
        "2019": {
            "cash": 1.6,
            "stock": 0.2,
            "eps": 3.16
        },
        "2020": {
            "cash": 2,
            "stock": 0,
            "eps": 2.9
        },
        "2021": {
            "cash": 2,
            "stock": 0,
            "eps": 2.42
        },
        "2022": {
            "cash": 1.8,
            "stock": 0,
            "eps": 3.6
        },
        "2023": {
            "cash": 2.2,
            "stock": 0,
            "eps": 0.96
        }
    },
    "dividends": {
        "2005-04-07": {
            "cash": 0.7,
            "stock": 0
        },
        "2006-04-18": {
            "cash": 0.7,
            "stock": 0.6
        },
        "2007-03-29": {
            "cash": 1.2,
            "stock": 0.6
        },
        "2008-04-28": {
            "cash": 0.7,
            "stock": 0.3
        },
        "2009-04-30": {
            "cash": 0.2,
            "stock": 0.15
        },
        "2010-03-23": {
            "cash": 0.4,
            "stock": 0.1
        },
        "2011-03-17": {
            "cash": 1.3,
            "stock": 0.2
        },
        "2012-03-20": {
            "cash": 1.5,
            "stock": 0.5
        },
        "2013-06-06": {
            "cash": 0.8,
            "stock": 0.2
        },
        "2014-09-03": {
            "cash": 0.4,
            "stock": 0.1
        },
        "2015-08-24": {
            "cash": 0.5,
            "stock": 0.5
        },
        "2016-08-29": {
            "cash": 1.2,
            "stock": 0.3
        },
        "2017-08-29": {
            "cash": 0.8,
            "stock": 0.2
        },
        "2018-08-27": {
            "cash": 1,
            "stock": 0.2
        },
        "2019-09-03": {
            "cash": 1.6,
            "stock": 0.2
        },
        "2020-09-24": {
            "cash": 2,
            "stock": 0
        },
        "2021-09-27": {
            "cash": 2,
            "stock": 0
        },
        "2022-09-23": {
            "cash": 1.8,
            "stock": 0
        },
        "2023-03-07": {
            "cash": 2.2,
            "stock": 0
        }
    },
    "prices": {
        "200101": "無",
        "200102": "無",
        "200103": "無",
        "200104": "無",
        "200105": "無",
        "200106": "無",
        "200107": "無",
        "200108": "無",
        "200109": "無",
        "200110": "無",
        "200111": "無",
        "200112": "無",
        "200201": "無",
        "200202": "無",
        "200203": "無",
        "200204": "無",
        "200205": "無",
        "200206": "無",
        "200207": "無",
        "200208": "無",
        "200209": "無",
        "200210": "無",
        "200211": "無",
        "200212": "無",
        "200301": "無",
        "200302": "無",
        "200303": "無",
        "200304": "無",
        "200305": "無",
        "200306": "無",
        "200307": "無",
        "200308": "無",
        "200309": "無",
        "200310": "無",
        "200311": "無",
        "200312": "無",
        "200401": "無",
        "200402": "無",
        "200403": "無",
        "200404": "無",
        "200405": "無",
        "200406": "12.60",
        "200407": "12.17",
        "200408": "12.35",
        "200409": "12.28",
        "200410": "12.43",
        "200411": "12.51",
        "200412": "12.12",
        "200501": "12.30",
        "200502": "12.03",
        "200503": "12.03",
        "200504": "11.61",
        "200505": "11.18",
        "200506": "11.58",
        "200507": "11.83",
        "200508": "11.97",
        "200509": "12.89",
        "200510": "14.54",
        "200511": "15.39",
        "200512": "15.47",
        "200601": "16.15",
        "200602": "15.81",
        "200603": "18.91",
        "200604": "21.44",
        "200605": "24.98",
        "200606": "24.23",
        "200607": "25.76",
        "200608": "27.61",
        "200609": "28.83",
        "200610": "30.90",
        "200611": "31.52",
        "200612": "33.38",
        "200701": "37.90",
        "200702": "39.14",
        "200703": "37.96",
        "200704": "38.80",
        "200705": "34.03",
        "200706": "37.56",
        "200707": "42.15",
        "200708": "34.40",
        "200709": "27.31",
        "200710": "26.30",
        "200711": "20.39",
        "200712": "18.95",
        "200801": "16.95",
        "200802": "15.98",
        "200803": "16.61",
        "200804": "18.40",
        "200805": "19.07",
        "200806": "16.22",
        "200807": "13.98",
        "200808": "12.22",
        "200809": "10.61",
        "200810": "9.84",
        "200811": "9.57",
        "200812": "9.42",
        "200901": "8.90",
        "200902": "8.89",
        "200903": "9.99",
        "200904": "10.81",
        "200905": "10.49",
        "200906": "10.71",
        "200907": "11.59",
        "200908": "12.81",
        "200909": "13.22",
        "200910": "15.85",
        "200911": "16.33",
        "200912": "16.17",
        "201001": "16.62",
        "201002": "14.68",
        "201003": "16.73",
        "201004": "20.29",
        "201005": "25.07",
        "201006": "22.79",
        "201007": "23.94",
        "201008": "24.87",
        "201009": "39.25",
        "201010": "51.58",
        "201011": "53.69",
        "201012": "48.00",
        "201101": "31.41",
        "201102": "28.88",
        "201103": "28.42",
        "201104": "29.41",
        "201105": "27.61",
        "201106": "29.59",
        "201107": "30.40",
        "201108": "22.44",
        "201109": "17.08",
        "201110": "17.88",
        "201111": "18.43",
        "201112": "15.88",
        "201201": "16.13",
        "201202": "19.36",
        "201203": "23.58",
        "201204": "22.99",
        "201205": "21.08",
        "201206": "19.86",
        "201207": "19.90",
        "201208": "16.99",
        "201209": "17.26",
        "201210": "16.16",
        "201211": "14.55",
        "201212": "15.83",
        "201301": "16.10",
        "201302": "16.25",
        "201303": "16.66",
        "201304": "16.33",
        "201305": "16.46",
        "201306": "16.16",
        "201307": "15.52",
        "201308": "13.40",
        "201309": "13.20",
        "201310": "13.23",
        "201311": "13.16",
        "201312": "13.62",
        "201401": "14.59",
        "201402": "15.54",
        "201403": "15.18",
        "201404": "15.57",
        "201405": "15.72",
        "201406": "16.10",
        "201407": "20.96",
        "201408": "20.92",
        "201409": "25.19",
        "201410": "26.58",
        "201411": "22.34",
        "201412": "23.65",
        "201501": "26.83",
        "201502": "26.00",
        "201503": "26.07",
        "201504": "24.05",
        "201505": "23.60",
        "201506": "24.69",
        "201507": "24.47",
        "201508": "20.25",
        "201509": "20.73",
        "201510": "23.95",
        "201511": "23.15",
        "201512": "21.12",
        "201601": "19.23",
        "201602": "21.50",
        "201603": "22.56",
        "201604": "22.92",
        "201605": "23.57",
        "201606": "23.82",
        "201607": "26.28",
        "201608": "24.33",
        "201609": "21.61",
        "201610": "22.09",
        "201611": "20.40",
        "201612": "22.07",
        "201701": "22.77",
        "201702": "24.06",
        "201703": "23.85",
        "201704": "21.78",
        "201705": "22.43",
        "201706": "22.70",
        "201707": "21.55",
        "201708": "21.56",
        "201709": "24.45",
        "201710": "27.46",
        "201711": "26.30",
        "201712": "24.69",
        "201801": "25.09",
        "201802": "22.96",
        "201803": "23.36",
        "201804": "22.49",
        "201805": "21.32",
        "201806": "21.75",
        "201807": "21.84",
        "201808": "21.19",
        "201809": "22.34",
        "201810": "21.33",
        "201811": "22.96",
        "201812": "23.48",
        "201901": "22.15",
        "201902": "23.79",
        "201903": "25.20",
        "201904": "27.02",
        "201905": "26.63",
        "201906": "25.89",
        "201907": "27.90",
        "201908": "28.70",
        "201909": "33.20",
        "201910": "32.74",
        "201911": "35.47",
        "201912": "33.95",
        "202001": "33.32",
        "202002": "31.26",
        "202003": "26.61",
        "202004": "26.49",
        "202005": "27.79",
        "202006": "29.04",
        "202007": "28.28",
        "202008": "29.25",
        "202009": "30.68",
        "202010": "31.24",
        "202011": "31.66",
        "202012": "37.41",
        "202101": "36.29",
        "202102": "37.09",
        "202103": "37.49",
        "202104": "37.29",
        "202105": "32.96",
        "202106": "33.05",
        "202107": "33.92",
        "202108": "33.29",
        "202109": "30.54",
        "202110": "28.40",
        "202111": "28.94",
        "202112": "29.00",
        "202201": "28.90",
        "202202": "29.75",
        "202203": "29.10",
        "202204": "28.36",
        "202205": "27.76",
        "202206": "27.84",
        "202207": "26.25",
        "202208": "28.01",
        "202209": "27.70",
        "202210": "27.99",
        "202211": "28.74",
        "202212": "29.86",
        "202301": "29.19",
        "202302": "29.72",
        "202303": "31.12",
        "202304": "32.80",
        "202305": "35.95",
        "202306": "37.09"
    },
    "quarters": {
        "20011": {
            "year_quarter": 20011,
            "year": 2001,
            "quarter": 1,
            "eps": null,
            "eps_growth_year": null,
            "eps_4q": null,
            "eps_4q_growth_year": null,
            "roe": null,
            "roe_4q": 0,
            "gross_profit": null,
            "gross_margin": null,
            "gross_margin_4q_avg": 0,
            "net_income": null,
            "revenue": null,
            "common_shares": null,
            "book_valuer_per_share": null,
            "book_valuer_per_share_4q_avg": 0,
            "equity": null,
            "current_ratio": null,
            "debt_ratio": null,
            "inventory_turnover_ratio": null,
            "account_receivable_turnover_ratio": null,
            "reinvestment_rate": null,
            "research_to_sale_ratio": null,
            "price_fair": 0,
            "eps_avg_yearly": 0,
            "eps_latest_yearly": 0,
            "eps_growth_yearly": 0
        },
        "20012": {
            "year_quarter": 20012,
            "year": 2001,
            "quarter": 2,
            "eps": null,
            "eps_growth_year": null,
            "eps_4q": null,
            "eps_4q_growth_year": null,
            "roe": null,
            "roe_4q": 0,
            "gross_profit": null,
            "gross_margin": null,
            "gross_margin_4q_avg": 0,
            "net_income": null,
            "revenue": null,
            "common_shares": null,
            "book_valuer_per_share": null,
            "book_valuer_per_share_4q_avg": 0,
            "equity": null,
            "current_ratio": null,
            "debt_ratio": null,
            "inventory_turnover_ratio": null,
            "account_receivable_turnover_ratio": null,
            "reinvestment_rate": null,
            "research_to_sale_ratio": null,
            "price_fair": 0,
            "eps_avg_yearly": 0,
            "eps_latest_yearly": 0,
            "eps_growth_yearly": 0
        },
        "20013": {
            "year_quarter": 20013,
            "year": 2001,
            "quarter": 3,
            "eps": null,
            "eps_growth_year": null,
            "eps_4q": null,
            "eps_4q_growth_year": null,
            "roe": null,
            "roe_4q": 0,
            "gross_profit": null,
            "gross_margin": null,
            "gross_margin_4q_avg": 0,
            "net_income": null,
            "revenue": null,
            "common_shares": null,
            "book_valuer_per_share": null,
            "book_valuer_per_share_4q_avg": 0,
            "equity": null,
            "current_ratio": null,
            "debt_ratio": null,
            "inventory_turnover_ratio": null,
            "account_receivable_turnover_ratio": null,
            "reinvestment_rate": null,
            "research_to_sale_ratio": null,
            "price_fair": 0,
            "eps_avg_yearly": 0,
            "eps_latest_yearly": 0,
            "eps_growth_yearly": 0
        },
        "20014": {
            "year_quarter": 20014,
            "year": 2001,
            "quarter": 4,
            "eps": null,
            "eps_growth_year": null,
            "eps_4q": null,
            "eps_4q_growth_year": null,
            "roe": null,
            "roe_4q": 0,
            "gross_profit": null,
            "gross_margin": null,
            "gross_margin_4q_avg": 0,
            "net_income": null,
            "revenue": null,
            "common_shares": 260000,
            "book_valuer_per_share": 10.37,
            "book_valuer_per_share_4q_avg": 2.59,
            "equity": 269531,
            "current_ratio": 185.06,
            "debt_ratio": 34.43,
            "inventory_turnover_ratio": null,
            "account_receivable_turnover_ratio": null,
            "reinvestment_rate": null,
            "research_to_sale_ratio": null,
            "price_fair": 0,
            "eps_avg_yearly": 0,
            "eps_latest_yearly": 0,
            "eps_growth_yearly": 0
        },
        "20021": {
            "year_quarter": 20021,
            "year": 2002,
            "quarter": 1,
            "eps": null,
            "eps_growth_year": null,
            "eps_4q": null,
            "eps_4q_growth_year": null,
            "roe": null,
            "roe_4q": 0,
            "gross_profit": null,
            "gross_margin": null,
            "gross_margin_4q_avg": 0,
            "net_income": null,
            "revenue": null,
            "common_shares": null,
            "book_valuer_per_share": null,
            "book_valuer_per_share_4q_avg": 2.59,
            "equity": null,
            "current_ratio": null,
            "debt_ratio": null,
            "inventory_turnover_ratio": null,
            "account_receivable_turnover_ratio": null,
            "reinvestment_rate": null,
            "research_to_sale_ratio": null,
            "price_fair": 0,
            "eps_avg_yearly": 0,
            "eps_latest_yearly": 0,
            "eps_growth_yearly": 0
        },
        "20022": {
            "year_quarter": 20022,
            "year": 2002,
            "quarter": 2,
            "eps": null,
            "eps_growth_year": null,
            "eps_4q": null,
            "eps_4q_growth_year": null,
            "roe": null,
            "roe_4q": 0,
            "gross_profit": null,
            "gross_margin": null,
            "gross_margin_4q_avg": 0,
            "net_income": null,
            "revenue": null,
            "common_shares": null,
            "book_valuer_per_share": null,
            "book_valuer_per_share_4q_avg": 2.59,
            "equity": null,
            "current_ratio": null,
            "debt_ratio": null,
            "inventory_turnover_ratio": null,
            "account_receivable_turnover_ratio": null,
            "reinvestment_rate": null,
            "research_to_sale_ratio": null,
            "price_fair": 0,
            "eps_avg_yearly": 0,
            "eps_latest_yearly": 0,
            "eps_growth_yearly": 0
        },
        "20023": {
            "year_quarter": 20023,
            "year": 2002,
            "quarter": 3,
            "eps": null,
            "eps_growth_year": null,
            "eps_4q": null,
            "eps_4q_growth_year": null,
            "roe": null,
            "roe_4q": 0,
            "gross_profit": null,
            "gross_margin": null,
            "gross_margin_4q_avg": 0,
            "net_income": null,
            "revenue": null,
            "common_shares": null,
            "book_valuer_per_share": null,
            "book_valuer_per_share_4q_avg": 2.59,
            "equity": null,
            "current_ratio": null,
            "debt_ratio": null,
            "inventory_turnover_ratio": null,
            "account_receivable_turnover_ratio": null,
            "reinvestment_rate": null,
            "research_to_sale_ratio": null,
            "price_fair": 0,
            "eps_avg_yearly": 0,
            "eps_latest_yearly": 0,
            "eps_growth_yearly": 0
        },
        "20024": {
            "year_quarter": 20024,
            "year": 2002,
            "quarter": 4,
            "eps": null,
            "eps_growth_year": null,
            "eps_4q": null,
            "eps_4q_growth_year": null,
            "roe": null,
            "roe_4q": 0,
            "gross_profit": null,
            "gross_margin": null,
            "gross_margin_4q_avg": 0,
            "net_income": null,
            "revenue": null,
            "common_shares": 260000,
            "book_valuer_per_share": 10.27,
            "book_valuer_per_share_4q_avg": 2.57,
            "equity": 267014,
            "current_ratio": 152.39,
            "debt_ratio": 38.7,
            "inventory_turnover_ratio": null,
            "account_receivable_turnover_ratio": null,
            "reinvestment_rate": null,
            "research_to_sale_ratio": null,
            "price_fair": 0,
            "eps_avg_yearly": 0,
            "eps_latest_yearly": 0,
            "eps_growth_yearly": 0
        },
        "20031": {
            "year_quarter": 20031,
            "year": 2003,
            "quarter": 1,
            "eps": null,
            "eps_growth_year": null,
            "eps_4q": null,
            "eps_4q_growth_year": null,
            "roe": null,
            "roe_4q": 0,
            "gross_profit": null,
            "gross_margin": null,
            "gross_margin_4q_avg": 0,
            "net_income": null,
            "revenue": null,
            "common_shares": null,
            "book_valuer_per_share": null,
            "book_valuer_per_share_4q_avg": 2.57,
            "equity": null,
            "current_ratio": null,
            "debt_ratio": null,
            "inventory_turnover_ratio": null,
            "account_receivable_turnover_ratio": null,
            "reinvestment_rate": null,
            "research_to_sale_ratio": null,
            "price_fair": 0,
            "eps_avg_yearly": 0,
            "eps_latest_yearly": 0,
            "eps_growth_yearly": 0
        },
        "20032": {
            "year_quarter": 20032,
            "year": 2003,
            "quarter": 2,
            "eps": null,
            "eps_growth_year": null,
            "eps_4q": null,
            "eps_4q_growth_year": null,
            "roe": null,
            "roe_4q": 0,
            "gross_profit": null,
            "gross_margin": null,
            "gross_margin_4q_avg": 0,
            "net_income": null,
            "revenue": null,
            "common_shares": null,
            "book_valuer_per_share": null,
            "book_valuer_per_share_4q_avg": 2.57,
            "equity": null,
            "current_ratio": null,
            "debt_ratio": null,
            "inventory_turnover_ratio": null,
            "account_receivable_turnover_ratio": null,
            "reinvestment_rate": null,
            "research_to_sale_ratio": null,
            "price_fair": 0,
            "eps_avg_yearly": 0,
            "eps_latest_yearly": 0,
            "eps_growth_yearly": 0
        },
        "20033": {
            "year_quarter": 20033,
            "year": 2003,
            "quarter": 3,
            "eps": null,
            "eps_growth_year": null,
            "eps_4q": null,
            "eps_4q_growth_year": null,
            "roe": null,
            "roe_4q": 0,
            "gross_profit": null,
            "gross_margin": null,
            "gross_margin_4q_avg": 0,
            "net_income": null,
            "revenue": null,
            "common_shares": null,
            "book_valuer_per_share": null,
            "book_valuer_per_share_4q_avg": 2.57,
            "equity": null,
            "current_ratio": null,
            "debt_ratio": null,
            "inventory_turnover_ratio": null,
            "account_receivable_turnover_ratio": null,
            "reinvestment_rate": null,
            "research_to_sale_ratio": null,
            "price_fair": 0,
            "eps_avg_yearly": 0,
            "eps_latest_yearly": 0,
            "eps_growth_yearly": 0
        },
        "20034": {
            "year_quarter": 20034,
            "year": 2003,
            "quarter": 4,
            "eps": null,
            "eps_growth_year": null,
            "eps_4q": null,
            "eps_4q_growth_year": null,
            "roe": null,
            "roe_4q": 0,
            "gross_profit": null,
            "gross_margin": null,
            "gross_margin_4q_avg": 0,
            "net_income": null,
            "revenue": null,
            "common_shares": 260000,
            "book_valuer_per_share": 10.84,
            "book_valuer_per_share_4q_avg": 2.71,
            "equity": 281788,
            "current_ratio": 158.69,
            "debt_ratio": 36.69,
            "inventory_turnover_ratio": null,
            "account_receivable_turnover_ratio": null,
            "reinvestment_rate": null,
            "research_to_sale_ratio": null,
            "price_fair": 0,
            "eps_avg_yearly": 0,
            "eps_latest_yearly": 0,
            "eps_growth_yearly": 0
        },
        "20041": {
            "year_quarter": 20041,
            "year": 2004,
            "quarter": 1,
            "eps": null,
            "eps_growth_year": null,
            "eps_4q": null,
            "eps_4q_growth_year": null,
            "roe": null,
            "roe_4q": 0,
            "gross_profit": null,
            "gross_margin": null,
            "gross_margin_4q_avg": 0,
            "net_income": null,
            "revenue": null,
            "common_shares": null,
            "book_valuer_per_share": null,
            "book_valuer_per_share_4q_avg": 2.71,
            "equity": null,
            "current_ratio": null,
            "debt_ratio": null,
            "inventory_turnover_ratio": null,
            "account_receivable_turnover_ratio": null,
            "reinvestment_rate": null,
            "research_to_sale_ratio": null,
            "price_fair": 0,
            "eps_avg_yearly": 0,
            "eps_latest_yearly": 0,
            "eps_growth_yearly": 0
        },
        "20042": {
            "year_quarter": 20042,
            "year": 2004,
            "quarter": 2,
            "eps": null,
            "eps_growth_year": null,
            "eps_4q": null,
            "eps_4q_growth_year": null,
            "roe": null,
            "roe_4q": 0,
            "gross_profit": null,
            "gross_margin": null,
            "gross_margin_4q_avg": 0,
            "net_income": null,
            "revenue": null,
            "common_shares": null,
            "book_valuer_per_share": null,
            "book_valuer_per_share_4q_avg": 2.71,
            "equity": null,
            "current_ratio": null,
            "debt_ratio": null,
            "inventory_turnover_ratio": null,
            "account_receivable_turnover_ratio": null,
            "reinvestment_rate": null,
            "research_to_sale_ratio": null,
            "price_fair": 0,
            "eps_avg_yearly": 0,
            "eps_latest_yearly": 0,
            "eps_growth_yearly": 0
        },
        "20043": {
            "year_quarter": 20043,
            "year": 2004,
            "quarter": 3,
            "eps": null,
            "eps_growth_year": null,
            "eps_4q": null,
            "eps_4q_growth_year": null,
            "roe": null,
            "roe_4q": 0,
            "gross_profit": null,
            "gross_margin": null,
            "gross_margin_4q_avg": 0,
            "net_income": null,
            "revenue": null,
            "common_shares": null,
            "book_valuer_per_share": null,
            "book_valuer_per_share_4q_avg": 2.71,
            "equity": null,
            "current_ratio": null,
            "debt_ratio": null,
            "inventory_turnover_ratio": null,
            "account_receivable_turnover_ratio": null,
            "reinvestment_rate": null,
            "research_to_sale_ratio": null,
            "price_fair": 0,
            "eps_avg_yearly": 0,
            "eps_latest_yearly": 0,
            "eps_growth_yearly": 0
        },
        "20044": {
            "year_quarter": 20044,
            "year": 2004,
            "quarter": 4,
            "eps": null,
            "eps_growth_year": null,
            "eps_4q": null,
            "eps_4q_growth_year": null,
            "roe": null,
            "roe_4q": 0,
            "gross_profit": null,
            "gross_margin": null,
            "gross_margin_4q_avg": 0,
            "net_income": null,
            "revenue": null,
            "common_shares": 260000,
            "book_valuer_per_share": 11.51,
            "book_valuer_per_share_4q_avg": 2.88,
            "equity": 299297,
            "current_ratio": 191.23,
            "debt_ratio": 32.74,
            "inventory_turnover_ratio": null,
            "account_receivable_turnover_ratio": null,
            "reinvestment_rate": null,
            "research_to_sale_ratio": null,
            "price_fair": 0,
            "eps_avg_yearly": 0,
            "eps_latest_yearly": 0,
            "eps_growth_yearly": 0
        },
        "20051": {
            "year_quarter": 20051,
            "year": 2005,
            "quarter": 1,
            "eps": null,
            "eps_growth_year": null,
            "eps_4q": null,
            "eps_4q_growth_year": null,
            "roe": null,
            "roe_4q": 0,
            "gross_profit": null,
            "gross_margin": null,
            "gross_margin_4q_avg": 0,
            "net_income": null,
            "revenue": null,
            "common_shares": null,
            "book_valuer_per_share": null,
            "book_valuer_per_share_4q_avg": 2.88,
            "equity": null,
            "current_ratio": null,
            "debt_ratio": null,
            "inventory_turnover_ratio": null,
            "account_receivable_turnover_ratio": null,
            "reinvestment_rate": null,
            "research_to_sale_ratio": null,
            "price_fair": 0,
            "eps_avg_yearly": 0,
            "eps_latest_yearly": 0,
            "eps_growth_yearly": 0
        },
        "20052": {
            "year_quarter": 20052,
            "year": 2005,
            "quarter": 2,
            "eps": null,
            "eps_growth_year": null,
            "eps_4q": null,
            "eps_4q_growth_year": null,
            "roe": null,
            "roe_4q": 0,
            "gross_profit": null,
            "gross_margin": null,
            "gross_margin_4q_avg": 0,
            "net_income": null,
            "revenue": null,
            "common_shares": null,
            "book_valuer_per_share": null,
            "book_valuer_per_share_4q_avg": 2.88,
            "equity": null,
            "current_ratio": null,
            "debt_ratio": null,
            "inventory_turnover_ratio": null,
            "account_receivable_turnover_ratio": null,
            "reinvestment_rate": null,
            "research_to_sale_ratio": null,
            "price_fair": 0,
            "eps_avg_yearly": 0,
            "eps_latest_yearly": 0,
            "eps_growth_yearly": 0
        },
        "20053": {
            "year_quarter": 20053,
            "year": 2005,
            "quarter": 3,
            "eps": 1.09,
            "eps_growth_year": null,
            "eps_4q": null,
            "eps_4q_growth_year": null,
            "roe": 8.71,
            "roe_4q": 8.71,
            "gross_profit": 54726,
            "gross_margin": 26.4,
            "gross_margin_4q_avg": 6.6,
            "net_income": 28283,
            "revenue": 207313,
            "common_shares": 260000,
            "book_valuer_per_share": 12.49,
            "book_valuer_per_share_4q_avg": 6,
            "equity": 324739,
            "current_ratio": 172.84,
            "debt_ratio": 30.79,
            "inventory_turnover_ratio": 7.62,
            "account_receivable_turnover_ratio": null,
            "reinvestment_rate": null,
            "research_to_sale_ratio": null,
            "price_fair": 0,
            "eps_avg_yearly": 0,
            "eps_latest_yearly": 0,
            "eps_growth_yearly": 0
        },
        "20054": {
            "year_quarter": 20054,
            "year": 2005,
            "quarter": 4,
            "eps": 0.04,
            "eps_growth_year": null,
            "eps_4q": null,
            "eps_4q_growth_year": null,
            "roe": 0.29,
            "roe_4q": 9,
            "gross_profit": 58226,
            "gross_margin": 29.46,
            "gross_margin_4q_avg": 13.97,
            "net_income": 943,
            "revenue": 197651,
            "common_shares": 260000,
            "book_valuer_per_share": 12.67,
            "book_valuer_per_share_4q_avg": 6.29,
            "equity": 329536,
            "current_ratio": 196.82,
            "debt_ratio": 35.96,
            "inventory_turnover_ratio": 2.71,
            "account_receivable_turnover_ratio": null,
            "reinvestment_rate": null,
            "research_to_sale_ratio": null,
            "price_fair": 0.48,
            "eps_avg_yearly": 0.16,
            "eps_latest_yearly": 0.16,
            "eps_growth_yearly": -385.32
        },
        "20061": {
            "year_quarter": 20061,
            "year": 2006,
            "quarter": 1,
            "eps": 0.78,
            "eps_growth_year": null,
            "eps_4q": null,
            "eps_4q_growth_year": null,
            "roe": 5.98,
            "roe_4q": 14.98,
            "gross_profit": 60513,
            "gross_margin": 31.19,
            "gross_margin_4q_avg": 21.76,
            "net_income": 20288,
            "revenue": 194042,
            "common_shares": 260000,
            "book_valuer_per_share": 13.42,
            "book_valuer_per_share_4q_avg": 9.65,
            "equity": 349043,
            "current_ratio": 204.93,
            "debt_ratio": 26.32,
            "inventory_turnover_ratio": 2.9,
            "account_receivable_turnover_ratio": null,
            "reinvestment_rate": null,
            "research_to_sale_ratio": null,
            "price_fair": 57.4,
            "eps_avg_yearly": 1.64,
            "eps_latest_yearly": 3.12,
            "eps_growth_yearly": 3507.34
        },
        "20062": {
            "year_quarter": 20062,
            "year": 2006,
            "quarter": 2,
            "eps": 0.71,
            "eps_growth_year": null,
            "eps_4q": 2.48,
            "eps_4q_growth_year": null,
            "roe": 5.69,
            "roe_4q": 20.67,
            "gross_profit": 63916,
            "gross_margin": 32.03,
            "gross_margin_4q_avg": 29.77,
            "net_income": 19869,
            "revenue": 199555,
            "common_shares": 260000,
            "book_valuer_per_share": 13.42,
            "book_valuer_per_share_4q_avg": 13,
            "equity": 348939,
            "current_ratio": 170.64,
            "debt_ratio": 31.28,
            "inventory_turnover_ratio": 14.61,
            "account_receivable_turnover_ratio": null,
            "reinvestment_rate": null,
            "research_to_sale_ratio": null,
            "price_fair": 71.4,
            "eps_avg_yearly": 2.04,
            "eps_latest_yearly": 2.84,
            "eps_growth_yearly": 2326.26
        },
        "20063": {
            "year_quarter": 20063,
            "year": 2006,
            "quarter": 3,
            "eps": 1.04,
            "eps_growth_year": -4.59,
            "eps_4q": 2.49,
            "eps_4q_growth_year": null,
            "roe": 7.57,
            "roe_4q": 19.53,
            "gross_profit": 73700,
            "gross_margin": 32.76,
            "gross_margin_4q_avg": 31.36,
            "net_income": 29471,
            "revenue": 224988,
            "common_shares": 304200,
            "book_valuer_per_share": 14.12,
            "book_valuer_per_share_4q_avg": 13.41,
            "equity": 429544,
            "current_ratio": 195.27,
            "debt_ratio": 28.9,
            "inventory_turnover_ratio": 13.83,
            "account_receivable_turnover_ratio": null,
            "reinvestment_rate": null,
            "research_to_sale_ratio": null,
            "price_fair": 89.95,
            "eps_avg_yearly": 2.57,
            "eps_latest_yearly": 4.16,
            "eps_growth_yearly": 1791.17
        },
        "20064": {
            "year_quarter": 20064,
            "year": 2006,
            "quarter": 4,
            "eps": 0.52,
            "eps_growth_year": 1200,
            "eps_4q": 2.93,
            "eps_4q_growth_year": null,
            "roe": 3.44,
            "roe_4q": 22.68,
            "gross_profit": 67995,
            "gross_margin": 32.6,
            "gross_margin_4q_avg": 32.15,
            "net_income": 15003,
            "revenue": 208562,
            "common_shares": 304200,
            "book_valuer_per_share": 14.56,
            "book_valuer_per_share_4q_avg": 13.88,
            "equity": 442988,
            "current_ratio": 228.51,
            "debt_ratio": 33.45,
            "inventory_turnover_ratio": 2.69,
            "account_receivable_turnover_ratio": null,
            "reinvestment_rate": null,
            "research_to_sale_ratio": null,
            "price_fair": 86.52,
            "eps_avg_yearly": 2.47,
            "eps_latest_yearly": 2.08,
            "eps_growth_yearly": 1392.94
        },
        "20071": {
            "year_quarter": 20071,
            "year": 2007,
            "quarter": 1,
            "eps": 0.41,
            "eps_growth_year": -47.44,
            "eps_4q": 2.35,
            "eps_4q_growth_year": null,
            "roe": 2.68,
            "roe_4q": 19.380000000000003,
            "gross_profit": 58665,
            "gross_margin": 32.46,
            "gross_margin_4q_avg": 32.46,
            "net_income": 13597,
            "revenue": 180718,
            "common_shares": 344760,
            "book_valuer_per_share": 16.58,
            "book_valuer_per_share_4q_avg": 14.67,
            "equity": 571508,
            "current_ratio": 302.5,
            "debt_ratio": 19.24,
            "inventory_turnover_ratio": 2.33,
            "account_receivable_turnover_ratio": null,
            "reinvestment_rate": null,
            "research_to_sale_ratio": null,
            "price_fair": 81.67,
            "eps_avg_yearly": 2.33,
            "eps_latest_yearly": 1.64,
            "eps_growth_yearly": 1146.68
        },
        "20072": {
            "year_quarter": 20072,
            "year": 2007,
            "quarter": 2,
            "eps": 0.13,
            "eps_growth_year": -81.69,
            "eps_4q": 1.68,
            "eps_4q_growth_year": -32.05,
            "roe": 0.88,
            "roe_4q": 14.57,
            "gross_profit": 62489,
            "gross_margin": 31.42,
            "gross_margin_4q_avg": 32.31,
            "net_income": 4856,
            "revenue": 198855,
            "common_shares": 344760,
            "book_valuer_per_share": 15.39,
            "book_valuer_per_share_4q_avg": 15.16,
            "equity": 530475,
            "current_ratio": 230.75,
            "debt_ratio": 26.28,
            "inventory_turnover_ratio": 10.31,
            "account_receivable_turnover_ratio": null,
            "reinvestment_rate": null,
            "research_to_sale_ratio": null,
            "price_fair": 72.6,
            "eps_avg_yearly": 2.07,
            "eps_latest_yearly": 0.52,
            "eps_growth_yearly": 943.84
        },
        "20073": {
            "year_quarter": 20073,
            "year": 2007,
            "quarter": 3,
            "eps": 0.52,
            "eps_growth_year": -50,
            "eps_4q": 1.45,
            "eps_4q_growth_year": -41.85,
            "roe": 3.47,
            "roe_4q": 10.47,
            "gross_profit": 64536,
            "gross_margin": 27.78,
            "gross_margin_4q_avg": 31.07,
            "net_income": 18743,
            "revenue": 232341,
            "common_shares": 368846,
            "book_valuer_per_share": 14.89,
            "book_valuer_per_share_4q_avg": 15.36,
            "equity": 549326,
            "current_ratio": 276.03,
            "debt_ratio": 19.3,
            "inventory_turnover_ratio": 17.79,
            "account_receivable_turnover_ratio": null,
            "reinvestment_rate": null,
            "research_to_sale_ratio": null,
            "price_fair": 72.63,
            "eps_avg_yearly": 2.08,
            "eps_latest_yearly": 2.08,
            "eps_growth_yearly": 975.86
        },
        "20074": {
            "year_quarter": 20074,
            "year": 2007,
            "quarter": 4,
            "eps": 0.3,
            "eps_growth_year": -42.31,
            "eps_4q": 1.32,
            "eps_4q_growth_year": -54.97,
            "roe": 1.96,
            "roe_4q": 8.99,
            "gross_profit": 57275,
            "gross_margin": 28.18,
            "gross_margin_4q_avg": 29.96,
            "net_income": 10931,
            "revenue": 203281,
            "common_shares": 368846,
            "book_valuer_per_share": 15.28,
            "book_valuer_per_share_4q_avg": 15.54,
            "equity": 563451,
            "current_ratio": 304.9,
            "debt_ratio": 25.16,
            "inventory_turnover_ratio": 3.09,
            "account_receivable_turnover_ratio": null,
            "reinvestment_rate": null,
            "research_to_sale_ratio": null,
            "price_fair": 69.22,
            "eps_avg_yearly": 1.98,
            "eps_latest_yearly": 1.2,
            "eps_growth_yearly": 848.63
        },
        "20081": {
            "year_quarter": 20081,
            "year": 2008,
            "quarter": 1,
            "eps": 0.23,
            "eps_growth_year": -43.9,
            "eps_4q": 1.16,
            "eps_4q_growth_year": -50.51,
            "roe": 1.51,
            "roe_4q": 7.819999999999999,
            "gross_profit": 66406,
            "gross_margin": 30.16,
            "gross_margin_4q_avg": 29.39,
            "net_income": 8512,
            "revenue": 220170,
            "common_shares": 368846,
            "book_valuer_per_share": 15.26,
            "book_valuer_per_share_4q_avg": 15.21,
            "equity": 562895,
            "current_ratio": 300.29,
            "debt_ratio": 25.76,
            "inventory_turnover_ratio": 1.56,
            "account_receivable_turnover_ratio": null,
            "reinvestment_rate": null,
            "research_to_sale_ratio": null,
            "price_fair": 65.52,
            "eps_avg_yearly": 1.87,
            "eps_latest_yearly": 0.92,
            "eps_growth_yearly": 754.43
        },
        "20082": {
            "year_quarter": 20082,
            "year": 2008,
            "quarter": 2,
            "eps": 0.3,
            "eps_growth_year": 130.77,
            "eps_4q": 1.29,
            "eps_4q_growth_year": -23.25,
            "roe": 2.09,
            "roe_4q": 9.03,
            "gross_profit": 59906,
            "gross_margin": 25.38,
            "gross_margin_4q_avg": 27.88,
            "net_income": 11538,
            "revenue": 236003,
            "common_shares": 368846,
            "book_valuer_per_share": 14.67,
            "book_valuer_per_share_4q_avg": 15.03,
            "equity": 541150,
            "current_ratio": 268.79,
            "debt_ratio": 28.57,
            "inventory_turnover_ratio": 1.66,
            "account_receivable_turnover_ratio": null,
            "reinvestment_rate": null,
            "research_to_sale_ratio": null,
            "price_fair": 63.38,
            "eps_avg_yearly": 1.81,
            "eps_latest_yearly": 1.2,
            "eps_growth_yearly": 696.92
        },
        "20083": {
            "year_quarter": 20083,
            "year": 2008,
            "quarter": 3,
            "eps": 0.25,
            "eps_growth_year": -51.92,
            "eps_4q": 1.08,
            "eps_4q_growth_year": -25.53,
            "roe": 1.69,
            "roe_4q": 7.25,
            "gross_profit": 50673,
            "gross_margin": 19.35,
            "gross_margin_4q_avg": 25.77,
            "net_income": 9349,
            "revenue": 261813,
            "common_shares": 382029,
            "book_valuer_per_share": 14.76,
            "book_valuer_per_share_4q_avg": 14.99,
            "equity": 563976,
            "current_ratio": 265.13,
            "debt_ratio": 29.22,
            "inventory_turnover_ratio": 2.09,
            "account_receivable_turnover_ratio": null,
            "reinvestment_rate": null,
            "research_to_sale_ratio": null,
            "price_fair": 61.02,
            "eps_avg_yearly": 1.74,
            "eps_latest_yearly": 1,
            "eps_growth_yearly": 633.28
        },
        "20084": {
            "year_quarter": 20084,
            "year": 2008,
            "quarter": 4,
            "eps": -0.26,
            "eps_growth_year": -186.67,
            "eps_4q": 0.51,
            "eps_4q_growth_year": -61.39,
            "roe": -1.78,
            "roe_4q": 3.51,
            "gross_profit": 38058,
            "gross_margin": 17.09,
            "gross_margin_4q_avg": 23,
            "net_income": -9967,
            "revenue": 222706,
            "common_shares": 382029,
            "book_valuer_per_share": 14.53,
            "book_valuer_per_share_4q_avg": 14.81,
            "equity": 555009,
            "current_ratio": 265.89,
            "debt_ratio": 29.01,
            "inventory_turnover_ratio": 2.03,
            "account_receivable_turnover_ratio": 1.69,
            "reinvestment_rate": null,
            "research_to_sale_ratio": null,
            "price_fair": 61.02,
            "eps_avg_yearly": 1.74,
            "eps_latest_yearly": 1,
            "eps_growth_yearly": 633.28
        },
        "20091": {
            "year_quarter": 20091,
            "year": 2009,
            "quarter": 1,
            "eps": -0.18,
            "eps_growth_year": -178.26,
            "eps_4q": 0.11,
            "eps_4q_growth_year": -90.43,
            "roe": -1.2,
            "roe_4q": 0.7999999999999998,
            "gross_profit": 30493,
            "gross_margin": 14.64,
            "gross_margin_4q_avg": 19.12,
            "net_income": -6668,
            "revenue": 208214,
            "common_shares": 382029,
            "book_valuer_per_share": 14.58,
            "book_valuer_per_share_4q_avg": 14.64,
            "equity": 556921,
            "current_ratio": 280.34,
            "debt_ratio": 27.44,
            "inventory_turnover_ratio": 2.1,
            "account_receivable_turnover_ratio": 0.83,
            "reinvestment_rate": null,
            "research_to_sale_ratio": null,
            "price_fair": 61.02,
            "eps_avg_yearly": 1.74,
            "eps_latest_yearly": 1,
            "eps_growth_yearly": 633.28
        },
        "20092": {
            "year_quarter": 20092,
            "year": 2009,
            "quarter": 2,
            "eps": -0.09,
            "eps_growth_year": -130,
            "eps_4q": -0.28,
            "eps_4q_growth_year": -121.8,
            "roe": -0.64,
            "roe_4q": -1.9300000000000002,
            "gross_profit": 37499,
            "gross_margin": 17.19,
            "gross_margin_4q_avg": 17.07,
            "net_income": -3482,
            "revenue": 218104,
            "common_shares": 382029,
            "book_valuer_per_share": 14.05,
            "book_valuer_per_share_4q_avg": 14.48,
            "equity": 536815,
            "current_ratio": 280.83,
            "debt_ratio": 27.31,
            "inventory_turnover_ratio": 2.37,
            "account_receivable_turnover_ratio": 0.9,
            "reinvestment_rate": 96.31,
            "research_to_sale_ratio": null,
            "price_fair": 61.02,
            "eps_avg_yearly": 1.74,
            "eps_latest_yearly": 1,
            "eps_growth_yearly": 633.28
        },
        "20093": {
            "year_quarter": 20093,
            "year": 2009,
            "quarter": 3,
            "eps": 0.53,
            "eps_growth_year": 112,
            "eps_4q": -0,
            "eps_4q_growth_year": -100.35,
            "roe": 3.67,
            "roe_4q": 0.04999999999999982,
            "gross_profit": 75499,
            "gross_margin": 25.46,
            "gross_margin_4q_avg": 18.6,
            "net_income": 19974,
            "revenue": 296481,
            "common_shares": 387609,
            "book_valuer_per_share": 14.22,
            "book_valuer_per_share_4q_avg": 14.35,
            "equity": 551021,
            "current_ratio": 245.32,
            "debt_ratio": 32.28,
            "inventory_turnover_ratio": 3.02,
            "account_receivable_turnover_ratio": 1.09,
            "reinvestment_rate": 30.81,
            "research_to_sale_ratio": null,
            "price_fair": 61.02,
            "eps_avg_yearly": 1.74,
            "eps_latest_yearly": 1,
            "eps_growth_yearly": 633.28
        },
        "20094": {
            "year_quarter": 20094,
            "year": 2009,
            "quarter": 4,
            "eps": 0.34,
            "eps_growth_year": null,
            "eps_4q": 0.6,
            "eps_4q_growth_year": 17.85,
            "roe": 2.31,
            "roe_4q": 4.140000000000001,
            "gross_profit": 65860,
            "gross_margin": 23.63,
            "gross_margin_4q_avg": 20.23,
            "net_income": 12872,
            "revenue": 278725,
            "common_shares": 387609,
            "book_valuer_per_share": 14.89,
            "book_valuer_per_share_4q_avg": 14.44,
            "equity": 562143,
            "current_ratio": 265.99,
            "debt_ratio": 30.04,
            "inventory_turnover_ratio": 2.81,
            "account_receivable_turnover_ratio": 1.87,
            "reinvestment_rate": 6.03,
            "research_to_sale_ratio": null,
            "price_fair": 64.52,
            "eps_avg_yearly": 1.84,
            "eps_latest_yearly": 1.36,
            "eps_growth_yearly": 653.45
        },
        "20101": {
            "year_quarter": 20101,
            "year": 2010,
            "quarter": 1,
            "eps": 0.35,
            "eps_growth_year": null,
            "eps_4q": 1.13,
            "eps_4q_growth_year": 911.9,
            "roe": 2.32,
            "roe_4q": 7.660000000000001,
            "gross_profit": 64072,
            "gross_margin": 23.57,
            "gross_margin_4q_avg": 22.46,
            "net_income": 13164,
            "revenue": 271862,
            "common_shares": 387609,
            "book_valuer_per_share": 15.18,
            "book_valuer_per_share_4q_avg": 14.59,
            "equity": 573296,
            "current_ratio": 280.37,
            "debt_ratio": 29.48,
            "inventory_turnover_ratio": 2.95,
            "account_receivable_turnover_ratio": 0.98,
            "reinvestment_rate": 209.2,
            "research_to_sale_ratio": 2.56,
            "price_fair": 59.5,
            "eps_avg_yearly": 1.7,
            "eps_latest_yearly": 1.4,
            "eps_growth_yearly": 37.76
        },
        "20102": {
            "year_quarter": 20102,
            "year": 2010,
            "quarter": 2,
            "eps": 0.76,
            "eps_growth_year": null,
            "eps_4q": 1.94,
            "eps_4q_growth_year": null,
            "roe": 5.09,
            "roe_4q": 13.39,
            "gross_profit": 88726,
            "gross_margin": 26.31,
            "gross_margin_4q_avg": 24.74,
            "net_income": 29731,
            "revenue": 337209,
            "common_shares": 387609,
            "book_valuer_per_share": 15.32,
            "book_valuer_per_share_4q_avg": 14.9,
            "equity": 593979,
            "current_ratio": 241.18,
            "debt_ratio": 35.39,
            "inventory_turnover_ratio": 3.19,
            "account_receivable_turnover_ratio": 1.17,
            "reinvestment_rate": 216.07,
            "research_to_sale_ratio": 2.34,
            "price_fair": 60.08,
            "eps_avg_yearly": 1.72,
            "eps_latest_yearly": 3.04,
            "eps_growth_yearly": 79.8
        },
        "20103": {
            "year_quarter": 20103,
            "year": 2010,
            "quarter": 3,
            "eps": 0.5,
            "eps_growth_year": -6.07,
            "eps_4q": 1.96,
            "eps_4q_growth_year": null,
            "roe": 3.16,
            "roe_4q": 12.88,
            "gross_profit": 86019,
            "gross_margin": 23.64,
            "gross_margin_4q_avg": 24.29,
            "net_income": 18986,
            "revenue": 363842,
            "common_shares": 391385,
            "book_valuer_per_share": 15.88,
            "book_valuer_per_share_4q_avg": 15.32,
            "equity": 605793,
            "current_ratio": 257.52,
            "debt_ratio": 34.08,
            "inventory_turnover_ratio": 3.35,
            "account_receivable_turnover_ratio": 1.11,
            "reinvestment_rate": 224.18,
            "research_to_sale_ratio": 2.7,
            "price_fair": 53.78,
            "eps_avg_yearly": 1.54,
            "eps_latest_yearly": 2,
            "eps_growth_yearly": 52.9
        },
        "20104": {
            "year_quarter": 20104,
            "year": 2010,
            "quarter": 4,
            "eps": 0.36,
            "eps_growth_year": 4.85,
            "eps_4q": 1.98,
            "eps_4q_growth_year": 229.26,
            "roe": 2.26,
            "roe_4q": 12.83,
            "gross_profit": 86504,
            "gross_margin": 27.2,
            "gross_margin_4q_avg": 25.18,
            "net_income": 13596,
            "revenue": 318035,
            "common_shares": 391385,
            "book_valuer_per_share": 15.67,
            "book_valuer_per_share_4q_avg": 15.51,
            "equity": 597620,
            "current_ratio": 268.14,
            "debt_ratio": 33.34,
            "inventory_turnover_ratio": 3.11,
            "account_receivable_turnover_ratio": 0.95,
            "reinvestment_rate": -16.7,
            "research_to_sale_ratio": 2.9,
            "price_fair": 51.92,
            "eps_avg_yearly": 1.48,
            "eps_latest_yearly": 1.44,
            "eps_growth_yearly": 60.24
        },
        "20111": {
            "year_quarter": 20111,
            "year": 2011,
            "quarter": 1,
            "eps": 0.56,
            "eps_growth_year": 60,
            "eps_4q": 2.2,
            "eps_4q_growth_year": 95.2,
            "roe": 3.53,
            "roe_4q": 14.04,
            "gross_profit": 76281,
            "gross_margin": 23.8,
            "gross_margin_4q_avg": 25.24,
            "net_income": 21530,
            "revenue": 320489,
            "common_shares": 391385,
            "book_valuer_per_share": 16.35,
            "book_valuer_per_share_4q_avg": 15.81,
            "equity": 623683,
            "current_ratio": 267.01,
            "debt_ratio": 34.08,
            "inventory_turnover_ratio": 3.26,
            "account_receivable_turnover_ratio": 0.91,
            "reinvestment_rate": 224.57,
            "research_to_sale_ratio": 2.99,
            "price_fair": 53.67,
            "eps_avg_yearly": 1.53,
            "eps_latest_yearly": 2.24,
            "eps_growth_yearly": 85.8
        },
        "20112": {
            "year_quarter": 20112,
            "year": 2011,
            "quarter": 2,
            "eps": 0.58,
            "eps_growth_year": -23.54,
            "eps_4q": 1.97,
            "eps_4q_growth_year": 1.89,
            "roe": 3.72,
            "roe_4q": 12.67,
            "gross_profit": 95447,
            "gross_margin": 23.02,
            "gross_margin_4q_avg": 24.42,
            "net_income": 22596,
            "revenue": 414581,
            "common_shares": 391385,
            "book_valuer_per_share": 15.51,
            "book_valuer_per_share_4q_avg": 15.85,
            "equity": 591481,
            "current_ratio": 212.59,
            "debt_ratio": 43.29,
            "inventory_turnover_ratio": 4.01,
            "account_receivable_turnover_ratio": 0.98,
            "reinvestment_rate": 215.94,
            "research_to_sale_ratio": 2.18,
            "price_fair": 58.92,
            "eps_avg_yearly": 1.68,
            "eps_latest_yearly": 2.32,
            "eps_growth_yearly": 109.76
        },
        "20113": {
            "year_quarter": 20113,
            "year": 2011,
            "quarter": 3,
            "eps": 0.63,
            "eps_growth_year": 25.86,
            "eps_4q": 2.12,
            "eps_4q_growth_year": 7.91,
            "roe": 3.94,
            "roe_4q": 13.45,
            "gross_profit": 77814,
            "gross_margin": 22.45,
            "gross_margin_4q_avg": 24.12,
            "net_income": 24297,
            "revenue": 346634,
            "common_shares": 394013,
            "book_valuer_per_share": 16.53,
            "book_valuer_per_share_4q_avg": 16.02,
            "equity": 640826,
            "current_ratio": 252.93,
            "debt_ratio": 36.89,
            "inventory_turnover_ratio": 3.14,
            "account_receivable_turnover_ratio": 0.76,
            "reinvestment_rate": 228.73,
            "research_to_sale_ratio": 2.5,
            "price_fair": 38.93,
            "eps_avg_yearly": 1.72,
            "eps_latest_yearly": 2.52,
            "eps_growth_yearly": 12.63
        },
        "20114": {
            "year_quarter": 20114,
            "year": 2011,
            "quarter": 4,
            "eps": 0.33,
            "eps_growth_year": -6.36,
            "eps_4q": 2.12,
            "eps_4q_growth_year": 6.9,
            "roe": 1.99,
            "roe_4q": 13.18,
            "gross_profit": 71240,
            "gross_margin": 23.73,
            "gross_margin_4q_avg": 23.25,
            "net_income": 12819,
            "revenue": 300214,
            "common_shares": 389013,
            "book_valuer_per_share": 16.86,
            "book_valuer_per_share_4q_avg": 16.31,
            "equity": 647538,
            "current_ratio": 288.37,
            "debt_ratio": 32.39,
            "inventory_turnover_ratio": 2.47,
            "account_receivable_turnover_ratio": 0.8,
            "reinvestment_rate": -18.24,
            "research_to_sale_ratio": 3.37,
            "price_fair": 36.09,
            "eps_avg_yearly": 1.73,
            "eps_latest_yearly": 1.32,
            "eps_growth_yearly": 10.86
        },
        "20121": {
            "year_quarter": 20121,
            "year": 2012,
            "quarter": 1,
            "eps": 0.25,
            "eps_growth_year": -55.36,
            "eps_4q": 1.8,
            "eps_4q_growth_year": -18,
            "roe": 1.47,
            "roe_4q": 11.120000000000001,
            "gross_profit": 61118,
            "gross_margin": 21.72,
            "gross_margin_4q_avg": 22.73,
            "net_income": 9514,
            "revenue": 281450,
            "common_shares": 389013,
            "book_valuer_per_share": 16.83,
            "book_valuer_per_share_4q_avg": 16.43,
            "equity": 646196,
            "current_ratio": 290.07,
            "debt_ratio": 32.33,
            "inventory_turnover_ratio": 2.29,
            "account_receivable_turnover_ratio": 0.96,
            "reinvestment_rate": 189.3,
            "research_to_sale_ratio": 3.35,
            "price_fair": 35.71,
            "eps_avg_yearly": 1.74,
            "eps_latest_yearly": 1,
            "eps_growth_yearly": 10.56
        },
        "20122": {
            "year_quarter": 20122,
            "year": 2012,
            "quarter": 2,
            "eps": 0.52,
            "eps_growth_year": -9.81,
            "eps_4q": 1.68,
            "eps_4q_growth_year": -14.78,
            "roe": 3.36,
            "roe_4q": 10.76,
            "gross_profit": 87650,
            "gross_margin": 26.67,
            "gross_margin_4q_avg": 23.64,
            "net_income": 21124,
            "revenue": 328621,
            "common_shares": 389013,
            "book_valuer_per_share": 15.95,
            "book_valuer_per_share_4q_avg": 16.54,
            "equity": 612446,
            "current_ratio": 249.02,
            "debt_ratio": 37.52,
            "inventory_turnover_ratio": 2.51,
            "account_receivable_turnover_ratio": 1.14,
            "reinvestment_rate": 174.95,
            "research_to_sale_ratio": 2.95,
            "price_fair": 63.35,
            "eps_avg_yearly": 1.81,
            "eps_latest_yearly": 2.08,
            "eps_growth_yearly": 36.41
        },
        "20123": {
            "year_quarter": 20123,
            "year": 2012,
            "quarter": 3,
            "eps": 0.34,
            "eps_growth_year": -45.49,
            "eps_4q": 1.42,
            "eps_4q_growth_year": -32.89,
            "roe": 2.23,
            "roe_4q": 9.049999999999999,
            "gross_profit": 75413,
            "gross_margin": 24.08,
            "gross_margin_4q_avg": 24.05,
            "net_income": 13772,
            "revenue": 313117,
            "common_shares": 408213,
            "book_valuer_per_share": 15.4,
            "book_valuer_per_share_4q_avg": 16.26,
            "equity": 620953,
            "current_ratio": 285.01,
            "debt_ratio": 32.82,
            "inventory_turnover_ratio": 2.47,
            "account_receivable_turnover_ratio": 1.01,
            "reinvestment_rate": 169.92,
            "research_to_sale_ratio": 2.86,
            "price_fair": 64.4,
            "eps_avg_yearly": 1.84,
            "eps_latest_yearly": 1.36,
            "eps_growth_yearly": 30.43
        },
        "20124": {
            "year_quarter": 20124,
            "year": 2012,
            "quarter": 4,
            "eps": 0.12,
            "eps_growth_year": -62.99,
            "eps_4q": 1.22,
            "eps_4q_growth_year": -42.1,
            "roe": 0.8,
            "roe_4q": 7.86,
            "gross_profit": 54277,
            "gross_margin": 20.25,
            "gross_margin_4q_avg": 23.18,
            "net_income": 4982,
            "revenue": 268033,
            "common_shares": 408213,
            "book_valuer_per_share": 15.5,
            "book_valuer_per_share_4q_avg": 15.92,
            "equity": 624782,
            "current_ratio": 300.28,
            "debt_ratio": 30.89,
            "inventory_turnover_ratio": 2.52,
            "account_receivable_turnover_ratio": 0.91,
            "reinvestment_rate": 158.53,
            "research_to_sale_ratio": 3.27,
            "price_fair": 31.55,
            "eps_avg_yearly": 1.74,
            "eps_latest_yearly": 0.48,
            "eps_growth_yearly": 8.18
        },
        "20131": {
            "year_quarter": 20131,
            "year": 2013,
            "quarter": 1,
            "eps": 0.15,
            "eps_growth_year": -40,
            "eps_4q": 1.14,
            "eps_4q_growth_year": -36.8,
            "roe": 0.96,
            "roe_4q": 7.35,
            "gross_profit": 53146,
            "gross_margin": 20.6,
            "gross_margin_4q_avg": 22.9,
            "net_income": 6059,
            "revenue": 257979,
            "common_shares": 408213,
            "book_valuer_per_share": 15.86,
            "book_valuer_per_share_4q_avg": 15.68,
            "equity": 639302,
            "current_ratio": 307.75,
            "debt_ratio": 30.21,
            "inventory_turnover_ratio": 2.82,
            "account_receivable_turnover_ratio": 0.94,
            "reinvestment_rate": -15.94,
            "research_to_sale_ratio": 3.06,
            "price_fair": 40.93,
            "eps_avg_yearly": 1.65,
            "eps_latest_yearly": 0.6,
            "eps_growth_yearly": 14.74
        },
        "20132": {
            "year_quarter": 20132,
            "year": 2013,
            "quarter": 2,
            "eps": 0.1,
            "eps_growth_year": -80.91,
            "eps_4q": 0.71,
            "eps_4q_growth_year": -57.99,
            "roe": 0.67,
            "roe_4q": 4.66,
            "gross_profit": 62755,
            "gross_margin": 21.02,
            "gross_margin_4q_avg": 21.49,
            "net_income": 4223,
            "revenue": 298614,
            "common_shares": 408213,
            "book_valuer_per_share": 15.25,
            "book_valuer_per_share_4q_avg": 15.5,
            "equity": 615052,
            "current_ratio": 258.83,
            "debt_ratio": 35.42,
            "inventory_turnover_ratio": 3.34,
            "account_receivable_turnover_ratio": 1.04,
            "reinvestment_rate": -12.31,
            "research_to_sale_ratio": 3.09,
            "price_fair": 23.35,
            "eps_avg_yearly": 1.57,
            "eps_latest_yearly": 0.4,
            "eps_growth_yearly": 4.87
        },
        "20133": {
            "year_quarter": 20133,
            "year": 2013,
            "quarter": 3,
            "eps": 0.04,
            "eps_growth_year": -88.29,
            "eps_4q": 0.41,
            "eps_4q_growth_year": -70.88,
            "roe": 0.28,
            "roe_4q": 2.71,
            "gross_profit": 54358,
            "gross_margin": 22.24,
            "gross_margin_4q_avg": 21.03,
            "net_income": 1733,
            "revenue": 244442,
            "common_shares": 416277,
            "book_valuer_per_share": 14.88,
            "book_valuer_per_share_4q_avg": 15.37,
            "equity": 611792,
            "current_ratio": 283.17,
            "debt_ratio": 32.24,
            "inventory_turnover_ratio": 2.87,
            "account_receivable_turnover_ratio": 0.91,
            "reinvestment_rate": -8.54,
            "research_to_sale_ratio": 3.99,
            "price_fair": 4.45,
            "eps_avg_yearly": 1.48,
            "eps_latest_yearly": 0.16,
            "eps_growth_yearly": -10.44
        },
        "20134": {
            "year_quarter": 20134,
            "year": 2013,
            "quarter": 4,
            "eps": 0.2,
            "eps_growth_year": 65.48,
            "eps_4q": 0.5,
            "eps_4q_growth_year": -59.46,
            "roe": 1.35,
            "roe_4q": 3.2600000000000002,
            "gross_profit": 61075,
            "gross_margin": 23.25,
            "gross_margin_4q_avg": 21.78,
            "net_income": 8409,
            "revenue": 262674,
            "common_shares": 416277,
            "book_valuer_per_share": 15.33,
            "book_valuer_per_share_4q_avg": 15.33,
            "equity": 630535,
            "current_ratio": 270.7,
            "debt_ratio": 33.12,
            "inventory_turnover_ratio": 2.86,
            "account_receivable_turnover_ratio": 1.08,
            "reinvestment_rate": -7.21,
            "research_to_sale_ratio": 3.96,
            "price_fair": 50.66,
            "eps_avg_yearly": 1.45,
            "eps_latest_yearly": 0.8,
            "eps_growth_yearly": 98.53
        },
        "20141": {
            "year_quarter": 20141,
            "year": 2014,
            "quarter": 1,
            "eps": 0.16,
            "eps_growth_year": 6.67,
            "eps_4q": 0.51,
            "eps_4q_growth_year": -55.32,
            "roe": 1.03,
            "roe_4q": 3.33,
            "gross_profit": 58111,
            "gross_margin": 22.93,
            "gross_margin_4q_avg": 22.36,
            "net_income": 6570,
            "revenue": 253406,
            "common_shares": 416277,
            "book_valuer_per_share": 15.57,
            "book_valuer_per_share_4q_avg": 15.26,
            "equity": 640385,
            "current_ratio": 286.06,
            "debt_ratio": 31.43,
            "inventory_turnover_ratio": 2.73,
            "account_receivable_turnover_ratio": 1.01,
            "reinvestment_rate": -147.03,
            "research_to_sale_ratio": 3.87,
            "price_fair": 49,
            "eps_avg_yearly": 1.4,
            "eps_latest_yearly": 0.64,
            "eps_growth_yearly": 92.79
        },
        "20142": {
            "year_quarter": 20142,
            "year": 2014,
            "quarter": 2,
            "eps": 0.46,
            "eps_growth_year": 360,
            "eps_4q": 0.86,
            "eps_4q_growth_year": 22.09,
            "roe": 3,
            "roe_4q": 5.660000000000001,
            "gross_profit": 94830,
            "gross_margin": 26.62,
            "gross_margin_4q_avg": 23.76,
            "net_income": 19094,
            "revenue": 356190,
            "common_shares": 416277,
            "book_valuer_per_share": 15.41,
            "book_valuer_per_share_4q_avg": 15.3,
            "equity": 633931,
            "current_ratio": 245.76,
            "debt_ratio": 36.72,
            "inventory_turnover_ratio": 3.27,
            "account_receivable_turnover_ratio": 1.2,
            "reinvestment_rate": -164.19,
            "research_to_sale_ratio": 3.12,
            "price_fair": 46.38,
            "eps_avg_yearly": 1.33,
            "eps_latest_yearly": 1.84,
            "eps_growth_yearly": 110.38
        },
        "20143": {
            "year_quarter": 20143,
            "year": 2014,
            "quarter": 3,
            "eps": 0.64,
            "eps_growth_year": 1500,
            "eps_4q": 1.46,
            "eps_4q_growth_year": 253.46,
            "roe": 4.1,
            "roe_4q": 9.479999999999999,
            "gross_profit": 102426,
            "gross_margin": 25.58,
            "gross_margin_4q_avg": 24.6,
            "net_income": 26606,
            "revenue": 400366,
            "common_shares": 420390,
            "book_valuer_per_share": 15.98,
            "book_valuer_per_share_4q_avg": 15.57,
            "equity": 663673,
            "current_ratio": 249.91,
            "debt_ratio": 36.2,
            "inventory_turnover_ratio": 3.24,
            "account_receivable_turnover_ratio": 1.08,
            "reinvestment_rate": -155.52,
            "research_to_sale_ratio": 3.19,
            "price_fair": 47.6,
            "eps_avg_yearly": 1.36,
            "eps_latest_yearly": 2.56,
            "eps_growth_yearly": 128.72
        },
        "20144": {
            "year_quarter": 20144,
            "year": 2014,
            "quarter": 4,
            "eps": 0.3,
            "eps_growth_year": 46.17,
            "eps_4q": 1.56,
            "eps_4q_growth_year": 213.57,
            "roe": 1.83,
            "roe_4q": 9.959999999999999,
            "gross_profit": 93785,
            "gross_margin": 26.06,
            "gross_margin_4q_avg": 25.3,
            "net_income": 12414,
            "revenue": 359925,
            "common_shares": 415390,
            "book_valuer_per_share": 16.66,
            "book_valuer_per_share_4q_avg": 15.91,
            "equity": 691882,
            "current_ratio": 255.52,
            "debt_ratio": 36.08,
            "inventory_turnover_ratio": 2.7,
            "account_receivable_turnover_ratio": 0.93,
            "reinvestment_rate": 3.22,
            "research_to_sale_ratio": 3.51,
            "price_fair": 47.08,
            "eps_avg_yearly": 1.35,
            "eps_latest_yearly": 1.2,
            "eps_growth_yearly": 122.43
        },
        "20151": {
            "year_quarter": 20151,
            "year": 2015,
            "quarter": 1,
            "eps": 0.33,
            "eps_growth_year": 106.25,
            "eps_4q": 1.73,
            "eps_4q_growth_year": 240.14,
            "roe": 1.98,
            "roe_4q": 10.91,
            "gross_profit": 87679,
            "gross_margin": 26.3,
            "gross_margin_4q_avg": 26.14,
            "net_income": 13807,
            "revenue": 333318,
            "common_shares": 415390,
            "book_valuer_per_share": 16.87,
            "book_valuer_per_share_4q_avg": 16.23,
            "equity": 700935,
            "current_ratio": 270.35,
            "debt_ratio": 34.05,
            "inventory_turnover_ratio": 2.18,
            "account_receivable_turnover_ratio": 0.97,
            "reinvestment_rate": -169.43,
            "research_to_sale_ratio": 3.62,
            "price_fair": 45.06,
            "eps_avg_yearly": 1.29,
            "eps_latest_yearly": 1.32,
            "eps_growth_yearly": 111.05
        },
        "20152": {
            "year_quarter": 20152,
            "year": 2015,
            "quarter": 2,
            "eps": 0.82,
            "eps_growth_year": 78.26,
            "eps_4q": 2.03,
            "eps_4q_growth_year": 135.14,
            "roe": 5.05,
            "roe_4q": 12.959999999999999,
            "gross_profit": 115063,
            "gross_margin": 27.01,
            "gross_margin_4q_avg": 26.24,
            "net_income": 35577,
            "revenue": 426049,
            "common_shares": 415390,
            "book_valuer_per_share": 17.04,
            "book_valuer_per_share_4q_avg": 16.64,
            "equity": 707755,
            "current_ratio": 223.45,
            "debt_ratio": 37.54,
            "inventory_turnover_ratio": 2.63,
            "account_receivable_turnover_ratio": 1.21,
            "reinvestment_rate": -167.79,
            "research_to_sale_ratio": 2.8,
            "price_fair": 47.16,
            "eps_avg_yearly": 1.35,
            "eps_latest_yearly": 3.28,
            "eps_growth_yearly": 147.27
        },
        "20153": {
            "year_quarter": 20153,
            "year": 2015,
            "quarter": 3,
            "eps": 0.67,
            "eps_growth_year": 4.69,
            "eps_4q": 2.09,
            "eps_4q_growth_year": 42.94,
            "roe": 3.99,
            "roe_4q": 12.85,
            "gross_profit": 108072,
            "gross_margin": 25.02,
            "gross_margin_4q_avg": 26.1,
            "net_income": 29275,
            "revenue": 431985,
            "common_shares": 436160,
            "book_valuer_per_share": 17.42,
            "book_valuer_per_share_4q_avg": 17,
            "equity": 759773,
            "current_ratio": 240.35,
            "debt_ratio": 36.08,
            "inventory_turnover_ratio": 2.91,
            "account_receivable_turnover_ratio": 1.09,
            "reinvestment_rate": -182.99,
            "research_to_sale_ratio": 3.19,
            "price_fair": 47.51,
            "eps_avg_yearly": 1.36,
            "eps_latest_yearly": 2.68,
            "eps_growth_yearly": 140.55
        },
        "20154": {
            "year_quarter": 20154,
            "year": 2015,
            "quarter": 4,
            "eps": 0.23,
            "eps_growth_year": -24.46,
            "eps_4q": 2.03,
            "eps_4q_growth_year": 30.31,
            "roe": 1.29,
            "roe_4q": 12.31,
            "gross_profit": 97679,
            "gross_margin": 27.03,
            "gross_margin_4q_avg": 26.34,
            "net_income": 9846,
            "revenue": 361430,
            "common_shares": 436160,
            "book_valuer_per_share": 17.47,
            "book_valuer_per_share_4q_avg": 17.2,
            "equity": 762016,
            "current_ratio": 208.59,
            "debt_ratio": 36.81,
            "inventory_turnover_ratio": 2.06,
            "account_receivable_turnover_ratio": 0.92,
            "reinvestment_rate": 3.63,
            "research_to_sale_ratio": 5.2,
            "price_fair": 46.64,
            "eps_avg_yearly": 1.33,
            "eps_latest_yearly": 0.92,
            "eps_growth_yearly": 136.03
        },
        "20161": {
            "year_quarter": 20161,
            "year": 2016,
            "quarter": 1,
            "eps": 0.57,
            "eps_growth_year": 72.73,
            "eps_4q": 2.28,
            "eps_4q_growth_year": 31.95,
            "roe": 3.24,
            "roe_4q": 13.57,
            "gross_profit": 109388,
            "gross_margin": 27.42,
            "gross_margin_4q_avg": 26.62,
            "net_income": 24949,
            "revenue": 398938,
            "common_shares": 436160,
            "book_valuer_per_share": 17.8,
            "book_valuer_per_share_4q_avg": 17.43,
            "equity": 776409,
            "current_ratio": 216.5,
            "debt_ratio": 36.06,
            "inventory_turnover_ratio": 1.87,
            "account_receivable_turnover_ratio": 1.12,
            "reinvestment_rate": -114.69,
            "research_to_sale_ratio": 3.7,
            "price_fair": 49.44,
            "eps_avg_yearly": 1.41,
            "eps_latest_yearly": 2.28,
            "eps_growth_yearly": 179.05
        },
        "20162": {
            "year_quarter": 20162,
            "year": 2016,
            "quarter": 2,
            "eps": 0.45,
            "eps_growth_year": -45.12,
            "eps_4q": 1.87,
            "eps_4q_growth_year": -7.56,
            "roe": 2.66,
            "roe_4q": 11.18,
            "gross_profit": 103194,
            "gross_margin": 21.7,
            "gross_margin_4q_avg": 25.29,
            "net_income": 20099,
            "revenue": 475600,
            "common_shares": 436160,
            "book_valuer_per_share": 16.84,
            "book_valuer_per_share_4q_avg": 17.38,
            "equity": 734307,
            "current_ratio": 172.57,
            "debt_ratio": 44.47,
            "inventory_turnover_ratio": 2.23,
            "account_receivable_turnover_ratio": 1.2,
            "reinvestment_rate": -118.37,
            "research_to_sale_ratio": 3.52,
            "price_fair": 48.83,
            "eps_avg_yearly": 1.4,
            "eps_latest_yearly": 1.8,
            "eps_growth_yearly": 146.79
        },
        "20163": {
            "year_quarter": 20163,
            "year": 2016,
            "quarter": 3,
            "eps": -0.18,
            "eps_growth_year": -126.87,
            "eps_4q": 1.05,
            "eps_4q_growth_year": -49.95,
            "roe": -1.1,
            "roe_4q": 6.090000000000001,
            "gross_profit": 105059,
            "gross_margin": 21.74,
            "gross_margin_4q_avg": 24.47,
            "net_income": -7947,
            "revenue": 483142,
            "common_shares": 449245,
            "book_valuer_per_share": 15.85,
            "book_valuer_per_share_4q_avg": 16.99,
            "equity": 712007,
            "current_ratio": 171.42,
            "debt_ratio": 44.86,
            "inventory_turnover_ratio": 2.28,
            "account_receivable_turnover_ratio": 1.03,
            "reinvestment_rate": -129.16,
            "research_to_sale_ratio": 3.42,
            "price_fair": 48.91,
            "eps_avg_yearly": 1.4,
            "eps_latest_yearly": 1.8,
            "eps_growth_yearly": 165.8
        },
        "20164": {
            "year_quarter": 20164,
            "year": 2016,
            "quarter": 4,
            "eps": 0.48,
            "eps_growth_year": 113.55,
            "eps_4q": 1.31,
            "eps_4q_growth_year": -35.54,
            "roe": 3,
            "roe_4q": 7.800000000000001,
            "gross_profit": 129909,
            "gross_margin": 21.91,
            "gross_margin_4q_avg": 23.19,
            "net_income": 21657,
            "revenue": 593044,
            "common_shares": 449245,
            "book_valuer_per_share": 16.33,
            "book_valuer_per_share_4q_avg": 16.71,
            "equity": 733831,
            "current_ratio": 162.5,
            "debt_ratio": 48.34,
            "inventory_turnover_ratio": 2.6,
            "account_receivable_turnover_ratio": 1.06,
            "reinvestment_rate": -117.1,
            "research_to_sale_ratio": 2.47,
            "price_fair": 51.2,
            "eps_avg_yearly": 1.46,
            "eps_latest_yearly": 1.8,
            "eps_growth_yearly": 196.13
        },
        "20171": {
            "year_quarter": 20171,
            "year": 2017,
            "quarter": 1,
            "eps": 0.42,
            "eps_growth_year": -26.32,
            "eps_4q": 1.17,
            "eps_4q_growth_year": -48.67,
            "roe": 2.6,
            "roe_4q": 7.16,
            "gross_profit": 107868,
            "gross_margin": 22.62,
            "gross_margin_4q_avg": 21.99,
            "net_income": 18879,
            "revenue": 476802,
            "common_shares": 449245,
            "book_valuer_per_share": 15.94,
            "book_valuer_per_share_4q_avg": 16.24,
            "equity": 715954,
            "current_ratio": 174.72,
            "debt_ratio": 47.53,
            "inventory_turnover_ratio": 2.02,
            "account_receivable_turnover_ratio": 0.86,
            "reinvestment_rate": 47.79,
            "research_to_sale_ratio": 3.12,
            "price_fair": 53.9,
            "eps_avg_yearly": 1.54,
            "eps_latest_yearly": 1.68,
            "eps_growth_yearly": 185.42
        },
        "20172": {
            "year_quarter": 20172,
            "year": 2017,
            "quarter": 2,
            "eps": 0.48,
            "eps_growth_year": 6.67,
            "eps_4q": 1.2,
            "eps_4q_growth_year": -36.18,
            "roe": 3.11,
            "roe_4q": 7.610000000000001,
            "gross_profit": 122374,
            "gross_margin": 24.38,
            "gross_margin_4q_avg": 22.66,
            "net_income": 22204,
            "revenue": 501926,
            "common_shares": 449245,
            "book_valuer_per_share": 15.84,
            "book_valuer_per_share_4q_avg": 15.99,
            "equity": 711806,
            "current_ratio": 158.16,
            "debt_ratio": 49.56,
            "inventory_turnover_ratio": 2.4,
            "account_receivable_turnover_ratio": 1.06,
            "reinvestment_rate": 44.92,
            "research_to_sale_ratio": 3.4,
            "price_fair": 57.7,
            "eps_avg_yearly": 1.65,
            "eps_latest_yearly": 1.92,
            "eps_growth_yearly": 199.02
        },
        "20173": {
            "year_quarter": 20173,
            "year": 2017,
            "quarter": 3,
            "eps": 0.56,
            "eps_growth_year": null,
            "eps_4q": 1.72,
            "eps_4q_growth_year": 64.13,
            "roe": 3.35,
            "roe_4q": 12.06,
            "gross_profit": 134020,
            "gross_margin": 19.47,
            "gross_margin_4q_avg": 22.1,
            "net_income": 26145,
            "revenue": 688298,
            "common_shares": 518230,
            "book_valuer_per_share": 16.4,
            "book_valuer_per_share_4q_avg": 16.13,
            "equity": 849841,
            "current_ratio": 172.35,
            "debt_ratio": 46.32,
            "inventory_turnover_ratio": 3.5,
            "account_receivable_turnover_ratio": 1.18,
            "reinvestment_rate": 38.95,
            "research_to_sale_ratio": 2.7,
            "price_fair": 62.9,
            "eps_avg_yearly": 1.8,
            "eps_latest_yearly": 2.24,
            "eps_growth_yearly": 220.93
        },
        "20174": {
            "year_quarter": 20174,
            "year": 2017,
            "quarter": 4,
            "eps": 0.1,
            "eps_growth_year": -79.65,
            "eps_4q": 1.4,
            "eps_4q_growth_year": 6.69,
            "roe": 0.6,
            "roe_4q": 9.66,
            "gross_profit": 102556,
            "gross_margin": 14.68,
            "gross_margin_4q_avg": 20.29,
            "net_income": 5084,
            "revenue": 698833,
            "common_shares": 518230,
            "book_valuer_per_share": 16.45,
            "book_valuer_per_share_4q_avg": 16.16,
            "equity": 852372,
            "current_ratio": 170.92,
            "debt_ratio": 47.78,
            "inventory_turnover_ratio": 3.25,
            "account_receivable_turnover_ratio": 1,
            "reinvestment_rate": 39.02,
            "research_to_sale_ratio": 2.77,
            "price_fair": 61.9,
            "eps_avg_yearly": 1.77,
            "eps_latest_yearly": 0.4,
            "eps_growth_yearly": 83.17
        },
        "20181": {
            "year_quarter": 20181,
            "year": 2018,
            "quarter": 1,
            "eps": 0.1,
            "eps_growth_year": -76.19,
            "eps_4q": 1.13,
            "eps_4q_growth_year": -3.52,
            "roe": 0.61,
            "roe_4q": 7.67,
            "gross_profit": 71468,
            "gross_margin": 13.3,
            "gross_margin_4q_avg": 17.96,
            "net_income": 5206,
            "revenue": 537290,
            "common_shares": 518230,
            "book_valuer_per_share": 16.56,
            "book_valuer_per_share_4q_avg": 16.31,
            "equity": 857968,
            "current_ratio": 200.2,
            "debt_ratio": 39.79,
            "inventory_turnover_ratio": 2.28,
            "account_receivable_turnover_ratio": 0.87,
            "reinvestment_rate": 37.38,
            "research_to_sale_ratio": 3.38,
            "price_fair": 61.3,
            "eps_avg_yearly": 1.75,
            "eps_latest_yearly": 0.4,
            "eps_growth_yearly": 88.89
        },
        "20182": {
            "year_quarter": 20182,
            "year": 2018,
            "quarter": 2,
            "eps": 0.63,
            "eps_growth_year": 31.25,
            "eps_4q": 1.32,
            "eps_4q_growth_year": 10.01,
            "roe": 3.89,
            "roe_4q": 8.45,
            "gross_profit": 106166,
            "gross_margin": 14.95,
            "gross_margin_4q_avg": 15.6,
            "net_income": 33099,
            "revenue": 710214,
            "common_shares": 518230,
            "book_valuer_per_share": 16.31,
            "book_valuer_per_share_4q_avg": 16.43,
            "equity": 845149,
            "current_ratio": 172.72,
            "debt_ratio": 47.28,
            "inventory_turnover_ratio": 3.12,
            "account_receivable_turnover_ratio": 1.1,
            "reinvestment_rate": 36.32,
            "research_to_sale_ratio": 2.93,
            "price_fair": 63,
            "eps_avg_yearly": 1.8,
            "eps_latest_yearly": 2.52,
            "eps_growth_yearly": 186.75
        },
        "20183": {
            "year_quarter": 20183,
            "year": 2018,
            "quarter": 3,
            "eps": 0.98,
            "eps_growth_year": 75,
            "eps_4q": 1.8,
            "eps_4q_growth_year": 4.94,
            "roe": 6,
            "roe_4q": 11.1,
            "gross_profit": 180593,
            "gross_margin": 21.16,
            "gross_margin_4q_avg": 16.02,
            "net_income": 51750,
            "revenue": 853521,
            "common_shares": 528595,
            "book_valuer_per_share": 16.67,
            "book_valuer_per_share_4q_avg": 16.5,
            "equity": 881289,
            "current_ratio": 165.65,
            "debt_ratio": 50.64,
            "inventory_turnover_ratio": 3.33,
            "account_receivable_turnover_ratio": 1.07,
            "reinvestment_rate": 31.13,
            "research_to_sale_ratio": 2.82,
            "price_fair": 66.4,
            "eps_avg_yearly": 1.9,
            "eps_latest_yearly": 3.92,
            "eps_growth_yearly": 191.44
        },
        "20184": {
            "year_quarter": 20184,
            "year": 2018,
            "quarter": 4,
            "eps": 0.5,
            "eps_growth_year": 406.03,
            "eps_4q": 2.2,
            "eps_4q_growth_year": 57.67,
            "roe": 2.93,
            "roe_4q": 13.43,
            "gross_profit": 183298,
            "gross_margin": 23.88,
            "gross_margin_4q_avg": 18.32,
            "net_income": 26241,
            "revenue": 767665,
            "common_shares": 528595,
            "book_valuer_per_share": 17.17,
            "book_valuer_per_share_4q_avg": 16.68,
            "equity": 907656,
            "current_ratio": 160.91,
            "debt_ratio": 54.22,
            "inventory_turnover_ratio": 1.99,
            "account_receivable_turnover_ratio": 0.97,
            "reinvestment_rate": 31.02,
            "research_to_sale_ratio": 2.69,
            "price_fair": 68.4,
            "eps_avg_yearly": 1.95,
            "eps_latest_yearly": 2,
            "eps_growth_yearly": 192.62
        },
        "20191": {
            "year_quarter": 20191,
            "year": 2019,
            "quarter": 1,
            "eps": 0.46,
            "eps_growth_year": 360,
            "eps_4q": 2.57,
            "eps_4q_growth_year": 126.76,
            "roe": 2.64,
            "roe_4q": 15.46,
            "gross_profit": 145485,
            "gross_margin": 21.67,
            "gross_margin_4q_avg": 20.42,
            "net_income": 24540,
            "revenue": 671444,
            "common_shares": 528595,
            "book_valuer_per_share": 17.93,
            "book_valuer_per_share_4q_avg": 17.02,
            "equity": 947918,
            "current_ratio": 190.08,
            "debt_ratio": 45.29,
            "inventory_turnover_ratio": 1.62,
            "account_receivable_turnover_ratio": 0.93,
            "reinvestment_rate": 29.36,
            "research_to_sale_ratio": 3.01,
            "price_fair": 69.7,
            "eps_avg_yearly": 1.99,
            "eps_latest_yearly": 1.84,
            "eps_growth_yearly": 187.48
        },
        "20192": {
            "year_quarter": 20192,
            "year": 2019,
            "quarter": 2,
            "eps": 1.01,
            "eps_growth_year": 60.32,
            "eps_4q": 2.91,
            "eps_4q_growth_year": 121.16,
            "roe": 5.85,
            "roe_4q": 17.42,
            "gross_profit": 172223,
            "gross_margin": 20.06,
            "gross_margin_4q_avg": 21.69,
            "net_income": 54327,
            "revenue": 858582,
            "common_shares": 528595,
            "book_valuer_per_share": 17.23,
            "book_valuer_per_share_4q_avg": 17.25,
            "equity": 910622,
            "current_ratio": 161.72,
            "debt_ratio": 53.4,
            "inventory_turnover_ratio": 2.7,
            "account_receivable_turnover_ratio": 1.14,
            "reinvestment_rate": 26.33,
            "research_to_sale_ratio": 2.66,
            "price_fair": 71.6,
            "eps_avg_yearly": 2.05,
            "eps_latest_yearly": 4.04,
            "eps_growth_yearly": 179.22
        },
        "20193": {
            "year_quarter": 20193,
            "year": 2019,
            "quarter": 3,
            "eps": 1.26,
            "eps_growth_year": 28.57,
            "eps_4q": 3.21,
            "eps_4q_growth_year": 78.17,
            "roe": 7.27,
            "roe_4q": 18.69,
            "gross_profit": 197493,
            "gross_margin": 20.48,
            "gross_margin_4q_avg": 21.52,
            "net_income": 67796,
            "revenue": 964329,
            "common_shares": 539167,
            "book_valuer_per_share": 17.71,
            "book_valuer_per_share_4q_avg": 17.51,
            "equity": 954634,
            "current_ratio": 147.32,
            "debt_ratio": 55.71,
            "inventory_turnover_ratio": 2.94,
            "account_receivable_turnover_ratio": 1.11,
            "reinvestment_rate": 50.7,
            "research_to_sale_ratio": 3.63,
            "price_fair": 77.5,
            "eps_avg_yearly": 2.21,
            "eps_latest_yearly": 5.04,
            "eps_growth_yearly": 191.52
        },
        "20194": {
            "year_quarter": 20194,
            "year": 2019,
            "quarter": 4,
            "eps": 0.43,
            "eps_growth_year": -13.14,
            "eps_4q": 3.15,
            "eps_4q_growth_year": 43.24,
            "roe": 2.42,
            "roe_4q": 18.18,
            "gross_profit": 176103,
            "gross_margin": 20.44,
            "gross_margin_4q_avg": 20.66,
            "net_income": 23250,
            "revenue": 861463,
            "common_shares": 539167,
            "book_valuer_per_share": 17.95,
            "book_valuer_per_share_4q_avg": 17.71,
            "equity": 967576,
            "current_ratio": 159,
            "debt_ratio": 52.45,
            "inventory_turnover_ratio": 2.15,
            "account_receivable_turnover_ratio": 0.93,
            "reinvestment_rate": 47.56,
            "research_to_sale_ratio": 3.9,
            "price_fair": 79.5,
            "eps_avg_yearly": 2.27,
            "eps_latest_yearly": 1.72,
            "eps_growth_yearly": 191.46
        },
        "20201": {
            "year_quarter": 20201,
            "year": 2020,
            "quarter": 1,
            "eps": 0.51,
            "eps_growth_year": 10.87,
            "eps_4q": 3.21,
            "eps_4q_growth_year": 24.97,
            "roe": 2.81,
            "roe_4q": 18.35,
            "gross_profit": 110352,
            "gross_margin": 19.19,
            "gross_margin_4q_avg": 20.04,
            "net_income": 27515,
            "revenue": 575023,
            "common_shares": 539167,
            "book_valuer_per_share": 18.33,
            "book_valuer_per_share_4q_avg": 17.81,
            "equity": 988272,
            "current_ratio": 188.25,
            "debt_ratio": 43.45,
            "inventory_turnover_ratio": 1.49,
            "account_receivable_turnover_ratio": 0.75,
            "reinvestment_rate": 18.85,
            "research_to_sale_ratio": 3.69,
            "price_fair": 78.9,
            "eps_avg_yearly": 2.25,
            "eps_latest_yearly": 2.04,
            "eps_growth_yearly": 154.54
        },
        "20202": {
            "year_quarter": 20202,
            "year": 2020,
            "quarter": 2,
            "eps": 0.84,
            "eps_growth_year": -16.83,
            "eps_4q": 3.03,
            "eps_4q_growth_year": 4.32,
            "roe": 4.74,
            "roe_4q": 17.240000000000002,
            "gross_profit": 149628,
            "gross_margin": 22.93,
            "gross_margin_4q_avg": 20.76,
            "net_income": 45067,
            "revenue": 652585,
            "common_shares": 539167,
            "book_valuer_per_share": 16.96,
            "book_valuer_per_share_4q_avg": 17.74,
            "equity": 914347,
            "current_ratio": 158.88,
            "debt_ratio": 51.57,
            "inventory_turnover_ratio": 1.71,
            "account_receivable_turnover_ratio": 1.01,
            "reinvestment_rate": 18.81,
            "research_to_sale_ratio": 3.93,
            "price_fair": 82.8,
            "eps_avg_yearly": 2.37,
            "eps_latest_yearly": 3.36,
            "eps_growth_yearly": 179.04
        },
        "20203": {
            "year_quarter": 20203,
            "year": 2020,
            "quarter": 3,
            "eps": 1.18,
            "eps_growth_year": -6.35,
            "eps_4q": 2.96,
            "eps_4q_growth_year": -7.69,
            "roe": 6.66,
            "roe_4q": 16.630000000000003,
            "gross_profit": 206041,
            "gross_margin": 20.23,
            "gross_margin_4q_avg": 20.7,
            "net_income": 63781,
            "revenue": 1018694,
            "common_shares": 539167,
            "book_valuer_per_share": 18.54,
            "book_valuer_per_share_4q_avg": 17.95,
            "equity": 999692,
            "current_ratio": 153.83,
            "debt_ratio": 54.79,
            "inventory_turnover_ratio": 2.51,
            "account_receivable_turnover_ratio": 1.21,
            "reinvestment_rate": 15.67,
            "research_to_sale_ratio": 3.17,
            "price_fair": 88.29,
            "eps_avg_yearly": 2.52,
            "eps_latest_yearly": 4.72,
            "eps_growth_yearly": 177.9
        },
        "20204": {
            "year_quarter": 20204,
            "year": 2020,
            "quarter": 4,
            "eps": 0.37,
            "eps_growth_year": -13.89,
            "eps_4q": 2.9,
            "eps_4q_growth_year": -7.96,
            "roe": 1.98,
            "roe_4q": 16.19,
            "gross_profit": 142944,
            "gross_margin": 12.5,
            "gross_margin_4q_avg": 18.71,
            "net_income": 20021,
            "revenue": 1143830,
            "common_shares": 539167,
            "book_valuer_per_share": 19.01,
            "book_valuer_per_share_4q_avg": 18.21,
            "equity": 1024810,
            "current_ratio": 145.19,
            "debt_ratio": 59.14,
            "inventory_turnover_ratio": 2.69,
            "account_receivable_turnover_ratio": 1.01,
            "reinvestment_rate": 16.66,
            "research_to_sale_ratio": 2.34,
            "price_fair": 86.01,
            "eps_avg_yearly": 2.46,
            "eps_latest_yearly": 1.48,
            "eps_growth_yearly": 149.62
        },
        "20211": {
            "year_quarter": 20211,
            "year": 2021,
            "quarter": 1,
            "eps": 0.56,
            "eps_growth_year": 9.8,
            "eps_4q": 2.95,
            "eps_4q_growth_year": -7.91,
            "roe": 2.91,
            "roe_4q": 16.29,
            "gross_profit": 125432,
            "gross_margin": 13.49,
            "gross_margin_4q_avg": 17.29,
            "net_income": 30345,
            "revenue": 929840,
            "common_shares": 539167,
            "book_valuer_per_share": 19.69,
            "book_valuer_per_share_4q_avg": 18.55,
            "equity": 1061837,
            "current_ratio": 150.1,
            "debt_ratio": 56.63,
            "inventory_turnover_ratio": 1.95,
            "account_receivable_turnover_ratio": 0.77,
            "reinvestment_rate": 16.16,
            "research_to_sale_ratio": 2.78,
            "price_fair": 87.24,
            "eps_avg_yearly": 2.49,
            "eps_latest_yearly": 2.24,
            "eps_growth_yearly": 165.58
        },
        "20212": {
            "year_quarter": 20212,
            "year": 2021,
            "quarter": 2,
            "eps": 0.8,
            "eps_growth_year": -4.76,
            "eps_4q": 2.92,
            "eps_4q_growth_year": -3.95,
            "roe": 4.01,
            "roe_4q": 15.56,
            "gross_profit": 167878,
            "gross_margin": 14.92,
            "gross_margin_4q_avg": 15.29,
            "net_income": 43025,
            "revenue": 1125140,
            "common_shares": 539167,
            "book_valuer_per_share": 20.15,
            "book_valuer_per_share_4q_avg": 19.35,
            "equity": 1086308,
            "current_ratio": 146.07,
            "debt_ratio": 59.59,
            "inventory_turnover_ratio": 2.18,
            "account_receivable_turnover_ratio": 0.96,
            "reinvestment_rate": 13.14,
            "research_to_sale_ratio": 2.53,
            "price_fair": 90.04,
            "eps_avg_yearly": 2.57,
            "eps_latest_yearly": 3.2,
            "eps_growth_yearly": 172.72
        },
        "20213": {
            "year_quarter": 20213,
            "year": 2021,
            "quarter": 3,
            "eps": 0.88,
            "eps_growth_year": -25.42,
            "eps_4q": 2.61,
            "eps_4q_growth_year": -11.87,
            "roe": 4.44,
            "roe_4q": 13.34,
            "gross_profit": 167517,
            "gross_margin": 14.83,
            "gross_margin_4q_avg": 13.94,
            "net_income": 47275,
            "revenue": 1129545,
            "common_shares": 539167,
            "book_valuer_per_share": 19.31,
            "book_valuer_per_share_4q_avg": 19.54,
            "equity": 1041315,
            "current_ratio": 140.19,
            "debt_ratio": 63.26,
            "inventory_turnover_ratio": 2.15,
            "account_receivable_turnover_ratio": 0.9,
            "reinvestment_rate": 13.35,
            "research_to_sale_ratio": 2.73,
            "price_fair": 92.84,
            "eps_avg_yearly": 2.65,
            "eps_latest_yearly": 3.52,
            "eps_growth_yearly": 171.06
        },
        "20214": {
            "year_quarter": 20214,
            "year": 2021,
            "quarter": 4,
            "eps": 0.18,
            "eps_growth_year": -51.24,
            "eps_4q": 2.23,
            "eps_4q_growth_year": -23.16,
            "roe": 0.96,
            "roe_4q": 12.32,
            "gross_profit": 146319,
            "gross_margin": 13.57,
            "gross_margin_4q_avg": 14.2,
            "net_income": 10668,
            "revenue": 1078434,
            "common_shares": 589167,
            "book_valuer_per_share": 19.87,
            "book_valuer_per_share_4q_avg": 19.76,
            "equity": 1170465,
            "current_ratio": 151.24,
            "debt_ratio": 59.17,
            "inventory_turnover_ratio": 2.15,
            "account_receivable_turnover_ratio": 0.83,
            "reinvestment_rate": 12.46,
            "research_to_sale_ratio": 2.1,
            "price_fair": 93.54,
            "eps_avg_yearly": 2.67,
            "eps_latest_yearly": 0.72,
            "eps_growth_yearly": 171.71
        },
        "20221": {
            "year_quarter": 20221,
            "year": 2022,
            "quarter": 1,
            "eps": 0.68,
            "eps_growth_year": 21.43,
            "eps_4q": 2.39,
            "eps_4q_growth_year": -19.04,
            "roe": 3.31,
            "roe_4q": 12.72,
            "gross_profit": 165851,
            "gross_margin": 16.77,
            "gross_margin_4q_avg": 15.02,
            "net_income": 39878,
            "revenue": 989180,
            "common_shares": 589167,
            "book_valuer_per_share": 21.03,
            "book_valuer_per_share_4q_avg": 20.09,
            "equity": 1238900,
            "current_ratio": 159.04,
            "debt_ratio": 56.42,
            "inventory_turnover_ratio": 1.96,
            "account_receivable_turnover_ratio": 0.8,
            "reinvestment_rate": 13.37,
            "research_to_sale_ratio": 2.31,
            "price_fair": 98.61,
            "eps_avg_yearly": 2.82,
            "eps_latest_yearly": 2.72,
            "eps_growth_yearly": 241.15
        },
        "20222": {
            "year_quarter": 20222,
            "year": 2022,
            "quarter": 2,
            "eps": 1.2,
            "eps_growth_year": 50,
            "eps_4q": 2.86,
            "eps_4q_growth_year": -1.76,
            "roe": 5.84,
            "roe_4q": 14.55,
            "gross_profit": 232608,
            "gross_margin": 20.16,
            "gross_margin_4q_avg": 16.33,
            "net_income": 70909,
            "revenue": 1153884,
            "common_shares": 589167,
            "book_valuer_per_share": 20.2,
            "book_valuer_per_share_4q_avg": 20.1,
            "equity": 1189845,
            "current_ratio": 148.8,
            "debt_ratio": 60.49,
            "inventory_turnover_ratio": 2.35,
            "account_receivable_turnover_ratio": 0.93,
            "reinvestment_rate": 11.89,
            "research_to_sale_ratio": 2.54,
            "price_fair": 103.6,
            "eps_avg_yearly": 2.96,
            "eps_latest_yearly": 4.8,
            "eps_growth_yearly": 127.77
        },
        "20223": {
            "year_quarter": 20223,
            "year": 2022,
            "quarter": 3,
            "eps": 1.44,
            "eps_growth_year": 63.64,
            "eps_4q": 3.51,
            "eps_4q_growth_year": 34.37,
            "roe": 6.86,
            "roe_4q": 16.97,
            "gross_profit": 218874,
            "gross_margin": 20.04,
            "gross_margin_4q_avg": 17.64,
            "net_income": 85091,
            "revenue": 1092197,
            "common_shares": 589167,
            "book_valuer_per_share": 21.93,
            "book_valuer_per_share_4q_avg": 20.76,
            "equity": 1291793,
            "current_ratio": 163.17,
            "debt_ratio": 55.57,
            "inventory_turnover_ratio": 2.48,
            "account_receivable_turnover_ratio": 0.83,
            "reinvestment_rate": 12.73,
            "research_to_sale_ratio": 2.61,
            "price_fair": 107.63,
            "eps_avg_yearly": 3.08,
            "eps_latest_yearly": 5.76,
            "eps_growth_yearly": 118.88
        },
        "20224": {
            "year_quarter": 20224,
            "year": 2022,
            "quarter": 4,
            "eps": 0.28,
            "eps_growth_year": 52.21,
            "eps_4q": 3.6,
            "eps_4q_growth_year": 61.53,
            "roe": 1.26,
            "roe_4q": 17.27,
            "gross_profit": 203060,
            "gross_margin": 22.27,
            "gross_margin_4q_avg": 19.81,
            "net_income": 16238,
            "revenue": 911735,
            "common_shares": 589167,
            "book_valuer_per_share": 21.98,
            "book_valuer_per_share_4q_avg": 21.29,
            "equity": 1295048,
            "current_ratio": 172.16,
            "debt_ratio": 54.01,
            "inventory_turnover_ratio": 2.1,
            "account_receivable_turnover_ratio": 0.73,
            "reinvestment_rate": 11.68,
            "research_to_sale_ratio": 2.18,
            "price_fair": 105.7,
            "eps_avg_yearly": 3.02,
            "eps_latest_yearly": 1.12,
            "eps_growth_yearly": 110.99
        },
        "20231": {
            "year_quarter": 20231,
            "year": 2023,
            "quarter": 1,
            "eps": 0.96,
            "eps_growth_year": 41.18,
            "eps_4q": 3.88,
            "eps_4q_growth_year": 62.48,
            "roe": 4.3,
            "roe_4q": 18.259999999999998,
            "gross_profit": 169553,
            "gross_margin": 20.74,
            "gross_margin_4q_avg": 20.8,
            "net_income": 56615,
            "revenue": 817544,
            "common_shares": 589167,
            "book_valuer_per_share": 22.73,
            "book_valuer_per_share_4q_avg": 21.71,
            "equity": 1339384,
            "current_ratio": 187.75,
            "debt_ratio": 50.77,
            "inventory_turnover_ratio": 2.08,
            "account_receivable_turnover_ratio": 0.77,
            "reinvestment_rate": 11.6,
            "research_to_sale_ratio": 2.38,
            "price_fair": 110.08,
            "eps_avg_yearly": 3.15,
            "eps_latest_yearly": 3.84,
            "eps_growth_yearly": 173.7
        }
    },
    "months": {
        "2004-06": {
            "month": "2004-06",
            "price": "12.60",
            "revenue": 55884
        },
        "2004-07": {
            "month": "2004-07",
            "price": "12.17",
            "revenue": 45694
        },
        "2004-08": {
            "month": "2004-08",
            "price": "12.35",
            "revenue": 48723
        },
        "2004-09": {
            "month": "2004-09",
            "price": "12.28",
            "revenue": 48158
        },
        "2004-10": {
            "month": "2004-10",
            "price": "12.43",
            "revenue": 43889
        },
        "2004-11": {
            "month": "2004-11",
            "price": "12.51",
            "revenue": 45946
        },
        "2004-12": {
            "month": "2004-12",
            "price": "12.12",
            "revenue": 54565
        },
        "2005-01": {
            "month": "2005-01",
            "price": "12.30",
            "revenue": 49741
        },
        "2005-02": {
            "month": "2005-02",
            "price": "12.03",
            "revenue": 33908
        },
        "2005-03": {
            "month": "2005-03",
            "price": "12.03",
            "revenue": 57521
        },
        "2005-04": {
            "month": "2005-04",
            "price": "11.61",
            "revenue": 64700
        },
        "2005-05": {
            "month": "2005-05",
            "price": "11.18",
            "revenue": 58835
        },
        "2005-06": {
            "month": "2005-06",
            "price": "11.58",
            "revenue": 57272
        },
        "2005-07": {
            "month": "2005-07",
            "price": "11.83",
            "revenue": 65889
        },
        "2005-08": {
            "month": "2005-08",
            "price": "11.97",
            "revenue": 65303
        },
        "2005-09": {
            "month": "2005-09",
            "price": "12.89",
            "revenue": 76121
        },
        "2005-10": {
            "month": "2005-10",
            "price": "14.54",
            "revenue": 66828
        },
        "2005-11": {
            "month": "2005-11",
            "price": "15.39",
            "revenue": 64023
        },
        "2005-12": {
            "month": "2005-12",
            "price": "15.47",
            "revenue": 66805
        },
        "2006-01": {
            "month": "2006-01",
            "price": "16.15",
            "revenue": 62066
        },
        "2006-02": {
            "month": "2006-02",
            "price": "15.81",
            "revenue": 47936
        },
        "2006-03": {
            "month": "2006-03",
            "price": "18.91",
            "revenue": 84040
        },
        "2006-04": {
            "month": "2006-04",
            "price": "21.44",
            "revenue": 67443
        },
        "2006-05": {
            "month": "2006-05",
            "price": "24.98",
            "revenue": 70656
        },
        "2006-06": {
            "month": "2006-06",
            "price": "24.23",
            "revenue": 61455
        },
        "2006-07": {
            "month": "2006-07",
            "price": "25.76",
            "revenue": 65461
        },
        "2006-08": {
            "month": "2006-08",
            "price": "27.61",
            "revenue": 89240
        },
        "2006-09": {
            "month": "2006-09",
            "price": "28.83",
            "revenue": 70287
        },
        "2006-10": {
            "month": "2006-10",
            "price": "30.90",
            "revenue": 72136
        },
        "2006-11": {
            "month": "2006-11",
            "price": "31.52",
            "revenue": 78336
        },
        "2006-12": {
            "month": "2006-12",
            "price": "33.38",
            "revenue": 58090
        },
        "2007-01": {
            "month": "2007-01",
            "price": "37.90",
            "revenue": 70533
        },
        "2007-02": {
            "month": "2007-02",
            "price": "39.14",
            "revenue": 55039
        },
        "2007-03": {
            "month": "2007-03",
            "price": "37.96",
            "revenue": 89323
        },
        "2007-04": {
            "month": "2007-04",
            "price": "38.80",
            "revenue": 79290
        },
        "2007-05": {
            "month": "2007-05",
            "price": "34.03",
            "revenue": 79651
        },
        "2007-06": {
            "month": "2007-06",
            "price": "37.56",
            "revenue": 81200
        },
        "2007-07": {
            "month": "2007-07",
            "price": "42.15",
            "revenue": 86111
        },
        "2007-08": {
            "month": "2007-08",
            "price": "34.40",
            "revenue": 93058
        },
        "2007-09": {
            "month": "2007-09",
            "price": "27.31",
            "revenue": 98517
        },
        "2007-10": {
            "month": "2007-10",
            "price": "26.30",
            "revenue": 90952
        },
        "2007-11": {
            "month": "2007-11",
            "price": "20.39",
            "revenue": 90703
        },
        "2007-12": {
            "month": "2007-12",
            "price": "18.95",
            "revenue": 73583
        },
        "2008-01": {
            "month": "2008-01",
            "price": "16.95",
            "revenue": 84562
        },
        "2008-02": {
            "month": "2008-02",
            "price": "15.98",
            "revenue": 48986
        },
        "2008-03": {
            "month": "2008-03",
            "price": "16.61",
            "revenue": 86532
        },
        "2008-04": {
            "month": "2008-04",
            "price": "18.40",
            "revenue": 89024
        },
        "2008-05": {
            "month": "2008-05",
            "price": "19.07",
            "revenue": 79055
        },
        "2008-06": {
            "month": "2008-06",
            "price": "16.22",
            "revenue": 68443
        },
        "2008-07": {
            "month": "2008-07",
            "price": "13.98",
            "revenue": 77250
        },
        "2008-08": {
            "month": "2008-08",
            "price": "12.22",
            "revenue": 85226
        },
        "2008-09": {
            "month": "2008-09",
            "price": "10.61",
            "revenue": 99391
        },
        "2008-10": {
            "month": "2008-10",
            "price": "9.84",
            "revenue": 90928
        },
        "2008-11": {
            "month": "2008-11",
            "price": "9.57",
            "revenue": 69693
        },
        "2008-12": {
            "month": "2008-12",
            "price": "9.42",
            "revenue": 61002
        },
        "2009-01": {
            "month": "2009-01",
            "price": "8.90",
            "revenue": 50631
        },
        "2009-02": {
            "month": "2009-02",
            "price": "8.89",
            "revenue": 69786
        },
        "2009-03": {
            "month": "2009-03",
            "price": "9.99",
            "revenue": 87718
        },
        "2009-04": {
            "month": "2009-04",
            "price": "10.81",
            "revenue": 77967
        },
        "2009-05": {
            "month": "2009-05",
            "price": "10.49",
            "revenue": 63970
        },
        "2009-06": {
            "month": "2009-06",
            "price": "10.71",
            "revenue": 76789
        },
        "2009-07": {
            "month": "2009-07",
            "price": "11.59",
            "revenue": 78054
        },
        "2009-08": {
            "month": "2009-08",
            "price": "12.81",
            "revenue": 98119
        },
        "2009-09": {
            "month": "2009-09",
            "price": "13.22",
            "revenue": 120917
        },
        "2009-10": {
            "month": "2009-10",
            "price": "15.85",
            "revenue": 121466
        },
        "2009-11": {
            "month": "2009-11",
            "price": "16.33",
            "revenue": 90398
        },
        "2009-12": {
            "month": "2009-12",
            "price": "16.17",
            "revenue": 65810
        },
        "2010-01": {
            "month": "2010-01",
            "price": "16.62",
            "revenue": 96587
        },
        "2010-02": {
            "month": "2010-02",
            "price": "14.68",
            "revenue": 58621
        },
        "2010-03": {
            "month": "2010-03",
            "price": "16.73",
            "revenue": 116656
        },
        "2010-04": {
            "month": "2010-04",
            "price": "20.29",
            "revenue": 135434
        },
        "2010-05": {
            "month": "2010-05",
            "price": "25.07",
            "revenue": 98534
        },
        "2010-06": {
            "month": "2010-06",
            "price": "22.79",
            "revenue": 103484
        },
        "2010-07": {
            "month": "2010-07",
            "price": "23.94",
            "revenue": 122300
        },
        "2010-08": {
            "month": "2010-08",
            "price": "24.87",
            "revenue": 119729
        },
        "2010-09": {
            "month": "2010-09",
            "price": "39.25",
            "revenue": 121518
        },
        "2010-10": {
            "month": "2010-10",
            "price": "51.58",
            "revenue": 108366
        },
        "2010-11": {
            "month": "2010-11",
            "price": "53.69",
            "revenue": 103496
        },
        "2010-12": {
            "month": "2010-12",
            "price": "48.00",
            "revenue": 106231
        },
        "2011-01": {
            "month": "2011-01",
            "price": "31.41",
            "revenue": 108099
        },
        "2011-02": {
            "month": "2011-02",
            "price": "28.88",
            "revenue": 67078
        },
        "2011-03": {
            "month": "2011-03",
            "price": "28.42",
            "revenue": 145318
        },
        "2011-04": {
            "month": "2011-04",
            "price": "29.41",
            "revenue": 134438
        },
        "2011-05": {
            "month": "2011-05",
            "price": "27.61",
            "revenue": 140603
        },
        "2011-06": {
            "month": "2011-06",
            "price": "29.59",
            "revenue": 139511
        },
        "2011-07": {
            "month": "2011-07",
            "price": "30.40",
            "revenue": 119068
        },
        "2011-08": {
            "month": "2011-08",
            "price": "22.44",
            "revenue": 110919
        },
        "2011-09": {
            "month": "2011-09",
            "price": "17.08",
            "revenue": 117020
        },
        "2011-10": {
            "month": "2011-10",
            "price": "17.88",
            "revenue": 107085
        },
        "2011-11": {
            "month": "2011-11",
            "price": "18.43",
            "revenue": 107058
        },
        "2011-12": {
            "month": "2011-12",
            "price": "15.88",
            "revenue": 87088
        },
        "2012-01": {
            "month": "2012-01",
            "price": "16.13",
            "revenue": 78850
        },
        "2012-02": {
            "month": "2012-02",
            "price": "19.36",
            "revenue": 80220
        },
        "2012-03": {
            "month": "2012-03",
            "price": "23.58",
            "revenue": 122368
        },
        "2012-04": {
            "month": "2012-04",
            "price": "22.99",
            "revenue": 118953
        },
        "2012-05": {
            "month": "2012-05",
            "price": "21.08",
            "revenue": 106873
        },
        "2012-06": {
            "month": "2012-06",
            "price": "19.86",
            "revenue": 102811
        },
        "2012-07": {
            "month": "2012-07",
            "price": "19.90",
            "revenue": 104003
        },
        "2012-08": {
            "month": "2012-08",
            "price": "16.99",
            "revenue": 100187
        },
        "2012-09": {
            "month": "2012-09",
            "price": "17.26",
            "revenue": 108892
        },
        "2012-10": {
            "month": "2012-10",
            "price": "16.16",
            "revenue": 92860
        },
        "2012-11": {
            "month": "2012-11",
            "price": "14.55",
            "revenue": 97176
        },
        "2012-12": {
            "month": "2012-12",
            "price": "15.83",
            "revenue": 79030
        },
        "2013-01": {
            "month": "2013-01",
            "price": "16.10",
            "revenue": 102747
        },
        "2013-02": {
            "month": "2013-02",
            "price": "16.25",
            "revenue": 56469
        },
        "2013-03": {
            "month": "2013-03",
            "price": "16.66",
            "revenue": 99070
        },
        "2013-04": {
            "month": "2013-04",
            "price": "16.33",
            "revenue": 106809
        },
        "2013-05": {
            "month": "2013-05",
            "price": "16.46",
            "revenue": 111774
        },
        "2013-06": {
            "month": "2013-06",
            "price": "16.16",
            "revenue": 80030
        },
        "2013-07": {
            "month": "2013-07",
            "price": "15.52",
            "revenue": 81328
        },
        "2013-08": {
            "month": "2013-08",
            "price": "13.40",
            "revenue": 82999
        },
        "2013-09": {
            "month": "2013-09",
            "price": "13.20",
            "revenue": 80234
        },
        "2013-10": {
            "month": "2013-10",
            "price": "13.23",
            "revenue": 99766
        },
        "2013-11": {
            "month": "2013-11",
            "price": "13.16",
            "revenue": 86557
        },
        "2013-12": {
            "month": "2013-12",
            "price": "13.62",
            "revenue": 76424
        },
        "2014-01": {
            "month": "2014-01",
            "price": "14.59",
            "revenue": 93929
        },
        "2014-02": {
            "month": "2014-02",
            "price": "15.54",
            "revenue": 56483
        },
        "2014-03": {
            "month": "2014-03",
            "price": "15.18",
            "revenue": 103121
        },
        "2014-04": {
            "month": "2014-04",
            "price": "15.57",
            "revenue": 126865
        },
        "2014-05": {
            "month": "2014-05",
            "price": "15.72",
            "revenue": 113353
        },
        "2014-06": {
            "month": "2014-06",
            "price": "16.10",
            "revenue": 115800
        },
        "2014-07": {
            "month": "2014-07",
            "price": "20.96",
            "revenue": 124370
        },
        "2014-08": {
            "month": "2014-08",
            "price": "20.92",
            "revenue": 131212
        },
        "2014-09": {
            "month": "2014-09",
            "price": "25.19",
            "revenue": 144761
        },
        "2014-10": {
            "month": "2014-10",
            "price": "26.58",
            "revenue": 123830
        },
        "2014-11": {
            "month": "2014-11",
            "price": "22.34",
            "revenue": 118520
        },
        "2014-12": {
            "month": "2014-12",
            "price": "23.65",
            "revenue": 118340
        },
        "2015-01": {
            "month": "2015-01",
            "price": "26.83",
            "revenue": 135684
        },
        "2015-02": {
            "month": "2015-02",
            "price": "26.00",
            "revenue": 75887
        },
        "2015-03": {
            "month": "2015-03",
            "price": "26.07",
            "revenue": 121877
        },
        "2015-04": {
            "month": "2015-04",
            "price": "24.05",
            "revenue": 150237
        },
        "2015-05": {
            "month": "2015-05",
            "price": "23.60",
            "revenue": 151879
        },
        "2015-06": {
            "month": "2015-06",
            "price": "24.69",
            "revenue": 123946
        },
        "2015-07": {
            "month": "2015-07",
            "price": "24.47",
            "revenue": 142184
        },
        "2015-08": {
            "month": "2015-08",
            "price": "20.25",
            "revenue": 136340
        },
        "2015-09": {
            "month": "2015-09",
            "price": "20.73",
            "revenue": 154257
        },
        "2015-10": {
            "month": "2015-10",
            "price": "23.95",
            "revenue": 132229
        },
        "2015-11": {
            "month": "2015-11",
            "price": "23.15",
            "revenue": 121660
        },
        "2015-12": {
            "month": "2015-12",
            "price": "21.12",
            "revenue": 107968
        },
        "2016-01": {
            "month": "2016-01",
            "price": "19.23",
            "revenue": 172409
        },
        "2016-02": {
            "month": "2016-02",
            "price": "21.50",
            "revenue": 88646
        },
        "2016-03": {
            "month": "2016-03",
            "price": "22.56",
            "revenue": 138193
        },
        "2016-04": {
            "month": "2016-04",
            "price": "22.92",
            "revenue": 162230
        },
        "2016-05": {
            "month": "2016-05",
            "price": "23.57",
            "revenue": 157228
        },
        "2016-06": {
            "month": "2016-06",
            "price": "23.82",
            "revenue": 155659
        },
        "2016-07": {
            "month": "2016-07",
            "price": "26.28",
            "revenue": 162135
        },
        "2016-08": {
            "month": "2016-08",
            "price": "24.33",
            "revenue": 136116
        },
        "2016-09": {
            "month": "2016-09",
            "price": "21.61",
            "revenue": 182527
        },
        "2016-10": {
            "month": "2016-10",
            "price": "22.09",
            "revenue": 196702
        },
        "2016-11": {
            "month": "2016-11",
            "price": "20.40",
            "revenue": 222338
        },
        "2016-12": {
            "month": "2016-12",
            "price": "22.07",
            "revenue": 171410
        },
        "2017-01": {
            "month": "2017-01",
            "price": "22.77",
            "revenue": 189924
        },
        "2017-02": {
            "month": "2017-02",
            "price": "24.06",
            "revenue": 117432
        },
        "2017-03": {
            "month": "2017-03",
            "price": "23.85",
            "revenue": 170374
        },
        "2017-04": {
            "month": "2017-04",
            "price": "21.78",
            "revenue": 184585
        },
        "2017-05": {
            "month": "2017-05",
            "price": "22.43",
            "revenue": 157968
        },
        "2017-06": {
            "month": "2017-06",
            "price": "22.70",
            "revenue": 160399
        },
        "2017-07": {
            "month": "2017-07",
            "price": "21.55",
            "revenue": 198600
        },
        "2017-08": {
            "month": "2017-08",
            "price": "21.56",
            "revenue": 239585
        },
        "2017-09": {
            "month": "2017-09",
            "price": "24.45",
            "revenue": 250564
        },
        "2017-10": {
            "month": "2017-10",
            "price": "27.46",
            "revenue": 250555
        },
        "2017-11": {
            "month": "2017-11",
            "price": "26.30",
            "revenue": 250076
        },
        "2017-12": {
            "month": "2017-12",
            "price": "24.69",
            "revenue": 199183
        },
        "2018-01": {
            "month": "2018-01",
            "price": "25.09",
            "revenue": 218700
        },
        "2018-02": {
            "month": "2018-02",
            "price": "22.96",
            "revenue": 129247
        },
        "2018-03": {
            "month": "2018-03",
            "price": "23.36",
            "revenue": 189290
        },
        "2018-04": {
            "month": "2018-04",
            "price": "22.49",
            "revenue": 222774
        },
        "2018-05": {
            "month": "2018-05",
            "price": "21.32",
            "revenue": 231166
        },
        "2018-06": {
            "month": "2018-06",
            "price": "21.75",
            "revenue": 256578
        },
        "2018-07": {
            "month": "2018-07",
            "price": "21.84",
            "revenue": 257918
        },
        "2018-08": {
            "month": "2018-08",
            "price": "21.19",
            "revenue": 305113
        },
        "2018-09": {
            "month": "2018-09",
            "price": "22.34",
            "revenue": 290768
        },
        "2018-10": {
            "month": "2018-10",
            "price": "21.33",
            "revenue": 330745
        },
        "2018-11": {
            "month": "2018-11",
            "price": "22.96",
            "revenue": 249577
        },
        "2018-12": {
            "month": "2018-12",
            "price": "23.48",
            "revenue": 187660
        },
        "2019-01": {
            "month": "2019-01",
            "price": "22.15",
            "revenue": 315222
        },
        "2019-02": {
            "month": "2019-02",
            "price": "23.79",
            "revenue": 131158
        },
        "2019-03": {
            "month": "2019-03",
            "price": "25.20",
            "revenue": 225138
        },
        "2019-04": {
            "month": "2019-04",
            "price": "27.02",
            "revenue": 319857
        },
        "2019-05": {
            "month": "2019-05",
            "price": "26.63",
            "revenue": 260923
        },
        "2019-06": {
            "month": "2019-06",
            "price": "25.89",
            "revenue": 277652
        },
        "2019-07": {
            "month": "2019-07",
            "price": "27.90",
            "revenue": 312263
        },
        "2019-08": {
            "month": "2019-08",
            "price": "28.70",
            "revenue": 325556
        },
        "2019-09": {
            "month": "2019-09",
            "price": "33.20",
            "revenue": 326494
        },
        "2019-10": {
            "month": "2019-10",
            "price": "32.74",
            "revenue": 338454
        },
        "2019-11": {
            "month": "2019-11",
            "price": "35.47",
            "revenue": 275247
        },
        "2019-12": {
            "month": "2019-12",
            "price": "33.95",
            "revenue": 246620
        },
        "2020-01": {
            "month": "2020-01",
            "price": "33.32",
            "revenue": 245735
        },
        "2020-02": {
            "month": "2020-02",
            "price": "31.26",
            "revenue": 101831
        },
        "2020-03": {
            "month": "2020-03",
            "price": "26.61",
            "revenue": 227477
        },
        "2020-04": {
            "month": "2020-04",
            "price": "26.49",
            "revenue": 239831
        },
        "2020-05": {
            "month": "2020-05",
            "price": "27.79",
            "revenue": 213841
        },
        "2020-06": {
            "month": "2020-06",
            "price": "29.04",
            "revenue": 198750
        },
        "2020-07": {
            "month": "2020-07",
            "price": "28.28",
            "revenue": 291133
        },
        "2020-08": {
            "month": "2020-08",
            "price": "29.25",
            "revenue": 351371
        },
        "2020-09": {
            "month": "2020-09",
            "price": "30.68",
            "revenue": 376149
        },
        "2020-10": {
            "month": "2020-10",
            "price": "31.24",
            "revenue": 367666
        },
        "2020-11": {
            "month": "2020-11",
            "price": "31.66",
            "revenue": 428886
        },
        "2020-12": {
            "month": "2020-12",
            "price": "37.41",
            "revenue": 348584
        },
        "2021-01": {
            "month": "2021-01",
            "price": "36.29",
            "revenue": 381928
        },
        "2021-02": {
            "month": "2021-02",
            "price": "37.09",
            "revenue": 174512
        },
        "2021-03": {
            "month": "2021-03",
            "price": "37.49",
            "revenue": 373392
        },
        "2021-04": {
            "month": "2021-04",
            "price": "37.29",
            "revenue": 433191
        },
        "2021-05": {
            "month": "2021-05",
            "price": "32.96",
            "revenue": 338654
        },
        "2021-06": {
            "month": "2021-06",
            "price": "33.05",
            "revenue": 353002
        },
        "2021-07": {
            "month": "2021-07",
            "price": "33.92",
            "revenue": 346813
        },
        "2021-08": {
            "month": "2021-08",
            "price": "33.29",
            "revenue": 410117
        },
        "2021-09": {
            "month": "2021-09",
            "price": "30.54",
            "revenue": 372647
        },
        "2021-10": {
            "month": "2021-10",
            "price": "28.40",
            "revenue": 314963
        },
        "2021-11": {
            "month": "2021-11",
            "price": "28.94",
            "revenue": 406800
        },
        "2021-12": {
            "month": "2021-12",
            "price": "29.00",
            "revenue": 356945
        },
        "2022-01": {
            "month": "2022-01",
            "price": "28.90",
            "revenue": 439827
        },
        "2022-02": {
            "month": "2022-02",
            "price": "29.75",
            "revenue": 200792
        },
        "2022-03": {
            "month": "2022-03",
            "price": "29.10",
            "revenue": 348666
        },
        "2022-04": {
            "month": "2022-04",
            "price": "28.36",
            "revenue": 352474
        },
        "2022-05": {
            "month": "2022-05",
            "price": "27.76",
            "revenue": 431852
        },
        "2022-06": {
            "month": "2022-06",
            "price": "27.84",
            "revenue": 369643
        },
        "2022-07": {
            "month": "2022-07",
            "price": "26.25",
            "revenue": 343305
        },
        "2022-08": {
            "month": "2022-08",
            "price": "28.01",
            "revenue": 342029
        },
        "2022-09": {
            "month": "2022-09",
            "price": "27.70",
            "revenue": 406948
        },
        "2022-10": {
            "month": "2022-10",
            "price": "27.99",
            "revenue": 320328
        },
        "2022-11": {
            "month": "2022-11",
            "price": "28.74",
            "revenue": 332419
        },
        "2022-12": {
            "month": "2022-12",
            "price": "29.86",
            "revenue": 258956
        },
        "2023-01": {
            "month": "2023-01",
            "price": "29.19",
            "revenue": 301473
        },
        "2023-02": {
            "month": "2023-02",
            "price": "29.72",
            "revenue": 183003
        },
        "2023-03": {
            "month": "2023-03",
            "price": "31.12",
            "revenue": 333107
        },
        "2023-04": {
            "month": "2023-04",
            "price": "32.80",
            "revenue": 335384
        },
        "2023-05": {
            "month": "2023-05",
            "price": "35.95",
            "revenue": 321176
        }
    }
}
