{
    "summary": {
        "stock_name": "耀勝",
        "stock_id": "3207",
        "category": "電子零組件",
        "main_business": "電視/伺服器/工業用/Inverter/汽機車/綠能等各式變壓器與線圈",
        "website_url": "http://www.top-nation.com",
        "ceo": "邱明發",
        "pe_ratio": 18,
        "report_year_from": 2002,
        "report_year_to": 2023,
        "age": 21,
        "eps_negative_percentage": 40,
        "eps_growth_avg": {
            "last_all": -44.11,
            "last_2y": 0,
            "last_4y": 0,
            "last_8y": -33.33,
            "last_12y": -48.3,
            "last_16y": -42.79,
            "last_20y": null,
            "at_2006_last_3y": null,
            "at_2007_last_3y": null,
            "at_2008_last_3y": -37.83,
            "at_2009_last_3y": -31.78,
            "at_2010_last_3y": -37.85,
            "at_2011_last_3y": -63.27,
            "at_2012_last_3y": -63.27,
            "at_2013_last_3y": -63.27,
            "at_2014_last_3y": -94.44,
            "at_2015_last_3y": -100,
            "at_2016_last_3y": null,
            "at_2017_last_3y": -100,
            "at_2018_last_3y": -100,
            "at_2019_last_3y": -100,
            "at_2020_last_3y": -100,
            "at_2021_last_3y": -100,
            "at_2022_last_3y": 0,
            "at_2023_last_3y": 0,
            "at_2006_last_all": -19.35,
            "at_2007_last_all": -17.11,
            "at_2008_last_all": -37.83,
            "at_2009_last_all": -37.83,
            "at_2010_last_all": -30.45,
            "at_2011_last_all": -40.19,
            "at_2012_last_all": -48.73,
            "at_2013_last_all": -48.73,
            "at_2014_last_all": -48.73,
            "at_2015_last_all": -48.73,
            "at_2016_last_all": -48.73,
            "at_2017_last_all": -55.14,
            "at_2018_last_all": -55.14,
            "at_2019_last_all": -55.14,
            "at_2020_last_all": -60.13,
            "at_2021_last_all": -60.13,
            "at_2022_last_all": -44.11,
            "at_2023_last_all": -44.11
        },
        "latest_eps": 4.55,
        "latest_price": 82.3,
        "latest_roe": 30.92,
        "latest_gross_margin": 32.2,
        "latest_equity": 1038833,
        "latest_revenue": 359237,
        "latest_gross_profit": 115692,
        "latest_net_income": 46012,
        "latest_debt_ratio": 41.66,
        "latest_current_ratio": 188.64,
        "latest_account_receivable_turnover_ratio": 1.16,
        "latest_inventory_turnover_ratio": 1.95,
        "latest_reinvestment_rate": 74.89,
        "latest_research_to_sale_ratio": 3.83
    },
    "eps_dividends": {
        "2001": {
            "cash": 0,
            "stock": 0,
            "eps": 0
        },
        "2002": {
            "cash": 0,
            "stock": 0,
            "eps": 0
        },
        "2003": {
            "cash": 0.5,
            "stock": 3,
            "eps": 0
        },
        "2004": {
            "cash": 1,
            "stock": 1.5,
            "eps": 1.84
        },
        "2005": {
            "cash": 0.2,
            "stock": 1,
            "eps": 0.81
        },
        "2006": {
            "cash": 0.2,
            "stock": 0.5,
            "eps": 0.95
        },
        "2007": {
            "cash": 0.4,
            "stock": 0.2,
            "eps": 0.83
        },
        "2008": {
            "cash": 0.1,
            "stock": 0.4,
            "eps": -0.77
        },
        "2009": {
            "cash": 0,
            "stock": 0,
            "eps": 1.09
        },
        "2010": {
            "cash": 0.1,
            "stock": 0.4,
            "eps": 1.08
        },
        "2011": {
            "cash": 0.1,
            "stock": 0.3,
            "eps": 0.12
        },
        "2012": {
            "cash": 0.2,
            "stock": 0,
            "eps": -0.58
        },
        "2013": {
            "cash": 0,
            "stock": 0,
            "eps": -1.85
        },
        "2014": {
            "cash": 0,
            "stock": 0,
            "eps": -1.1
        },
        "2015": {
            "cash": 0,
            "stock": 0,
            "eps": -1.9
        },
        "2016": {
            "cash": 0,
            "stock": 0,
            "eps": 0.26
        },
        "2017": {
            "cash": 0,
            "stock": 0,
            "eps": -3.08
        },
        "2018": {
            "cash": 0,
            "stock": 0,
            "eps": -2.19
        },
        "2019": {
            "cash": 0,
            "stock": 0,
            "eps": 0.1
        },
        "2020": {
            "cash": 0,
            "stock": 0,
            "eps": -0.4
        },
        "2021": {
            "cash": 0,
            "stock": 0,
            "eps": 0.74
        },
        "2022": {
            "cash": 0,
            "stock": 0,
            "eps": 4.18
        },
        "2023": {
            "cash": 1.5,
            "stock": 0,
            "eps": 0.9
        }
    },
    "dividends": {
        "2003-06-30": {
            "cash": 0.5,
            "stock": 3
        },
        "2004-03-18": {
            "cash": 1,
            "stock": 1.5
        },
        "2005-03-29": {
            "cash": 0.2,
            "stock": 1
        },
        "2006-04-06": {
            "cash": 0.2,
            "stock": 0.5
        },
        "2007-03-27": {
            "cash": 0.4,
            "stock": 0.2
        },
        "2008-03-27": {
            "cash": 0.1,
            "stock": 0.4
        },
        "2010-06-18": {
            "cash": 0.1,
            "stock": 0.4
        },
        "2011-03-31": {
            "cash": 0.1,
            "stock": 0.3
        },
        "2012-03-30": {
            "cash": 0.2,
            "stock": 0
        },
        "2023-03-08": {
            "cash": 1.5,
            "stock": 0
        }
    },
    "prices": {
        "200101": "無",
        "200102": "無",
        "200103": "無",
        "200104": "無",
        "200105": "無",
        "200106": "無",
        "200107": "無",
        "200108": "無",
        "200109": "無",
        "200110": "無",
        "200111": "無",
        "200112": "無",
        "200201": "無",
        "200202": "無",
        "200203": "無",
        "200204": "無",
        "200205": "無",
        "200206": "無",
        "200207": "無",
        "200208": "無",
        "200209": "無",
        "200210": "無",
        "200211": "無",
        "200212": "無",
        "200301": "無",
        "200302": "無",
        "200303": "無",
        "200304": "無",
        "200305": "無",
        "200306": "無",
        "200307": "無",
        "200308": "無",
        "200309": "無",
        "200310": "無",
        "200311": "無",
        "200312": "無",
        "200401": "38.00",
        "200402": "40.38",
        "200403": "39.91",
        "200404": "39.90",
        "200405": "39.93",
        "200406": "39.75",
        "200407": "無",
        "200408": "無",
        "200409": "22.68",
        "200410": "22.43",
        "200411": "17.73",
        "200412": "17.38",
        "200501": "13.91",
        "200502": "14.75",
        "200503": "16.42",
        "200504": "17.17",
        "200505": "15.73",
        "200506": "15.15",
        "200507": "15.71",
        "200508": "15.36",
        "200509": "14.41",
        "200510": "15.21",
        "200511": "14.14",
        "200512": "14.60",
        "200601": "16.74",
        "200602": "19.95",
        "200603": "19.55",
        "200604": "24.63",
        "200605": "27.28",
        "200606": "21.16",
        "200607": "19.46",
        "200608": "18.73",
        "200609": "17.36",
        "200610": "17.05",
        "200611": "18.66",
        "200612": "20.57",
        "200701": "21.66",
        "200702": "17.63",
        "200703": "17.87",
        "200704": "18.44",
        "200705": "19.10",
        "200706": "21.82",
        "200707": "31.40",
        "200708": "34.74",
        "200709": "33.56",
        "200710": "32.55",
        "200711": "23.59",
        "200712": "15.31",
        "200801": "16.02",
        "200802": "15.68",
        "200803": "16.39",
        "200804": "17.70",
        "200805": "15.44",
        "200806": "12.09",
        "200807": "8.59",
        "200808": "8.22",
        "200809": "7.23",
        "200810": "6.66",
        "200811": "6.14",
        "200812": "5.62",
        "200901": "4.98",
        "200902": "4.64",
        "200903": "5.68",
        "200904": "6.32",
        "200905": "7.28",
        "200906": "7.30",
        "200907": "11.73",
        "200908": "16.93",
        "200909": "13.76",
        "200910": "14.61",
        "200911": "13.69",
        "200912": "14.85",
        "201001": "17.44",
        "201002": "17.50",
        "201003": "18.24",
        "201004": "18.49",
        "201005": "15.90",
        "201006": "15.15",
        "201007": "16.95",
        "201008": "18.21",
        "201009": "17.86",
        "201010": "16.65",
        "201011": "16.02",
        "201012": "17.46",
        "201101": "16.68",
        "201102": "15.95",
        "201103": "16.68",
        "201104": "17.65",
        "201105": "16.73",
        "201106": "15.42",
        "201107": "13.50",
        "201108": "12.18",
        "201109": "11.52",
        "201110": "11.78",
        "201111": "15.81",
        "201112": "13.81",
        "201201": "13.04",
        "201202": "14.28",
        "201203": "13.81",
        "201204": "11.98",
        "201205": "11.04",
        "201206": "10.08",
        "201207": "10.04",
        "201208": "9.15",
        "201209": "9.49",
        "201210": "9.99",
        "201211": "9.84",
        "201212": "9.80",
        "201301": "12.27",
        "201302": "12.57",
        "201303": "12.22",
        "201304": "12.06",
        "201305": "13.34",
        "201306": "12.59",
        "201307": "12.27",
        "201308": "10.90",
        "201309": "11.44",
        "201310": "13.73",
        "201311": "13.19",
        "201312": "12.57",
        "201401": "12.54",
        "201402": "12.43",
        "201403": "13.45",
        "201404": "13.95",
        "201405": "15.38",
        "201406": "16.00",
        "201407": "14.57",
        "201408": "14.16",
        "201409": "15.08",
        "201410": "17.09",
        "201411": "15.84",
        "201412": "16.12",
        "201501": "15.49",
        "201502": "15.42",
        "201503": "15.39",
        "201504": "13.73",
        "201505": "11.38",
        "201506": "10.52",
        "201507": "10.38",
        "201508": "8.30",
        "201509": "7.51",
        "201510": "8.05",
        "201511": "8.39",
        "201512": "7.64",
        "201601": "7.21",
        "201602": "7.02",
        "201603": "7.02",
        "201604": "6.89",
        "201605": "6.75",
        "201606": "7.82",
        "201607": "10.37",
        "201608": "11.12",
        "201609": "11.59",
        "201610": "11.80",
        "201611": "11.21",
        "201612": "11.08",
        "201701": "10.70",
        "201702": "11.53",
        "201703": "11.38",
        "201704": "10.61",
        "201705": "9.95",
        "201706": "10.77",
        "201707": "10.65",
        "201708": "10.15",
        "201709": "10.09",
        "201710": "9.72",
        "201711": "9.40",
        "201712": "8.89",
        "201801": "9.47",
        "201802": "8.87",
        "201803": "9.87",
        "201804": "10.26",
        "201805": "10.17",
        "201806": "12.70",
        "201807": "10.31",
        "201808": "10.51",
        "201809": "10.80",
        "201810": "9.93",
        "201811": "12.52",
        "201812": "12.90",
        "201901": "12.15",
        "201902": "11.99",
        "201903": "11.34",
        "201904": "11.18",
        "201905": "12.56",
        "201906": "13.54",
        "201907": "13.05",
        "201908": "13.32",
        "201909": "13.32",
        "201910": "13.49",
        "201911": "13.09",
        "201912": "12.98",
        "202001": "12.85",
        "202002": "12.19",
        "202003": "10.79",
        "202004": "10.50",
        "202005": "11.51",
        "202006": "11.62",
        "202007": "11.68",
        "202008": "11.27",
        "202009": "10.75",
        "202010": "10.43",
        "202011": "10.09",
        "202012": "9.94",
        "202101": "9.54",
        "202102": "10.58",
        "202103": "13.33",
        "202104": "13.11",
        "202105": "11.36",
        "202106": "10.93",
        "202107": "10.84",
        "202108": "13.06",
        "202109": "16.97",
        "202110": "18.02",
        "202111": "25.05",
        "202112": "23.66",
        "202201": "20.98",
        "202202": "23.62",
        "202203": "23.42",
        "202204": "25.66",
        "202205": "28.43",
        "202206": "33.30",
        "202207": "32.30",
        "202208": "41.54",
        "202209": "44.37",
        "202210": "44.66",
        "202211": "51.69",
        "202212": "51.41",
        "202301": "50.58",
        "202302": "63.92",
        "202303": "77.53",
        "202304": "75.79",
        "202305": "78.78",
        "202306": "77.49"
    },
    "quarters": {
        "20011": {
            "year_quarter": 20011,
            "year": 2001,
            "quarter": 1,
            "eps": null,
            "eps_growth_year": null,
            "eps_4q": null,
            "eps_4q_growth_year": null,
            "roe": null,
            "roe_4q": 0,
            "gross_profit": null,
            "gross_margin": null,
            "gross_margin_4q_avg": 0,
            "net_income": null,
            "revenue": null,
            "common_shares": null,
            "book_valuer_per_share": null,
            "book_valuer_per_share_4q_avg": 0,
            "equity": null,
            "current_ratio": null,
            "debt_ratio": null,
            "inventory_turnover_ratio": null,
            "account_receivable_turnover_ratio": null,
            "reinvestment_rate": null,
            "research_to_sale_ratio": null,
            "price_fair": 0,
            "eps_avg_yearly": 0,
            "eps_latest_yearly": 0,
            "eps_growth_yearly": 0
        },
        "20012": {
            "year_quarter": 20012,
            "year": 2001,
            "quarter": 2,
            "eps": null,
            "eps_growth_year": null,
            "eps_4q": null,
            "eps_4q_growth_year": null,
            "roe": null,
            "roe_4q": 0,
            "gross_profit": null,
            "gross_margin": null,
            "gross_margin_4q_avg": 0,
            "net_income": null,
            "revenue": null,
            "common_shares": null,
            "book_valuer_per_share": null,
            "book_valuer_per_share_4q_avg": 0,
            "equity": null,
            "current_ratio": null,
            "debt_ratio": null,
            "inventory_turnover_ratio": null,
            "account_receivable_turnover_ratio": null,
            "reinvestment_rate": null,
            "research_to_sale_ratio": null,
            "price_fair": 0,
            "eps_avg_yearly": 0,
            "eps_latest_yearly": 0,
            "eps_growth_yearly": 0
        },
        "20013": {
            "year_quarter": 20013,
            "year": 2001,
            "quarter": 3,
            "eps": null,
            "eps_growth_year": null,
            "eps_4q": null,
            "eps_4q_growth_year": null,
            "roe": null,
            "roe_4q": 0,
            "gross_profit": null,
            "gross_margin": null,
            "gross_margin_4q_avg": 0,
            "net_income": null,
            "revenue": null,
            "common_shares": null,
            "book_valuer_per_share": null,
            "book_valuer_per_share_4q_avg": 0,
            "equity": null,
            "current_ratio": null,
            "debt_ratio": null,
            "inventory_turnover_ratio": null,
            "account_receivable_turnover_ratio": null,
            "reinvestment_rate": null,
            "research_to_sale_ratio": null,
            "price_fair": 0,
            "eps_avg_yearly": 0,
            "eps_latest_yearly": 0,
            "eps_growth_yearly": 0
        },
        "20014": {
            "year_quarter": 20014,
            "year": 2001,
            "quarter": 4,
            "eps": null,
            "eps_growth_year": null,
            "eps_4q": null,
            "eps_4q_growth_year": null,
            "roe": null,
            "roe_4q": 0,
            "gross_profit": null,
            "gross_margin": null,
            "gross_margin_4q_avg": 0,
            "net_income": null,
            "revenue": null,
            "common_shares": 40000,
            "book_valuer_per_share": 12.83,
            "book_valuer_per_share_4q_avg": 3.21,
            "equity": 51316,
            "current_ratio": 143.5,
            "debt_ratio": 67.18,
            "inventory_turnover_ratio": null,
            "account_receivable_turnover_ratio": null,
            "reinvestment_rate": null,
            "research_to_sale_ratio": null,
            "price_fair": 0,
            "eps_avg_yearly": 0,
            "eps_latest_yearly": 0,
            "eps_growth_yearly": 0
        },
        "20021": {
            "year_quarter": 20021,
            "year": 2002,
            "quarter": 1,
            "eps": null,
            "eps_growth_year": null,
            "eps_4q": null,
            "eps_4q_growth_year": null,
            "roe": null,
            "roe_4q": 0,
            "gross_profit": null,
            "gross_margin": null,
            "gross_margin_4q_avg": 0,
            "net_income": null,
            "revenue": null,
            "common_shares": null,
            "book_valuer_per_share": null,
            "book_valuer_per_share_4q_avg": 3.21,
            "equity": null,
            "current_ratio": null,
            "debt_ratio": null,
            "inventory_turnover_ratio": null,
            "account_receivable_turnover_ratio": null,
            "reinvestment_rate": null,
            "research_to_sale_ratio": null,
            "price_fair": 0,
            "eps_avg_yearly": 0,
            "eps_latest_yearly": 0,
            "eps_growth_yearly": 0
        },
        "20022": {
            "year_quarter": 20022,
            "year": 2002,
            "quarter": 2,
            "eps": null,
            "eps_growth_year": null,
            "eps_4q": null,
            "eps_4q_growth_year": null,
            "roe": null,
            "roe_4q": 0,
            "gross_profit": null,
            "gross_margin": null,
            "gross_margin_4q_avg": 0,
            "net_income": null,
            "revenue": null,
            "common_shares": null,
            "book_valuer_per_share": null,
            "book_valuer_per_share_4q_avg": 3.21,
            "equity": null,
            "current_ratio": null,
            "debt_ratio": null,
            "inventory_turnover_ratio": null,
            "account_receivable_turnover_ratio": null,
            "reinvestment_rate": null,
            "research_to_sale_ratio": null,
            "price_fair": 0,
            "eps_avg_yearly": 0,
            "eps_latest_yearly": 0,
            "eps_growth_yearly": 0
        },
        "20023": {
            "year_quarter": 20023,
            "year": 2002,
            "quarter": 3,
            "eps": null,
            "eps_growth_year": null,
            "eps_4q": null,
            "eps_4q_growth_year": null,
            "roe": null,
            "roe_4q": 0,
            "gross_profit": null,
            "gross_margin": null,
            "gross_margin_4q_avg": 0,
            "net_income": null,
            "revenue": null,
            "common_shares": null,
            "book_valuer_per_share": null,
            "book_valuer_per_share_4q_avg": 3.21,
            "equity": null,
            "current_ratio": null,
            "debt_ratio": null,
            "inventory_turnover_ratio": null,
            "account_receivable_turnover_ratio": null,
            "reinvestment_rate": null,
            "research_to_sale_ratio": null,
            "price_fair": 0,
            "eps_avg_yearly": 0,
            "eps_latest_yearly": 0,
            "eps_growth_yearly": 0
        },
        "20024": {
            "year_quarter": 20024,
            "year": 2002,
            "quarter": 4,
            "eps": null,
            "eps_growth_year": null,
            "eps_4q": null,
            "eps_4q_growth_year": null,
            "roe": null,
            "roe_4q": 0,
            "gross_profit": null,
            "gross_margin": null,
            "gross_margin_4q_avg": 0,
            "net_income": null,
            "revenue": null,
            "common_shares": 120000,
            "book_valuer_per_share": 15.19,
            "book_valuer_per_share_4q_avg": 3.8,
            "equity": 182298,
            "current_ratio": 174.91,
            "debt_ratio": 51.99,
            "inventory_turnover_ratio": null,
            "account_receivable_turnover_ratio": null,
            "reinvestment_rate": null,
            "research_to_sale_ratio": null,
            "price_fair": 0,
            "eps_avg_yearly": 0,
            "eps_latest_yearly": 0,
            "eps_growth_yearly": 0
        },
        "20031": {
            "year_quarter": 20031,
            "year": 2003,
            "quarter": 1,
            "eps": null,
            "eps_growth_year": null,
            "eps_4q": null,
            "eps_4q_growth_year": null,
            "roe": null,
            "roe_4q": 0,
            "gross_profit": null,
            "gross_margin": null,
            "gross_margin_4q_avg": 0,
            "net_income": null,
            "revenue": null,
            "common_shares": null,
            "book_valuer_per_share": null,
            "book_valuer_per_share_4q_avg": 3.8,
            "equity": null,
            "current_ratio": null,
            "debt_ratio": null,
            "inventory_turnover_ratio": null,
            "account_receivable_turnover_ratio": null,
            "reinvestment_rate": null,
            "research_to_sale_ratio": null,
            "price_fair": 0,
            "eps_avg_yearly": 0,
            "eps_latest_yearly": 0,
            "eps_growth_yearly": 0
        },
        "20032": {
            "year_quarter": 20032,
            "year": 2003,
            "quarter": 2,
            "eps": null,
            "eps_growth_year": null,
            "eps_4q": null,
            "eps_4q_growth_year": null,
            "roe": null,
            "roe_4q": 0,
            "gross_profit": null,
            "gross_margin": null,
            "gross_margin_4q_avg": 0,
            "net_income": null,
            "revenue": null,
            "common_shares": null,
            "book_valuer_per_share": null,
            "book_valuer_per_share_4q_avg": 3.8,
            "equity": null,
            "current_ratio": null,
            "debt_ratio": null,
            "inventory_turnover_ratio": null,
            "account_receivable_turnover_ratio": null,
            "reinvestment_rate": null,
            "research_to_sale_ratio": null,
            "price_fair": 0,
            "eps_avg_yearly": 0,
            "eps_latest_yearly": 0,
            "eps_growth_yearly": 0
        },
        "20033": {
            "year_quarter": 20033,
            "year": 2003,
            "quarter": 3,
            "eps": null,
            "eps_growth_year": null,
            "eps_4q": null,
            "eps_4q_growth_year": null,
            "roe": null,
            "roe_4q": 0,
            "gross_profit": null,
            "gross_margin": null,
            "gross_margin_4q_avg": 0,
            "net_income": null,
            "revenue": null,
            "common_shares": null,
            "book_valuer_per_share": null,
            "book_valuer_per_share_4q_avg": 3.8,
            "equity": null,
            "current_ratio": null,
            "debt_ratio": null,
            "inventory_turnover_ratio": null,
            "account_receivable_turnover_ratio": null,
            "reinvestment_rate": null,
            "research_to_sale_ratio": null,
            "price_fair": 0,
            "eps_avg_yearly": 0,
            "eps_latest_yearly": 0,
            "eps_growth_yearly": 0
        },
        "20034": {
            "year_quarter": 20034,
            "year": 2003,
            "quarter": 4,
            "eps": null,
            "eps_growth_year": null,
            "eps_4q": null,
            "eps_4q_growth_year": null,
            "roe": null,
            "roe_4q": 0,
            "gross_profit": null,
            "gross_margin": null,
            "gross_margin_4q_avg": 0,
            "net_income": null,
            "revenue": null,
            "common_shares": 190820,
            "book_valuer_per_share": 15.34,
            "book_valuer_per_share_4q_avg": 3.84,
            "equity": 292737,
            "current_ratio": 171.58,
            "debt_ratio": 50.08,
            "inventory_turnover_ratio": null,
            "account_receivable_turnover_ratio": null,
            "reinvestment_rate": null,
            "research_to_sale_ratio": null,
            "price_fair": 0,
            "eps_avg_yearly": 0,
            "eps_latest_yearly": 0,
            "eps_growth_yearly": 0
        },
        "20041": {
            "year_quarter": 20041,
            "year": 2004,
            "quarter": 1,
            "eps": 0.58,
            "eps_growth_year": null,
            "eps_4q": null,
            "eps_4q_growth_year": null,
            "roe": 3.77,
            "roe_4q": 3.77,
            "gross_profit": 18126,
            "gross_margin": 21.5,
            "gross_margin_4q_avg": 5.38,
            "net_income": 11152,
            "revenue": 84316,
            "common_shares": 190820,
            "book_valuer_per_share": 15.62,
            "book_valuer_per_share_4q_avg": 7.74,
            "equity": 298137,
            "current_ratio": 230.04,
            "debt_ratio": 29.76,
            "inventory_turnover_ratio": 1.54,
            "account_receivable_turnover_ratio": null,
            "reinvestment_rate": null,
            "research_to_sale_ratio": null,
            "price_fair": 0,
            "eps_avg_yearly": 0,
            "eps_latest_yearly": 0,
            "eps_growth_yearly": 0
        },
        "20042": {
            "year_quarter": 20042,
            "year": 2004,
            "quarter": 2,
            "eps": 0.51,
            "eps_growth_year": null,
            "eps_4q": null,
            "eps_4q_growth_year": null,
            "roe": 3.32,
            "roe_4q": 7.09,
            "gross_profit": 16117,
            "gross_margin": 20.65,
            "gross_margin_4q_avg": 10.54,
            "net_income": 9763,
            "revenue": 78065,
            "common_shares": 190820,
            "book_valuer_per_share": 15.22,
            "book_valuer_per_share_4q_avg": 11.55,
            "equity": 290408,
            "current_ratio": 176.08,
            "debt_ratio": 35.75,
            "inventory_turnover_ratio": 8.68,
            "account_receivable_turnover_ratio": null,
            "reinvestment_rate": null,
            "research_to_sale_ratio": null,
            "price_fair": 6.12,
            "eps_avg_yearly": 2.04,
            "eps_latest_yearly": 2.04,
            "eps_growth_yearly": -48.28
        },
        "20043": {
            "year_quarter": 20043,
            "year": 2004,
            "quarter": 3,
            "eps": 0.2,
            "eps_growth_year": null,
            "eps_4q": null,
            "eps_4q_growth_year": null,
            "roe": 1.51,
            "roe_4q": 8.6,
            "gross_profit": 19012,
            "gross_margin": 19.23,
            "gross_margin_4q_avg": 15.35,
            "net_income": 4414,
            "revenue": 98862,
            "common_shares": 223830,
            "book_valuer_per_share": 13.23,
            "book_valuer_per_share_4q_avg": 14.85,
            "equity": 296136,
            "current_ratio": 200.28,
            "debt_ratio": 31.14,
            "inventory_turnover_ratio": 10.13,
            "account_receivable_turnover_ratio": null,
            "reinvestment_rate": null,
            "research_to_sale_ratio": null,
            "price_fair": 4.26,
            "eps_avg_yearly": 1.42,
            "eps_latest_yearly": 0.8,
            "eps_growth_yearly": -145.71
        },
        "20044": {
            "year_quarter": 20044,
            "year": 2004,
            "quarter": 4,
            "eps": 0.55,
            "eps_growth_year": null,
            "eps_4q": 1.68,
            "eps_4q_growth_year": null,
            "roe": 4.17,
            "roe_4q": 12.77,
            "gross_profit": 15511,
            "gross_margin": 16.25,
            "gross_margin_4q_avg": 19.41,
            "net_income": 12315,
            "revenue": 95453,
            "common_shares": 223830,
            "book_valuer_per_share": 13.19,
            "book_valuer_per_share_4q_avg": 14.32,
            "equity": 295126,
            "current_ratio": 153.31,
            "debt_ratio": 54.1,
            "inventory_turnover_ratio": 1.44,
            "account_receivable_turnover_ratio": null,
            "reinvestment_rate": null,
            "research_to_sale_ratio": null,
            "price_fair": 58.8,
            "eps_avg_yearly": 1.68,
            "eps_latest_yearly": 2.2,
            "eps_growth_yearly": 136.2
        },
        "20051": {
            "year_quarter": 20051,
            "year": 2005,
            "quarter": 1,
            "eps": 0.07,
            "eps_growth_year": -87.93,
            "eps_4q": 1.2,
            "eps_4q_growth_year": null,
            "roe": 0.56,
            "roe_4q": 9.56,
            "gross_profit": 14221,
            "gross_margin": 17.9,
            "gross_margin_4q_avg": 18.51,
            "net_income": 1640,
            "revenue": 79464,
            "common_shares": 223830,
            "book_valuer_per_share": 13.12,
            "book_valuer_per_share_4q_avg": 13.69,
            "equity": 293707,
            "current_ratio": 186.13,
            "debt_ratio": 34.62,
            "inventory_turnover_ratio": 1.22,
            "account_receivable_turnover_ratio": null,
            "reinvestment_rate": null,
            "research_to_sale_ratio": null,
            "price_fair": 33.08,
            "eps_avg_yearly": 1.33,
            "eps_latest_yearly": 0.28,
            "eps_growth_yearly": 14.87
        },
        "20052": {
            "year_quarter": 20052,
            "year": 2005,
            "quarter": 2,
            "eps": 0.12,
            "eps_growth_year": -76.47,
            "eps_4q": 0.93,
            "eps_4q_growth_year": null,
            "roe": 0.93,
            "roe_4q": 7.17,
            "gross_profit": 15134,
            "gross_margin": 16.88,
            "gross_margin_4q_avg": 17.57,
            "net_income": 2727,
            "revenue": 89646,
            "common_shares": 223830,
            "book_valuer_per_share": 13.05,
            "book_valuer_per_share_4q_avg": 13.15,
            "equity": 292031,
            "current_ratio": 170.62,
            "debt_ratio": 38.32,
            "inventory_turnover_ratio": 18.36,
            "account_receivable_turnover_ratio": null,
            "reinvestment_rate": null,
            "research_to_sale_ratio": null,
            "price_fair": 40.6,
            "eps_avg_yearly": 1.16,
            "eps_latest_yearly": 0.48,
            "eps_growth_yearly": 69.04
        },
        "20053": {
            "year_quarter": 20053,
            "year": 2005,
            "quarter": 3,
            "eps": 0.35,
            "eps_growth_year": 75,
            "eps_4q": 1.02,
            "eps_4q_growth_year": null,
            "roe": 2.89,
            "roe_4q": 8.55,
            "gross_profit": 15590,
            "gross_margin": 15.42,
            "gross_margin_4q_avg": 16.61,
            "net_income": 8765,
            "revenue": 101130,
            "common_shares": 247893,
            "book_valuer_per_share": 12.65,
            "book_valuer_per_share_4q_avg": 13,
            "equity": 313567,
            "current_ratio": 178.33,
            "debt_ratio": 35.99,
            "inventory_turnover_ratio": 24.8,
            "account_receivable_turnover_ratio": null,
            "reinvestment_rate": null,
            "research_to_sale_ratio": null,
            "price_fair": 42,
            "eps_avg_yearly": 1.2,
            "eps_latest_yearly": 1.4,
            "eps_growth_yearly": 185.31
        },
        "20054": {
            "year_quarter": 20054,
            "year": 2005,
            "quarter": 4,
            "eps": 0.27,
            "eps_growth_year": -50.91,
            "eps_4q": 0.81,
            "eps_4q_growth_year": -51.89,
            "roe": 2.08,
            "roe_4q": 6.460000000000001,
            "gross_profit": 14303,
            "gross_margin": 15.84,
            "gross_margin_4q_avg": 16.51,
            "net_income": 6580,
            "revenue": 90303,
            "common_shares": 247893,
            "book_valuer_per_share": 12.84,
            "book_valuer_per_share_4q_avg": 12.92,
            "equity": 318215,
            "current_ratio": 136.15,
            "debt_ratio": 59.23,
            "inventory_turnover_ratio": 1.16,
            "account_receivable_turnover_ratio": null,
            "reinvestment_rate": null,
            "research_to_sale_ratio": null,
            "price_fair": 41.4,
            "eps_avg_yearly": 1.18,
            "eps_latest_yearly": 1.08,
            "eps_growth_yearly": 145.78
        },
        "20061": {
            "year_quarter": 20061,
            "year": 2006,
            "quarter": 1,
            "eps": 0.1,
            "eps_growth_year": 42.86,
            "eps_4q": 0.84,
            "eps_4q_growth_year": -30.24,
            "roe": 0.77,
            "roe_4q": 6.67,
            "gross_profit": 19095,
            "gross_margin": 12.5,
            "gross_margin_4q_avg": 15.16,
            "net_income": 2450,
            "revenue": 152768,
            "common_shares": 247893,
            "book_valuer_per_share": 12.84,
            "book_valuer_per_share_4q_avg": 12.85,
            "equity": 318359,
            "current_ratio": 190.88,
            "debt_ratio": 35.87,
            "inventory_turnover_ratio": 2.04,
            "account_receivable_turnover_ratio": null,
            "reinvestment_rate": null,
            "research_to_sale_ratio": null,
            "price_fair": 37.98,
            "eps_avg_yearly": 1.09,
            "eps_latest_yearly": 0.4,
            "eps_growth_yearly": 96.07
        },
        "20062": {
            "year_quarter": 20062,
            "year": 2006,
            "quarter": 2,
            "eps": -0.02,
            "eps_growth_year": -116.67,
            "eps_4q": 0.54,
            "eps_4q_growth_year": -41.76,
            "roe": -0.13,
            "roe_4q": 5.61,
            "gross_profit": 17962,
            "gross_margin": 14.02,
            "gross_margin_4q_avg": 14.45,
            "net_income": -500,
            "revenue": 128161,
            "common_shares": 319893,
            "book_valuer_per_share": 13.51,
            "book_valuer_per_share_4q_avg": 12.96,
            "equity": 432061,
            "current_ratio": 437.91,
            "debt_ratio": 19.57,
            "inventory_turnover_ratio": 25.92,
            "account_receivable_turnover_ratio": null,
            "reinvestment_rate": null,
            "research_to_sale_ratio": null,
            "price_fair": 37.98,
            "eps_avg_yearly": 1.09,
            "eps_latest_yearly": 0.4,
            "eps_growth_yearly": 96.07
        },
        "20063": {
            "year_quarter": 20063,
            "year": 2006,
            "quarter": 3,
            "eps": 0.58,
            "eps_growth_year": 65.71,
            "eps_4q": 0.86,
            "eps_4q_growth_year": -15.69,
            "roe": 4.03,
            "roe_4q": 6.75,
            "gross_profit": 22076,
            "gross_margin": 14.16,
            "gross_margin_4q_avg": 14.13,
            "net_income": 17881,
            "revenue": 155918,
            "common_shares": 337728,
            "book_valuer_per_share": 13.49,
            "book_valuer_per_share_4q_avg": 13.17,
            "equity": 455752,
            "current_ratio": 766.61,
            "debt_ratio": 13.33,
            "inventory_turnover_ratio": 25.74,
            "account_receivable_turnover_ratio": null,
            "reinvestment_rate": null,
            "research_to_sale_ratio": null,
            "price_fair": 37.98,
            "eps_avg_yearly": 1.09,
            "eps_latest_yearly": 0.4,
            "eps_growth_yearly": 96.07
        },
        "20064": {
            "year_quarter": 20064,
            "year": 2006,
            "quarter": 4,
            "eps": 0.29,
            "eps_growth_year": 7.41,
            "eps_4q": 0.91,
            "eps_4q_growth_year": 12.31,
            "roe": 2.02,
            "roe_4q": 6.690000000000001,
            "gross_profit": 24462,
            "gross_margin": 17.44,
            "gross_margin_4q_avg": 14.53,
            "net_income": 9300,
            "revenue": 140269,
            "common_shares": 337728,
            "book_valuer_per_share": 13.72,
            "book_valuer_per_share_4q_avg": 13.39,
            "equity": 463340,
            "current_ratio": 175.61,
            "debt_ratio": 46.46,
            "inventory_turnover_ratio": 1.42,
            "account_receivable_turnover_ratio": null,
            "reinvestment_rate": null,
            "research_to_sale_ratio": null,
            "price_fair": 38.27,
            "eps_avg_yearly": 1.09,
            "eps_latest_yearly": 1.16,
            "eps_growth_yearly": 63.18
        },
        "20071": {
            "year_quarter": 20071,
            "year": 2007,
            "quarter": 1,
            "eps": 0.33,
            "eps_growth_year": 230,
            "eps_4q": 1.13,
            "eps_4q_growth_year": 34.44,
            "roe": 2.35,
            "roe_4q": 8.27,
            "gross_profit": 22993,
            "gross_margin": 15.67,
            "gross_margin_4q_avg": 15.32,
            "net_income": 11060,
            "revenue": 146694,
            "common_shares": 337728,
            "book_valuer_per_share": 14.18,
            "book_valuer_per_share_4q_avg": 13.73,
            "equity": 478733,
            "current_ratio": 582.94,
            "debt_ratio": 15.19,
            "inventory_turnover_ratio": 1.53,
            "account_receivable_turnover_ratio": null,
            "reinvestment_rate": null,
            "research_to_sale_ratio": null,
            "price_fair": 39.06,
            "eps_avg_yearly": 1.12,
            "eps_latest_yearly": 1.32,
            "eps_growth_yearly": 62.38
        },
        "20072": {
            "year_quarter": 20072,
            "year": 2007,
            "quarter": 2,
            "eps": 0.04,
            "eps_growth_year": null,
            "eps_4q": 1.17,
            "eps_4q_growth_year": 116.35,
            "roe": 0.29,
            "roe_4q": 8.690000000000001,
            "gross_profit": 27880,
            "gross_margin": 15,
            "gross_margin_4q_avg": 15.57,
            "net_income": 1354,
            "revenue": 185872,
            "common_shares": 337728,
            "book_valuer_per_share": 13.74,
            "book_valuer_per_share_4q_avg": 13.78,
            "equity": 463985,
            "current_ratio": 370.61,
            "debt_ratio": 20.6,
            "inventory_turnover_ratio": 36.16,
            "account_receivable_turnover_ratio": null,
            "reinvestment_rate": null,
            "research_to_sale_ratio": null,
            "price_fair": 35.76,
            "eps_avg_yearly": 1.03,
            "eps_latest_yearly": 0.16,
            "eps_growth_yearly": 24.75
        },
        "20073": {
            "year_quarter": 20073,
            "year": 2007,
            "quarter": 3,
            "eps": 0.33,
            "eps_growth_year": -43.1,
            "eps_4q": 0.97,
            "eps_4q_growth_year": 12.75,
            "roe": 2.4,
            "roe_4q": 7.0600000000000005,
            "gross_profit": 25709,
            "gross_margin": 14.74,
            "gross_margin_4q_avg": 15.71,
            "net_income": 11269,
            "revenue": 174454,
            "common_shares": 345252,
            "book_valuer_per_share": 13.82,
            "book_valuer_per_share_4q_avg": 13.87,
            "equity": 476973,
            "current_ratio": 360.57,
            "debt_ratio": 21.22,
            "inventory_turnover_ratio": 33.76,
            "account_receivable_turnover_ratio": null,
            "reinvestment_rate": null,
            "research_to_sale_ratio": null,
            "price_fair": 36.87,
            "eps_avg_yearly": 1.05,
            "eps_latest_yearly": 1.32,
            "eps_growth_yearly": 264.35
        },
        "20074": {
            "year_quarter": 20074,
            "year": 2007,
            "quarter": 4,
            "eps": 0.13,
            "eps_growth_year": -55.17,
            "eps_4q": 0.83,
            "eps_4q_growth_year": -8.92,
            "roe": 0.92,
            "roe_4q": 5.96,
            "gross_profit": 23386,
            "gross_margin": 13.25,
            "gross_margin_4q_avg": 14.67,
            "net_income": 4415,
            "revenue": 176523,
            "common_shares": 345253,
            "book_valuer_per_share": 14.08,
            "book_valuer_per_share_4q_avg": 13.96,
            "equity": 486185,
            "current_ratio": 150.4,
            "debt_ratio": 53.44,
            "inventory_turnover_ratio": 1.54,
            "account_receivable_turnover_ratio": null,
            "reinvestment_rate": 87.21,
            "research_to_sale_ratio": null,
            "price_fair": 35.43,
            "eps_avg_yearly": 1.01,
            "eps_latest_yearly": 0.52,
            "eps_growth_yearly": 225.37
        },
        "20081": {
            "year_quarter": 20081,
            "year": 2008,
            "quarter": 1,
            "eps": -0.57,
            "eps_growth_year": -272.73,
            "eps_4q": -0.08,
            "eps_4q_growth_year": -107.08,
            "roe": -4.2,
            "roe_4q": -0.5900000000000003,
            "gross_profit": 20009,
            "gross_margin": 5.56,
            "gross_margin_4q_avg": 12.14,
            "net_income": -19807,
            "revenue": 359567,
            "common_shares": 345253,
            "book_valuer_per_share": 13.24,
            "book_valuer_per_share_4q_avg": 13.72,
            "equity": 457736,
            "current_ratio": 151.27,
            "debt_ratio": 53.24,
            "inventory_turnover_ratio": 1.75,
            "account_receivable_turnover_ratio": null,
            "reinvestment_rate": 248.9,
            "research_to_sale_ratio": null,
            "price_fair": 35.43,
            "eps_avg_yearly": 1.01,
            "eps_latest_yearly": 0.52,
            "eps_growth_yearly": 225.37
        },
        "20082": {
            "year_quarter": 20082,
            "year": 2008,
            "quarter": 2,
            "eps": -0.37,
            "eps_growth_year": -1025,
            "eps_4q": -0.49,
            "eps_4q_growth_year": -142.25,
            "roe": -2.86,
            "roe_4q": -3.7400000000000007,
            "gross_profit": 9538,
            "gross_margin": 2.3,
            "gross_margin_4q_avg": 8.96,
            "net_income": -12918,
            "revenue": 414903,
            "common_shares": 345253,
            "book_valuer_per_share": 12.87,
            "book_valuer_per_share_4q_avg": 13.5,
            "equity": 444773,
            "current_ratio": 136.02,
            "debt_ratio": 57.46,
            "inventory_turnover_ratio": 2.05,
            "account_receivable_turnover_ratio": null,
            "reinvestment_rate": 374.01,
            "research_to_sale_ratio": null,
            "price_fair": 32.43,
            "eps_avg_yearly": 0.93,
            "eps_latest_yearly": 0.52,
            "eps_growth_yearly": 248.18
        },
        "20083": {
            "year_quarter": 20083,
            "year": 2008,
            "quarter": 3,
            "eps": 0.77,
            "eps_growth_year": 133.33,
            "eps_4q": -0.01,
            "eps_4q_growth_year": -101.46,
            "roe": 6.06,
            "roe_4q": -0.0800000000000004,
            "gross_profit": 53948,
            "gross_margin": 11.4,
            "gross_margin_4q_avg": 8.13,
            "net_income": 28252,
            "revenue": 473212,
            "common_shares": 360642,
            "book_valuer_per_share": 13.48,
            "book_valuer_per_share_4q_avg": 13.42,
            "equity": 487075,
            "current_ratio": 141.72,
            "debt_ratio": 54.98,
            "inventory_turnover_ratio": 2.07,
            "account_receivable_turnover_ratio": null,
            "reinvestment_rate": 286.55,
            "research_to_sale_ratio": null,
            "price_fair": 32.84,
            "eps_avg_yearly": 0.94,
            "eps_latest_yearly": 0.52,
            "eps_growth_yearly": 292.84
        },
        "20084": {
            "year_quarter": 20084,
            "year": 2008,
            "quarter": 4,
            "eps": -0.6,
            "eps_growth_year": -561.54,
            "eps_4q": -0.76,
            "eps_4q_growth_year": -191.29,
            "roe": -4.4,
            "roe_4q": -5.4,
            "gross_profit": 10231,
            "gross_margin": 3.9,
            "gross_margin_4q_avg": 5.79,
            "net_income": -21101,
            "revenue": 262518,
            "common_shares": 360643,
            "book_valuer_per_share": 13.05,
            "book_valuer_per_share_4q_avg": 13.16,
            "equity": 471667,
            "current_ratio": 160.19,
            "debt_ratio": 45.9,
            "inventory_turnover_ratio": 1.33,
            "account_receivable_turnover_ratio": 1.63,
            "reinvestment_rate": 208.73,
            "research_to_sale_ratio": null,
            "price_fair": 28.42,
            "eps_avg_yearly": 0.81,
            "eps_latest_yearly": 0.52,
            "eps_growth_yearly": 252.12
        },
        "20091": {
            "year_quarter": 20091,
            "year": 2009,
            "quarter": 1,
            "eps": -0.09,
            "eps_growth_year": null,
            "eps_4q": -0.27,
            "eps_4q_growth_year": null,
            "roe": -0.61,
            "roe_4q": -1.810000000000001,
            "gross_profit": 20650,
            "gross_margin": 7.1,
            "gross_margin_4q_avg": 6.18,
            "net_income": -2904,
            "revenue": 290891,
            "common_shares": 360643,
            "book_valuer_per_share": 13.2,
            "book_valuer_per_share_4q_avg": 13.15,
            "equity": 477354,
            "current_ratio": 163.96,
            "debt_ratio": 44.61,
            "inventory_turnover_ratio": 1.63,
            "account_receivable_turnover_ratio": 0.87,
            "reinvestment_rate": 522.56,
            "research_to_sale_ratio": null,
            "price_fair": 30.49,
            "eps_avg_yearly": 0.87,
            "eps_latest_yearly": 0.52,
            "eps_growth_yearly": 318.93
        },
        "20092": {
            "year_quarter": 20092,
            "year": 2009,
            "quarter": 2,
            "eps": 0.4,
            "eps_growth_year": null,
            "eps_4q": 0.48,
            "eps_4q_growth_year": null,
            "roe": 3.02,
            "roe_4q": 4.069999999999999,
            "gross_profit": 47201,
            "gross_margin": 14.19,
            "gross_margin_4q_avg": 9.15,
            "net_income": 14482,
            "revenue": 332747,
            "common_shares": 360643,
            "book_valuer_per_share": 13.32,
            "book_valuer_per_share_4q_avg": 13.26,
            "equity": 481740,
            "current_ratio": 161.83,
            "debt_ratio": 47.52,
            "inventory_turnover_ratio": 1.76,
            "account_receivable_turnover_ratio": 0.95,
            "reinvestment_rate": 390.01,
            "research_to_sale_ratio": null,
            "price_fair": 32.2,
            "eps_avg_yearly": 0.92,
            "eps_latest_yearly": 0.52,
            "eps_growth_yearly": 323.08
        },
        "20093": {
            "year_quarter": 20093,
            "year": 2009,
            "quarter": 3,
            "eps": 0.42,
            "eps_growth_year": -45.45,
            "eps_4q": 0.13,
            "eps_4q_growth_year": null,
            "roe": 3.14,
            "roe_4q": 1.1499999999999995,
            "gross_profit": 55637,
            "gross_margin": 11.98,
            "gross_margin_4q_avg": 9.29,
            "net_income": 15253,
            "revenue": 464305,
            "common_shares": 360643,
            "book_valuer_per_share": 13.55,
            "book_valuer_per_share_4q_avg": 13.28,
            "equity": 490384,
            "current_ratio": 156.92,
            "debt_ratio": 51.3,
            "inventory_turnover_ratio": 2.4,
            "account_receivable_turnover_ratio": 1.15,
            "reinvestment_rate": 333.25,
            "research_to_sale_ratio": null,
            "price_fair": 33.43,
            "eps_avg_yearly": 0.96,
            "eps_latest_yearly": 1.68,
            "eps_growth_yearly": 229.74
        },
        "20094": {
            "year_quarter": 20094,
            "year": 2009,
            "quarter": 4,
            "eps": 0.36,
            "eps_growth_year": null,
            "eps_4q": 1.1,
            "eps_4q_growth_year": null,
            "roe": 2.57,
            "roe_4q": 8.120000000000001,
            "gross_profit": 45515,
            "gross_margin": 11.5,
            "gross_margin_4q_avg": 11.19,
            "net_income": 12749,
            "revenue": 395796,
            "common_shares": 360643,
            "book_valuer_per_share": 13.98,
            "book_valuer_per_share_4q_avg": 13.51,
            "equity": 501130,
            "current_ratio": 164.76,
            "debt_ratio": 49.84,
            "inventory_turnover_ratio": 2.19,
            "account_receivable_turnover_ratio": 1.79,
            "reinvestment_rate": 564.34,
            "research_to_sale_ratio": null,
            "price_fair": 35,
            "eps_avg_yearly": 1,
            "eps_latest_yearly": 1.44,
            "eps_growth_yearly": 234.03
        },
        "20101": {
            "year_quarter": 20101,
            "year": 2010,
            "quarter": 1,
            "eps": 0.14,
            "eps_growth_year": null,
            "eps_4q": 1.32,
            "eps_4q_growth_year": null,
            "roe": 0.94,
            "roe_4q": 9.67,
            "gross_profit": 47905,
            "gross_margin": 14.04,
            "gross_margin_4q_avg": 12.93,
            "net_income": 4735,
            "revenue": 341320,
            "common_shares": 360643,
            "book_valuer_per_share": 14.05,
            "book_valuer_per_share_4q_avg": 13.73,
            "equity": 503475,
            "current_ratio": 172.08,
            "debt_ratio": 47.76,
            "inventory_turnover_ratio": 1.77,
            "account_receivable_turnover_ratio": 0.83,
            "reinvestment_rate": 795.67,
            "research_to_sale_ratio": 0.34,
            "price_fair": 35.7,
            "eps_avg_yearly": 1.02,
            "eps_latest_yearly": 0.56,
            "eps_growth_yearly": 234.96
        },
        "20102": {
            "year_quarter": 20102,
            "year": 2010,
            "quarter": 2,
            "eps": 0.42,
            "eps_growth_year": 5.77,
            "eps_4q": 1.31,
            "eps_4q_growth_year": 169.57,
            "roe": 3.17,
            "roe_4q": 9.82,
            "gross_profit": 63315,
            "gross_margin": 12.64,
            "gross_margin_4q_avg": 12.54,
            "net_income": 16257,
            "revenue": 501049,
            "common_shares": 360643,
            "book_valuer_per_share": 14.6,
            "book_valuer_per_share_4q_avg": 14.05,
            "equity": 523632,
            "current_ratio": 157.03,
            "debt_ratio": 53.26,
            "inventory_turnover_ratio": 2.28,
            "account_receivable_turnover_ratio": 1.15,
            "reinvestment_rate": 706.78,
            "research_to_sale_ratio": 0.23,
            "price_fair": 38.27,
            "eps_avg_yearly": 1.09,
            "eps_latest_yearly": 1.68,
            "eps_growth_yearly": 297.74
        },
        "20103": {
            "year_quarter": 20103,
            "year": 2010,
            "quarter": 3,
            "eps": 0.64,
            "eps_growth_year": 51.23,
            "eps_4q": 1.54,
            "eps_4q_growth_year": 1067.62,
            "roe": 4.5,
            "roe_4q": 11.18,
            "gross_profit": 84648,
            "gross_margin": 18,
            "gross_margin_4q_avg": 14.05,
            "net_income": 23967,
            "revenue": 470393,
            "common_shares": 374930,
            "book_valuer_per_share": 14.49,
            "book_valuer_per_share_4q_avg": 14.28,
            "equity": 540771,
            "current_ratio": 168.95,
            "debt_ratio": 52.4,
            "inventory_turnover_ratio": 1.87,
            "account_receivable_turnover_ratio": 1.03,
            "reinvestment_rate": 731.96,
            "research_to_sale_ratio": 0.25,
            "price_fair": 43.4,
            "eps_avg_yearly": 1.24,
            "eps_latest_yearly": 2.56,
            "eps_growth_yearly": 288.92
        },
        "20104": {
            "year_quarter": 20104,
            "year": 2010,
            "quarter": 4,
            "eps": -0.12,
            "eps_growth_year": -134.5,
            "eps_4q": 1.07,
            "eps_4q_growth_year": -2.85,
            "roe": -0.79,
            "roe_4q": 7.82,
            "gross_profit": 38863,
            "gross_margin": 9.59,
            "gross_margin_4q_avg": 13.57,
            "net_income": -4124,
            "revenue": 405180,
            "common_shares": 374929,
            "book_valuer_per_share": 13.52,
            "book_valuer_per_share_4q_avg": 14.17,
            "equity": 504926,
            "current_ratio": 177.22,
            "debt_ratio": 51.03,
            "inventory_turnover_ratio": 1.86,
            "account_receivable_turnover_ratio": 0.93,
            "reinvestment_rate": 574.19,
            "research_to_sale_ratio": 0.25,
            "price_fair": 43.71,
            "eps_avg_yearly": 1.25,
            "eps_latest_yearly": 2.56,
            "eps_growth_yearly": 343.24
        },
        "20111": {
            "year_quarter": 20111,
            "year": 2011,
            "quarter": 1,
            "eps": 0.06,
            "eps_growth_year": -57.14,
            "eps_4q": 1,
            "eps_4q_growth_year": -24.59,
            "roe": 0.43,
            "roe_4q": 7.31,
            "gross_profit": 39434,
            "gross_margin": 9.28,
            "gross_margin_4q_avg": 12.38,
            "net_income": 2189,
            "revenue": 424888,
            "common_shares": 374929,
            "book_valuer_per_share": 13.76,
            "book_valuer_per_share_4q_avg": 14.09,
            "equity": 513935,
            "current_ratio": 180.73,
            "debt_ratio": 50.12,
            "inventory_turnover_ratio": 2.07,
            "account_receivable_turnover_ratio": 1.03,
            "reinvestment_rate": 911.71,
            "research_to_sale_ratio": 0.24,
            "price_fair": 43.4,
            "eps_avg_yearly": 1.24,
            "eps_latest_yearly": 2.56,
            "eps_growth_yearly": 379.25
        },
        "20112": {
            "year_quarter": 20112,
            "year": 2011,
            "quarter": 2,
            "eps": 0.03,
            "eps_growth_year": -93.51,
            "eps_4q": 0.58,
            "eps_4q_growth_year": -55.25,
            "roe": 0.22,
            "roe_4q": 4.36,
            "gross_profit": 42747,
            "gross_margin": 12.29,
            "gross_margin_4q_avg": 12.29,
            "net_income": 1141,
            "revenue": 347823,
            "common_shares": 374929,
            "book_valuer_per_share": 13.6,
            "book_valuer_per_share_4q_avg": 13.84,
            "equity": 507968,
            "current_ratio": 173.31,
            "debt_ratio": 52.13,
            "inventory_turnover_ratio": 1.55,
            "account_receivable_turnover_ratio": 0.92,
            "reinvestment_rate": 915.87,
            "research_to_sale_ratio": 0.29,
            "price_fair": 43.23,
            "eps_avg_yearly": 1.24,
            "eps_latest_yearly": 0.12,
            "eps_growth_yearly": 398.19
        },
        "20113": {
            "year_quarter": 20113,
            "year": 2011,
            "quarter": 3,
            "eps": 0.34,
            "eps_growth_year": -45.96,
            "eps_4q": 0.31,
            "eps_4q_growth_year": -79.75,
            "roe": 2.42,
            "roe_4q": 2.2800000000000002,
            "gross_profit": 51492,
            "gross_margin": 13.26,
            "gross_margin_4q_avg": 11.11,
            "net_income": 12776,
            "revenue": 388326,
            "common_shares": 386073,
            "book_valuer_per_share": 14.29,
            "book_valuer_per_share_4q_avg": 13.79,
            "equity": 548966,
            "current_ratio": 185.38,
            "debt_ratio": 47.75,
            "inventory_turnover_ratio": 1.77,
            "account_receivable_turnover_ratio": 0.96,
            "reinvestment_rate": 984.1,
            "research_to_sale_ratio": 0.2,
            "price_fair": 43.4,
            "eps_avg_yearly": 1.24,
            "eps_latest_yearly": 1.36,
            "eps_growth_yearly": 552.36
        },
        "20114": {
            "year_quarter": 20114,
            "year": 2011,
            "quarter": 4,
            "eps": -0.31,
            "eps_growth_year": null,
            "eps_4q": 0.12,
            "eps_4q_growth_year": -88.79,
            "roe": -2.15,
            "roe_4q": 0.9199999999999999,
            "gross_profit": 48618,
            "gross_margin": 13.45,
            "gross_margin_4q_avg": 12.07,
            "net_income": -11705,
            "revenue": 361468,
            "common_shares": 382593,
            "book_valuer_per_share": 14.1,
            "book_valuer_per_share_4q_avg": 13.94,
            "equity": 542246,
            "current_ratio": 183.97,
            "debt_ratio": 47.85,
            "inventory_turnover_ratio": 1.85,
            "account_receivable_turnover_ratio": 0.9,
            "reinvestment_rate": 864.68,
            "research_to_sale_ratio": 0.22,
            "price_fair": 47,
            "eps_avg_yearly": 1.34,
            "eps_latest_yearly": 1.36,
            "eps_growth_yearly": 665.9
        },
        "20121": {
            "year_quarter": 20121,
            "year": 2012,
            "quarter": 1,
            "eps": -0.29,
            "eps_growth_year": -583.33,
            "eps_4q": -0.24,
            "eps_4q_growth_year": -123.6,
            "roe": -2.15,
            "roe_4q": -1.66,
            "gross_profit": 33400,
            "gross_margin": 10.9,
            "gross_margin_4q_avg": 12.48,
            "net_income": -11419,
            "revenue": 306429,
            "common_shares": 382593,
            "book_valuer_per_share": 13.55,
            "book_valuer_per_share_4q_avg": 13.89,
            "equity": 520781,
            "current_ratio": 189.28,
            "debt_ratio": 46.47,
            "inventory_turnover_ratio": 1.63,
            "account_receivable_turnover_ratio": 0.88,
            "reinvestment_rate": 723.16,
            "research_to_sale_ratio": 0.5,
            "price_fair": 47,
            "eps_avg_yearly": 1.34,
            "eps_latest_yearly": 1.36,
            "eps_growth_yearly": 665.9
        },
        "20122": {
            "year_quarter": 20122,
            "year": 2012,
            "quarter": 2,
            "eps": -0.07,
            "eps_growth_year": -372.6,
            "eps_4q": -0.34,
            "eps_4q_growth_year": -157.76,
            "roe": -0.53,
            "roe_4q": -2.41,
            "gross_profit": 51079,
            "gross_margin": 15.57,
            "gross_margin_4q_avg": 13.3,
            "net_income": -2746,
            "revenue": 328050,
            "common_shares": 382593,
            "book_valuer_per_share": 13.31,
            "book_valuer_per_share_4q_avg": 13.81,
            "equity": 511704,
            "current_ratio": 180.12,
            "debt_ratio": 48.36,
            "inventory_turnover_ratio": 1.72,
            "account_receivable_turnover_ratio": 0.93,
            "reinvestment_rate": 597.45,
            "research_to_sale_ratio": 0.18,
            "price_fair": 47,
            "eps_avg_yearly": 1.34,
            "eps_latest_yearly": 1.36,
            "eps_growth_yearly": 665.9
        },
        "20123": {
            "year_quarter": 20123,
            "year": 2012,
            "quarter": 3,
            "eps": 0.21,
            "eps_growth_year": -39.71,
            "eps_4q": -0.47,
            "eps_4q_growth_year": -252.38,
            "roe": 1.52,
            "roe_4q": -3.3099999999999996,
            "gross_profit": 55748,
            "gross_margin": 16.08,
            "gross_margin_4q_avg": 14,
            "net_income": 7807,
            "revenue": 346790,
            "common_shares": 382593,
            "book_valuer_per_share": 13.44,
            "book_valuer_per_share_4q_avg": 13.6,
            "equity": 516881,
            "current_ratio": 191.83,
            "debt_ratio": 46.27,
            "inventory_turnover_ratio": 2,
            "account_receivable_turnover_ratio": 0.94,
            "reinvestment_rate": 775.26,
            "research_to_sale_ratio": 0.15,
            "price_fair": 47,
            "eps_avg_yearly": 1.34,
            "eps_latest_yearly": 1.36,
            "eps_growth_yearly": 665.9
        },
        "20124": {
            "year_quarter": 20124,
            "year": 2012,
            "quarter": 4,
            "eps": -0.43,
            "eps_growth_year": null,
            "eps_4q": -0.6,
            "eps_4q_growth_year": -598.36,
            "roe": -3.2,
            "roe_4q": -4.359999999999999,
            "gross_profit": 33375,
            "gross_margin": 14.96,
            "gross_margin_4q_avg": 14.38,
            "net_income": -16281,
            "revenue": 223070,
            "common_shares": 382593,
            "book_valuer_per_share": 13.02,
            "book_valuer_per_share_4q_avg": 13.33,
            "equity": 501077,
            "current_ratio": 206.73,
            "debt_ratio": 43.04,
            "inventory_turnover_ratio": 1.44,
            "account_receivable_turnover_ratio": 0.71,
            "reinvestment_rate": 669.17,
            "research_to_sale_ratio": 0.29,
            "price_fair": 47,
            "eps_avg_yearly": 1.34,
            "eps_latest_yearly": 1.36,
            "eps_growth_yearly": 665.9
        },
        "20131": {
            "year_quarter": 20131,
            "year": 2013,
            "quarter": 1,
            "eps": -0.51,
            "eps_growth_year": null,
            "eps_4q": -0.82,
            "eps_4q_growth_year": null,
            "roe": -4.02,
            "roe_4q": -6.2299999999999995,
            "gross_profit": 15633,
            "gross_margin": 6.78,
            "gross_margin_4q_avg": 13.35,
            "net_income": -19852,
            "revenue": 230628,
            "common_shares": 382593,
            "book_valuer_per_share": 12.67,
            "book_valuer_per_share_4q_avg": 13.11,
            "equity": 487528,
            "current_ratio": 199.16,
            "debt_ratio": 43.88,
            "inventory_turnover_ratio": 1.56,
            "account_receivable_turnover_ratio": 0.95,
            "reinvestment_rate": -19.11,
            "research_to_sale_ratio": 0.13,
            "price_fair": 47,
            "eps_avg_yearly": 1.34,
            "eps_latest_yearly": 1.36,
            "eps_growth_yearly": 665.9
        },
        "20132": {
            "year_quarter": 20132,
            "year": 2013,
            "quarter": 2,
            "eps": -0.44,
            "eps_growth_year": null,
            "eps_4q": -1.19,
            "eps_4q_growth_year": null,
            "roe": -3.55,
            "roe_4q": -9.25,
            "gross_profit": 25933,
            "gross_margin": 9.12,
            "gross_margin_4q_avg": 11.74,
            "net_income": -17090,
            "revenue": 284230,
            "common_shares": 382593,
            "book_valuer_per_share": 12.38,
            "book_valuer_per_share_4q_avg": 12.88,
            "equity": 476344,
            "current_ratio": 186.45,
            "debt_ratio": 45.92,
            "inventory_turnover_ratio": 1.71,
            "account_receivable_turnover_ratio": 1.14,
            "reinvestment_rate": 69.83,
            "research_to_sale_ratio": 0.17,
            "price_fair": 47,
            "eps_avg_yearly": 1.34,
            "eps_latest_yearly": 1.36,
            "eps_growth_yearly": 665.9
        },
        "20133": {
            "year_quarter": 20133,
            "year": 2013,
            "quarter": 3,
            "eps": -0.57,
            "eps_growth_year": -375.42,
            "eps_4q": -1.96,
            "eps_4q_growth_year": null,
            "roe": -4.77,
            "roe_4q": -15.54,
            "gross_profit": 23610,
            "gross_margin": 8.64,
            "gross_margin_4q_avg": 9.88,
            "net_income": -22139,
            "revenue": 273190,
            "common_shares": 382593,
            "book_valuer_per_share": 11.73,
            "book_valuer_per_share_4q_avg": 12.45,
            "equity": 451212,
            "current_ratio": 184.99,
            "debt_ratio": 45.99,
            "inventory_turnover_ratio": 1.78,
            "account_receivable_turnover_ratio": 1.05,
            "reinvestment_rate": null,
            "research_to_sale_ratio": 0.16,
            "price_fair": 45.03,
            "eps_avg_yearly": 1.29,
            "eps_latest_yearly": 1.36,
            "eps_growth_yearly": 773.54
        },
        "20134": {
            "year_quarter": 20134,
            "year": 2013,
            "quarter": 4,
            "eps": -0.33,
            "eps_growth_year": null,
            "eps_4q": -1.86,
            "eps_4q_growth_year": null,
            "roe": -2.81,
            "roe_4q": -15.149999999999999,
            "gross_profit": 28722,
            "gross_margin": 10.36,
            "gross_margin_4q_avg": 8.73,
            "net_income": -12578,
            "revenue": 277109,
            "common_shares": 382593,
            "book_valuer_per_share": 11.55,
            "book_valuer_per_share_4q_avg": 12.08,
            "equity": 444507,
            "current_ratio": 181.47,
            "debt_ratio": 46.83,
            "inventory_turnover_ratio": 1.9,
            "account_receivable_turnover_ratio": 1.08,
            "reinvestment_rate": null,
            "research_to_sale_ratio": 0.17,
            "price_fair": 43.96,
            "eps_avg_yearly": 1.26,
            "eps_latest_yearly": 1.36,
            "eps_growth_yearly": 939.68
        },
        "20141": {
            "year_quarter": 20141,
            "year": 2014,
            "quarter": 1,
            "eps": -0.58,
            "eps_growth_year": null,
            "eps_4q": -1.92,
            "eps_4q_growth_year": null,
            "roe": -5.14,
            "roe_4q": -16.27,
            "gross_profit": 16185,
            "gross_margin": 6.48,
            "gross_margin_4q_avg": 8.65,
            "net_income": -22237,
            "revenue": 249647,
            "common_shares": 382593,
            "book_valuer_per_share": 10.91,
            "book_valuer_per_share_4q_avg": 11.64,
            "equity": 419962,
            "current_ratio": 175.42,
            "debt_ratio": 47.51,
            "inventory_turnover_ratio": 1.75,
            "account_receivable_turnover_ratio": 0.97,
            "reinvestment_rate": null,
            "research_to_sale_ratio": 0.16,
            "price_fair": 50.05,
            "eps_avg_yearly": 1.43,
            "eps_latest_yearly": 1.36,
            "eps_growth_yearly": 1235.71
        },
        "20142": {
            "year_quarter": 20142,
            "year": 2014,
            "quarter": 2,
            "eps": -0.21,
            "eps_growth_year": null,
            "eps_4q": -1.69,
            "eps_4q_growth_year": null,
            "roe": -1.89,
            "roe_4q": -14.61,
            "gross_profit": 33177,
            "gross_margin": 11.28,
            "gross_margin_4q_avg": 9.19,
            "net_income": -7813,
            "revenue": 294243,
            "common_shares": 382593,
            "book_valuer_per_share": 10.59,
            "book_valuer_per_share_4q_avg": 11.2,
            "equity": 407900,
            "current_ratio": 182.41,
            "debt_ratio": 46.25,
            "inventory_turnover_ratio": 1.96,
            "account_receivable_turnover_ratio": 1.13,
            "reinvestment_rate": null,
            "research_to_sale_ratio": 0.24,
            "price_fair": 47.13,
            "eps_avg_yearly": 1.35,
            "eps_latest_yearly": 1.36,
            "eps_growth_yearly": 1380.95
        },
        "20143": {
            "year_quarter": 20143,
            "year": 2014,
            "quarter": 3,
            "eps": 0.03,
            "eps_growth_year": null,
            "eps_4q": -1.08,
            "eps_4q_growth_year": null,
            "roe": 0.13,
            "roe_4q": -9.709999999999999,
            "gross_profit": 39962,
            "gross_margin": 12.58,
            "gross_margin_4q_avg": 10.18,
            "net_income": 547,
            "revenue": 317564,
            "common_shares": 382593,
            "book_valuer_per_share": 10.8,
            "book_valuer_per_share_4q_avg": 10.96,
            "equity": 415079,
            "current_ratio": 180.78,
            "debt_ratio": 46.98,
            "inventory_turnover_ratio": 2.31,
            "account_receivable_turnover_ratio": 1.1,
            "reinvestment_rate": null,
            "research_to_sale_ratio": 0.19,
            "price_fair": 25.9,
            "eps_avg_yearly": 0.74,
            "eps_latest_yearly": 1.36,
            "eps_growth_yearly": 1966.67
        },
        "20144": {
            "year_quarter": 20144,
            "year": 2014,
            "quarter": 4,
            "eps": -0.34,
            "eps_growth_year": null,
            "eps_4q": -1.1,
            "eps_4q_growth_year": null,
            "roe": -3.23,
            "roe_4q": -10.129999999999999,
            "gross_profit": 28788,
            "gross_margin": 10.11,
            "gross_margin_4q_avg": 10.11,
            "net_income": -13343,
            "revenue": 284785,
            "common_shares": 382593,
            "book_valuer_per_share": 10.73,
            "book_valuer_per_share_4q_avg": 10.76,
            "equity": 412303,
            "current_ratio": 183.2,
            "debt_ratio": 46.4,
            "inventory_turnover_ratio": 2.43,
            "account_receivable_turnover_ratio": 0.98,
            "reinvestment_rate": null,
            "research_to_sale_ratio": 0.29,
            "price_fair": 25.9,
            "eps_avg_yearly": 0.74,
            "eps_latest_yearly": 1.36,
            "eps_growth_yearly": 1966.67
        },
        "20151": {
            "year_quarter": 20151,
            "year": 2015,
            "quarter": 1,
            "eps": -0.73,
            "eps_growth_year": null,
            "eps_4q": -1.25,
            "eps_4q_growth_year": null,
            "roe": -7.04,
            "roe_4q": -12.03,
            "gross_profit": 6919,
            "gross_margin": 3.2,
            "gross_margin_4q_avg": 9.29,
            "net_income": -27963,
            "revenue": 216500,
            "common_shares": 382593,
            "book_valuer_per_share": 9.95,
            "book_valuer_per_share_4q_avg": 10.52,
            "equity": 382388,
            "current_ratio": 182.88,
            "debt_ratio": 45.39,
            "inventory_turnover_ratio": 2.07,
            "account_receivable_turnover_ratio": 0.9,
            "reinvestment_rate": null,
            "research_to_sale_ratio": 0.52,
            "price_fair": 25.9,
            "eps_avg_yearly": 0.74,
            "eps_latest_yearly": 1.36,
            "eps_growth_yearly": 1966.67
        },
        "20152": {
            "year_quarter": 20152,
            "year": 2015,
            "quarter": 2,
            "eps": -0.43,
            "eps_growth_year": null,
            "eps_4q": -1.47,
            "eps_4q_growth_year": null,
            "roe": -4.51,
            "roe_4q": -14.65,
            "gross_profit": 20159,
            "gross_margin": 8.58,
            "gross_margin_4q_avg": 8.62,
            "net_income": -16796,
            "revenue": 234854,
            "common_shares": 382593,
            "book_valuer_per_share": 9.44,
            "book_valuer_per_share_4q_avg": 10.23,
            "equity": 362600,
            "current_ratio": 180.63,
            "debt_ratio": 45.59,
            "inventory_turnover_ratio": 2.16,
            "account_receivable_turnover_ratio": 1.09,
            "reinvestment_rate": null,
            "research_to_sale_ratio": 0.53,
            "price_fair": 47.6,
            "eps_avg_yearly": 1.36,
            "eps_latest_yearly": 1.36,
            "eps_growth_yearly": 4133.33
        },
        "20153": {
            "year_quarter": 20153,
            "year": 2015,
            "quarter": 3,
            "eps": -0.16,
            "eps_growth_year": -633.33,
            "eps_4q": -1.67,
            "eps_4q_growth_year": null,
            "roe": -1.96,
            "roe_4q": -16.74,
            "gross_profit": 27829,
            "gross_margin": 9.9,
            "gross_margin_4q_avg": 7.95,
            "net_income": -7079,
            "revenue": 281236,
            "common_shares": 382593,
            "book_valuer_per_share": 9.43,
            "book_valuer_per_share_4q_avg": 9.89,
            "equity": 361314,
            "current_ratio": 159.62,
            "debt_ratio": 51.61,
            "inventory_turnover_ratio": 2.67,
            "account_receivable_turnover_ratio": 1.09,
            "reinvestment_rate": null,
            "research_to_sale_ratio": 0.44,
            "price_fair": 0,
            "eps_avg_yearly": 0,
            "eps_latest_yearly": 0,
            "eps_growth_yearly": 0
        },
        "20154": {
            "year_quarter": 20154,
            "year": 2015,
            "quarter": 4,
            "eps": -0.58,
            "eps_growth_year": null,
            "eps_4q": -1.9,
            "eps_4q_growth_year": null,
            "roe": -6.48,
            "roe_4q": -19.990000000000002,
            "gross_profit": 35592,
            "gross_margin": 13.14,
            "gross_margin_4q_avg": 8.71,
            "net_income": -22335,
            "revenue": 270881,
            "common_shares": 382593,
            "book_valuer_per_share": 8.56,
            "book_valuer_per_share_4q_avg": 9.35,
            "equity": 327804,
            "current_ratio": 143.12,
            "debt_ratio": 57.28,
            "inventory_turnover_ratio": 2.54,
            "account_receivable_turnover_ratio": 0.97,
            "reinvestment_rate": null,
            "research_to_sale_ratio": 0.49,
            "price_fair": 0,
            "eps_avg_yearly": 0,
            "eps_latest_yearly": 0,
            "eps_growth_yearly": 0
        },
        "20161": {
            "year_quarter": 20161,
            "year": 2016,
            "quarter": 1,
            "eps": 0.02,
            "eps_growth_year": null,
            "eps_4q": -1.16,
            "eps_4q_growth_year": null,
            "roe": 0.26,
            "roe_4q": -12.69,
            "gross_profit": 31558,
            "gross_margin": 12.93,
            "gross_margin_4q_avg": 11.14,
            "net_income": 864,
            "revenue": 244074,
            "common_shares": 382593,
            "book_valuer_per_share": 8.6,
            "book_valuer_per_share_4q_avg": 9.01,
            "equity": 329342,
            "current_ratio": 150.37,
            "debt_ratio": 52.74,
            "inventory_turnover_ratio": 2.31,
            "account_receivable_turnover_ratio": 0.98,
            "reinvestment_rate": null,
            "research_to_sale_ratio": 0.6,
            "price_fair": 0,
            "eps_avg_yearly": 0,
            "eps_latest_yearly": 0,
            "eps_growth_yearly": 0
        },
        "20162": {
            "year_quarter": 20162,
            "year": 2016,
            "quarter": 2,
            "eps": 0.14,
            "eps_growth_year": null,
            "eps_4q": -0.59,
            "eps_4q_growth_year": null,
            "roe": 1.47,
            "roe_4q": -6.71,
            "gross_profit": 45705,
            "gross_margin": 15.52,
            "gross_margin_4q_avg": 12.87,
            "net_income": 4818,
            "revenue": 294429,
            "common_shares": 382593,
            "book_valuer_per_share": 8.53,
            "book_valuer_per_share_4q_avg": 8.78,
            "equity": 327402,
            "current_ratio": 148.14,
            "debt_ratio": 54.33,
            "inventory_turnover_ratio": 2.75,
            "account_receivable_turnover_ratio": 1.14,
            "reinvestment_rate": null,
            "research_to_sale_ratio": 0.38,
            "price_fair": 19.6,
            "eps_avg_yearly": 0.56,
            "eps_latest_yearly": 0.56,
            "eps_growth_yearly": 2400
        },
        "20163": {
            "year_quarter": 20163,
            "year": 2016,
            "quarter": 3,
            "eps": 0.15,
            "eps_growth_year": null,
            "eps_4q": -0.27,
            "eps_4q_growth_year": null,
            "roe": 1.69,
            "roe_4q": -3.0600000000000005,
            "gross_profit": 50140,
            "gross_margin": 15.67,
            "gross_margin_4q_avg": 14.32,
            "net_income": 5525,
            "revenue": 320075,
            "common_shares": 382593,
            "book_valuer_per_share": 8.52,
            "book_valuer_per_share_4q_avg": 8.55,
            "equity": 326611,
            "current_ratio": 146.01,
            "debt_ratio": 56.14,
            "inventory_turnover_ratio": 3.01,
            "account_receivable_turnover_ratio": 1.1,
            "reinvestment_rate": null,
            "research_to_sale_ratio": 0.32,
            "price_fair": 20.3,
            "eps_avg_yearly": 0.58,
            "eps_latest_yearly": 0.6,
            "eps_growth_yearly": 1214.29
        },
        "20164": {
            "year_quarter": 20164,
            "year": 2016,
            "quarter": 4,
            "eps": -0.05,
            "eps_growth_year": null,
            "eps_4q": 0.26,
            "eps_4q_growth_year": null,
            "roe": -0.92,
            "roe_4q": 2.5,
            "gross_profit": 21078,
            "gross_margin": 8.66,
            "gross_margin_4q_avg": 13.2,
            "net_income": -2954,
            "revenue": 243348,
            "common_shares": 382593,
            "book_valuer_per_share": 8.23,
            "book_valuer_per_share_4q_avg": 8.47,
            "equity": 314539,
            "current_ratio": 148.06,
            "debt_ratio": 54.8,
            "inventory_turnover_ratio": 2.55,
            "account_receivable_turnover_ratio": 0.91,
            "reinvestment_rate": null,
            "research_to_sale_ratio": 0.5,
            "price_fair": 20.3,
            "eps_avg_yearly": 0.58,
            "eps_latest_yearly": 0.6,
            "eps_growth_yearly": 1214.29
        },
        "20171": {
            "year_quarter": 20171,
            "year": 2017,
            "quarter": 1,
            "eps": -0.71,
            "eps_growth_year": -3650,
            "eps_4q": -0.48,
            "eps_4q_growth_year": null,
            "roe": -9.24,
            "roe_4q": -7.000000000000001,
            "gross_profit": 20528,
            "gross_margin": 9.78,
            "gross_margin_4q_avg": 12.41,
            "net_income": -27497,
            "revenue": 209894,
            "common_shares": 382593,
            "book_valuer_per_share": 7.35,
            "book_valuer_per_share_4q_avg": 8.16,
            "equity": 280861,
            "current_ratio": 143.63,
            "debt_ratio": 55.53,
            "inventory_turnover_ratio": 2.08,
            "account_receivable_turnover_ratio": 0.93,
            "reinvestment_rate": null,
            "research_to_sale_ratio": 0.62,
            "price_fair": 20.3,
            "eps_avg_yearly": 0.58,
            "eps_latest_yearly": 0.6,
            "eps_growth_yearly": 1214.29
        },
        "20172": {
            "year_quarter": 20172,
            "year": 2017,
            "quarter": 2,
            "eps": -0.55,
            "eps_growth_year": -492.86,
            "eps_4q": -1.16,
            "eps_4q_growth_year": null,
            "roe": -7.95,
            "roe_4q": -16.42,
            "gross_profit": 20233,
            "gross_margin": 8.58,
            "gross_margin_4q_avg": 10.67,
            "net_income": -21665,
            "revenue": 235837,
            "common_shares": 382593,
            "book_valuer_per_share": 6.93,
            "book_valuer_per_share_4q_avg": 7.76,
            "equity": 264216,
            "current_ratio": 133.68,
            "debt_ratio": 59.83,
            "inventory_turnover_ratio": 2.21,
            "account_receivable_turnover_ratio": 1.01,
            "reinvestment_rate": null,
            "research_to_sale_ratio": 0.5,
            "price_fair": 20.3,
            "eps_avg_yearly": 0.58,
            "eps_latest_yearly": 0.6,
            "eps_growth_yearly": 1214.29
        },
        "20173": {
            "year_quarter": 20173,
            "year": 2017,
            "quarter": 3,
            "eps": -0.57,
            "eps_growth_year": -480,
            "eps_4q": -1.89,
            "eps_4q_growth_year": null,
            "roe": -8.65,
            "roe_4q": -26.760000000000005,
            "gross_profit": 18726,
            "gross_margin": 7.58,
            "gross_margin_4q_avg": 8.65,
            "net_income": -22085,
            "revenue": 246955,
            "common_shares": 382593,
            "book_valuer_per_share": 6.48,
            "book_valuer_per_share_4q_avg": 7.25,
            "equity": 246260,
            "current_ratio": 127.29,
            "debt_ratio": 63.05,
            "inventory_turnover_ratio": 2.32,
            "account_receivable_turnover_ratio": 0.99,
            "reinvestment_rate": null,
            "research_to_sale_ratio": 0.7,
            "price_fair": 20.3,
            "eps_avg_yearly": 0.58,
            "eps_latest_yearly": 0.6,
            "eps_growth_yearly": 1214.29
        },
        "20174": {
            "year_quarter": 20174,
            "year": 2017,
            "quarter": 4,
            "eps": -1.25,
            "eps_growth_year": null,
            "eps_4q": -3.09,
            "eps_4q_growth_year": -1300.39,
            "roe": -23.1,
            "roe_4q": -48.940000000000005,
            "gross_profit": 1812,
            "gross_margin": 0.82,
            "gross_margin_4q_avg": 6.69,
            "net_income": -51223,
            "revenue": 220422,
            "common_shares": 382593,
            "book_valuer_per_share": 5.29,
            "book_valuer_per_share_4q_avg": 6.51,
            "equity": 197267,
            "current_ratio": 121.92,
            "debt_ratio": 67.15,
            "inventory_turnover_ratio": 2.34,
            "account_receivable_turnover_ratio": 0.99,
            "reinvestment_rate": null,
            "research_to_sale_ratio": 0.79,
            "price_fair": 20.3,
            "eps_avg_yearly": 0.58,
            "eps_latest_yearly": 0.6,
            "eps_growth_yearly": 1214.29
        },
        "20181": {
            "year_quarter": 20181,
            "year": 2018,
            "quarter": 1,
            "eps": -1,
            "eps_growth_year": null,
            "eps_4q": -3.37,
            "eps_4q_growth_year": null,
            "roe": -21.04,
            "roe_4q": -60.74,
            "gross_profit": 4076,
            "gross_margin": 2.26,
            "gross_margin_4q_avg": 4.81,
            "net_income": -38145,
            "revenue": 180421,
            "common_shares": 382593,
            "book_valuer_per_share": 4.46,
            "book_valuer_per_share_4q_avg": 5.79,
            "equity": 165335,
            "current_ratio": 113.96,
            "debt_ratio": 70.15,
            "inventory_turnover_ratio": 1.93,
            "account_receivable_turnover_ratio": 0.96,
            "reinvestment_rate": null,
            "research_to_sale_ratio": 0.89,
            "price_fair": 20.3,
            "eps_avg_yearly": 0.58,
            "eps_latest_yearly": 0.6,
            "eps_growth_yearly": 1214.29
        },
        "20182": {
            "year_quarter": 20182,
            "year": 2018,
            "quarter": 2,
            "eps": -0.35,
            "eps_growth_year": null,
            "eps_4q": -2.82,
            "eps_4q_growth_year": null,
            "roe": -8.03,
            "roe_4q": -60.82,
            "gross_profit": 9697,
            "gross_margin": 4.48,
            "gross_margin_4q_avg": 3.79,
            "net_income": -14421,
            "revenue": 216276,
            "common_shares": 432593,
            "book_valuer_per_share": 4.6,
            "book_valuer_per_share_4q_avg": 5.21,
            "equity": 193671,
            "current_ratio": 118.73,
            "debt_ratio": 69.89,
            "inventory_turnover_ratio": 1.92,
            "account_receivable_turnover_ratio": 1.1,
            "reinvestment_rate": null,
            "research_to_sale_ratio": 0.92,
            "price_fair": 20.3,
            "eps_avg_yearly": 0.58,
            "eps_latest_yearly": 0.6,
            "eps_growth_yearly": 1214.29
        },
        "20183": {
            "year_quarter": 20183,
            "year": 2018,
            "quarter": 3,
            "eps": 0.11,
            "eps_growth_year": null,
            "eps_4q": -2.6,
            "eps_4q_growth_year": null,
            "roe": 2.48,
            "roe_4q": -49.69,
            "gross_profit": 23961,
            "gross_margin": 10.37,
            "gross_margin_4q_avg": 4.48,
            "net_income": 4762,
            "revenue": 231112,
            "common_shares": 367704,
            "book_valuer_per_share": 5.32,
            "book_valuer_per_share_4q_avg": 4.92,
            "equity": 190190,
            "current_ratio": 116.65,
            "debt_ratio": 70.12,
            "inventory_turnover_ratio": 1.83,
            "account_receivable_turnover_ratio": 1.02,
            "reinvestment_rate": null,
            "research_to_sale_ratio": 0.57,
            "price_fair": 20.3,
            "eps_avg_yearly": 0.58,
            "eps_latest_yearly": 0.6,
            "eps_growth_yearly": 1214.29
        },
        "20184": {
            "year_quarter": 20184,
            "year": 2018,
            "quarter": 4,
            "eps": -0.95,
            "eps_growth_year": null,
            "eps_4q": -2.24,
            "eps_4q_growth_year": null,
            "roe": -20.28,
            "roe_4q": -46.87,
            "gross_profit": 16378,
            "gross_margin": 9.03,
            "gross_margin_4q_avg": 6.54,
            "net_income": -35080,
            "revenue": 181307,
            "common_shares": 367704,
            "book_valuer_per_share": 4.39,
            "book_valuer_per_share_4q_avg": 4.69,
            "equity": 155787,
            "current_ratio": 110.52,
            "debt_ratio": 71.18,
            "inventory_turnover_ratio": 1.54,
            "account_receivable_turnover_ratio": 0.89,
            "reinvestment_rate": null,
            "research_to_sale_ratio": 1.25,
            "price_fair": 20.3,
            "eps_avg_yearly": 0.58,
            "eps_latest_yearly": 0.6,
            "eps_growth_yearly": 1214.29
        },
        "20191": {
            "year_quarter": 20191,
            "year": 2019,
            "quarter": 1,
            "eps": -0.34,
            "eps_growth_year": null,
            "eps_4q": -1.31,
            "eps_4q_growth_year": null,
            "roe": -7.06,
            "roe_4q": -32.89,
            "gross_profit": 20907,
            "gross_margin": 10.65,
            "gross_margin_4q_avg": 8.63,
            "net_income": -13381,
            "revenue": 196399,
            "common_shares": 437704,
            "book_valuer_per_share": 5.24,
            "book_valuer_per_share_4q_avg": 4.89,
            "equity": 223341,
            "current_ratio": 130.41,
            "debt_ratio": 62.21,
            "inventory_turnover_ratio": 1.77,
            "account_receivable_turnover_ratio": 1.04,
            "reinvestment_rate": null,
            "research_to_sale_ratio": 2.03,
            "price_fair": 20.3,
            "eps_avg_yearly": 0.58,
            "eps_latest_yearly": 0.6,
            "eps_growth_yearly": 1214.29
        },
        "20192": {
            "year_quarter": 20192,
            "year": 2019,
            "quarter": 2,
            "eps": 0.31,
            "eps_growth_year": null,
            "eps_4q": -0.68,
            "eps_4q_growth_year": null,
            "roe": 5.91,
            "roe_4q": -18.95,
            "gross_profit": 32831,
            "gross_margin": 14.79,
            "gross_margin_4q_avg": 11.21,
            "net_income": 13472,
            "revenue": 221907,
            "common_shares": 437704,
            "book_valuer_per_share": 5.45,
            "book_valuer_per_share_4q_avg": 5.1,
            "equity": 232628,
            "current_ratio": 121.86,
            "debt_ratio": 62.44,
            "inventory_turnover_ratio": 2.23,
            "account_receivable_turnover_ratio": 1.12,
            "reinvestment_rate": null,
            "research_to_sale_ratio": 2.21,
            "price_fair": 20.3,
            "eps_avg_yearly": 0.58,
            "eps_latest_yearly": 0.6,
            "eps_growth_yearly": 1214.29
        },
        "20193": {
            "year_quarter": 20193,
            "year": 2019,
            "quarter": 3,
            "eps": 0.24,
            "eps_growth_year": 118.18,
            "eps_4q": -0.55,
            "eps_4q_growth_year": null,
            "roe": 4.19,
            "roe_4q": -17.24,
            "gross_profit": 38289,
            "gross_margin": 17.97,
            "gross_margin_4q_avg": 13.11,
            "net_income": 9846,
            "revenue": 213113,
            "common_shares": 437704,
            "book_valuer_per_share": 5.58,
            "book_valuer_per_share_4q_avg": 5.17,
            "equity": 237898,
            "current_ratio": 130.47,
            "debt_ratio": 56.25,
            "inventory_turnover_ratio": 2.4,
            "account_receivable_turnover_ratio": 1.08,
            "reinvestment_rate": null,
            "research_to_sale_ratio": 2.17,
            "price_fair": 24.73,
            "eps_avg_yearly": 0.71,
            "eps_latest_yearly": 0.96,
            "eps_growth_yearly": 779.42
        },
        "20194": {
            "year_quarter": 20194,
            "year": 2019,
            "quarter": 4,
            "eps": -0.11,
            "eps_growth_year": null,
            "eps_4q": 0.14,
            "eps_4q_growth_year": null,
            "roe": -2.88,
            "roe_4q": 0.16000000000000103,
            "gross_profit": 31782,
            "gross_margin": 18.12,
            "gross_margin_4q_avg": 15.38,
            "net_income": -6703,
            "revenue": 175439,
            "common_shares": 437704,
            "book_valuer_per_share": 5.37,
            "book_valuer_per_share_4q_avg": 5.41,
            "equity": 226876,
            "current_ratio": 127.3,
            "debt_ratio": 55.89,
            "inventory_turnover_ratio": 2.01,
            "account_receivable_turnover_ratio": 0.98,
            "reinvestment_rate": null,
            "research_to_sale_ratio": 3.06,
            "price_fair": 24.73,
            "eps_avg_yearly": 0.71,
            "eps_latest_yearly": 0.96,
            "eps_growth_yearly": 779.42
        },
        "20201": {
            "year_quarter": 20201,
            "year": 2020,
            "quarter": 1,
            "eps": -0.18,
            "eps_growth_year": null,
            "eps_4q": 0.26,
            "eps_4q_growth_year": null,
            "roe": -4.28,
            "roe_4q": 2.9400000000000004,
            "gross_profit": 20116,
            "gross_margin": 14.44,
            "gross_margin_4q_avg": 16.33,
            "net_income": -9502,
            "revenue": 139312,
            "common_shares": 437704,
            "book_valuer_per_share": 5.18,
            "book_valuer_per_share_4q_avg": 5.4,
            "equity": 217226,
            "current_ratio": 125.07,
            "debt_ratio": 59.02,
            "inventory_turnover_ratio": 1.38,
            "account_receivable_turnover_ratio": 0.88,
            "reinvestment_rate": null,
            "research_to_sale_ratio": 3.4,
            "price_fair": 24.73,
            "eps_avg_yearly": 0.71,
            "eps_latest_yearly": 0.96,
            "eps_growth_yearly": 779.42
        },
        "20202": {
            "year_quarter": 20202,
            "year": 2020,
            "quarter": 2,
            "eps": 0.29,
            "eps_growth_year": -6.45,
            "eps_4q": 0.25,
            "eps_4q_growth_year": null,
            "roe": 5.74,
            "roe_4q": 2.7700000000000005,
            "gross_profit": 45889,
            "gross_margin": 20.96,
            "gross_margin_4q_avg": 17.87,
            "net_income": 12693,
            "revenue": 218912,
            "common_shares": 437704,
            "book_valuer_per_share": 5.36,
            "book_valuer_per_share_4q_avg": 5.37,
            "equity": 224901,
            "current_ratio": 124.41,
            "debt_ratio": 61.82,
            "inventory_turnover_ratio": 1.85,
            "account_receivable_turnover_ratio": 1.17,
            "reinvestment_rate": null,
            "research_to_sale_ratio": 2.36,
            "price_fair": 2.34,
            "eps_avg_yearly": 0.78,
            "eps_latest_yearly": 0.96,
            "eps_growth_yearly": -30.88
        },
        "20203": {
            "year_quarter": 20203,
            "year": 2020,
            "quarter": 3,
            "eps": -0.21,
            "eps_growth_year": -187.5,
            "eps_4q": -0.21,
            "eps_4q_growth_year": null,
            "roe": -4.6,
            "roe_4q": -6.02,
            "gross_profit": 32208,
            "gross_margin": 15.37,
            "gross_margin_4q_avg": 17.22,
            "net_income": -10211,
            "revenue": 209612,
            "common_shares": 437704,
            "book_valuer_per_share": 5.24,
            "book_valuer_per_share_4q_avg": 5.29,
            "equity": 218684,
            "current_ratio": 112.56,
            "debt_ratio": 62.53,
            "inventory_turnover_ratio": 2.21,
            "account_receivable_turnover_ratio": 1,
            "reinvestment_rate": null,
            "research_to_sale_ratio": 3.27,
            "price_fair": 2.88,
            "eps_avg_yearly": 0.96,
            "eps_latest_yearly": 0.96,
            "eps_growth_yearly": -90.32
        },
        "20204": {
            "year_quarter": 20204,
            "year": 2020,
            "quarter": 4,
            "eps": -0.3,
            "eps_growth_year": null,
            "eps_4q": -0.39,
            "eps_4q_growth_year": -379.76,
            "roe": -6.25,
            "roe_4q": -9.39,
            "gross_profit": 16523,
            "gross_margin": 10.83,
            "gross_margin_4q_avg": 15.4,
            "net_income": -13444,
            "revenue": 152592,
            "common_shares": 437704,
            "book_valuer_per_share": 5.06,
            "book_valuer_per_share_4q_avg": 5.21,
            "equity": 211189,
            "current_ratio": 96.71,
            "debt_ratio": 62.49,
            "inventory_turnover_ratio": 1.74,
            "account_receivable_turnover_ratio": 0.9,
            "reinvestment_rate": null,
            "research_to_sale_ratio": 4.93,
            "price_fair": 2.88,
            "eps_avg_yearly": 0.96,
            "eps_latest_yearly": 0.96,
            "eps_growth_yearly": -90.32
        },
        "20211": {
            "year_quarter": 20211,
            "year": 2021,
            "quarter": 1,
            "eps": 0,
            "eps_growth_year": null,
            "eps_4q": -0.22,
            "eps_4q_growth_year": -183.88,
            "roe": -0.57,
            "roe_4q": -5.68,
            "gross_profit": 27991,
            "gross_margin": 14.26,
            "gross_margin_4q_avg": 15.36,
            "net_income": -1207,
            "revenue": 196261,
            "common_shares": 437704,
            "book_valuer_per_share": 5.05,
            "book_valuer_per_share_4q_avg": 5.18,
            "equity": 210039,
            "current_ratio": 97.16,
            "debt_ratio": 67.66,
            "inventory_turnover_ratio": 1.54,
            "account_receivable_turnover_ratio": 1.15,
            "reinvestment_rate": null,
            "research_to_sale_ratio": 3.31,
            "price_fair": 2.88,
            "eps_avg_yearly": 0.96,
            "eps_latest_yearly": 0.96,
            "eps_growth_yearly": -90.32
        },
        "20212": {
            "year_quarter": 20212,
            "year": 2021,
            "quarter": 2,
            "eps": 0.23,
            "eps_growth_year": -20.69,
            "eps_4q": -0.28,
            "eps_4q_growth_year": -214.23,
            "roe": 2.82,
            "roe_4q": -8.6,
            "gross_profit": 40596,
            "gross_margin": 16.65,
            "gross_margin_4q_avg": 14.28,
            "net_income": 9672,
            "revenue": 243832,
            "common_shares": 437704,
            "book_valuer_per_share": 11.15,
            "book_valuer_per_share_4q_avg": 6.63,
            "equity": 477052,
            "current_ratio": 121.27,
            "debt_ratio": 55.84,
            "inventory_turnover_ratio": 1.32,
            "account_receivable_turnover_ratio": 1.11,
            "reinvestment_rate": null,
            "research_to_sale_ratio": 2.54,
            "price_fair": 2.88,
            "eps_avg_yearly": 0.96,
            "eps_latest_yearly": 0.96,
            "eps_growth_yearly": -90.32
        },
        "20213": {
            "year_quarter": 20213,
            "year": 2021,
            "quarter": 3,
            "eps": 0.48,
            "eps_growth_year": null,
            "eps_4q": 0.41,
            "eps_4q_growth_year": null,
            "roe": 4.1,
            "roe_4q": 0.09999999999999964,
            "gross_profit": 48214,
            "gross_margin": 17.64,
            "gross_margin_4q_avg": 14.85,
            "net_income": 19938,
            "revenue": 273350,
            "common_shares": 437704,
            "book_valuer_per_share": 11.6,
            "book_valuer_per_share_4q_avg": 8.22,
            "equity": 496455,
            "current_ratio": 128.55,
            "debt_ratio": 53.64,
            "inventory_turnover_ratio": 1.34,
            "account_receivable_turnover_ratio": 1.09,
            "reinvestment_rate": null,
            "research_to_sale_ratio": 2.29,
            "price_fair": 50.4,
            "eps_avg_yearly": 1.44,
            "eps_latest_yearly": 1.92,
            "eps_growth_yearly": 172.23
        },
        "20214": {
            "year_quarter": 20214,
            "year": 2021,
            "quarter": 4,
            "eps": 0.03,
            "eps_growth_year": null,
            "eps_4q": 0.74,
            "eps_4q_growth_year": null,
            "roe": 0.37,
            "roe_4q": 6.719999999999999,
            "gross_profit": 40237,
            "gross_margin": 15.76,
            "gross_margin_4q_avg": 16.08,
            "net_income": 1837,
            "revenue": 255287,
            "common_shares": 437704,
            "book_valuer_per_share": 11.78,
            "book_valuer_per_share_4q_avg": 9.9,
            "equity": 504667,
            "current_ratio": 140.29,
            "debt_ratio": 53.36,
            "inventory_turnover_ratio": 1.32,
            "account_receivable_turnover_ratio": 1.03,
            "reinvestment_rate": null,
            "research_to_sale_ratio": 3.07,
            "price_fair": 3,
            "eps_avg_yearly": 1,
            "eps_latest_yearly": 0.12,
            "eps_growth_yearly": -10.18
        },
        "20221": {
            "year_quarter": 20221,
            "year": 2022,
            "quarter": 1,
            "eps": 0.32,
            "eps_growth_year": null,
            "eps_4q": 1.05,
            "eps_4q_growth_year": null,
            "roe": 2.76,
            "roe_4q": 10.049999999999999,
            "gross_profit": 42813,
            "gross_margin": 16.59,
            "gross_margin_4q_avg": 16.66,
            "net_income": 14406,
            "revenue": 258108,
            "common_shares": 437704,
            "book_valuer_per_share": 12.29,
            "book_valuer_per_share_4q_avg": 11.71,
            "equity": 537828,
            "current_ratio": 148.39,
            "debt_ratio": 50.27,
            "inventory_turnover_ratio": 1.36,
            "account_receivable_turnover_ratio": 1.02,
            "reinvestment_rate": null,
            "research_to_sale_ratio": 2.83,
            "price_fair": 37.45,
            "eps_avg_yearly": 1.07,
            "eps_latest_yearly": 1.28,
            "eps_growth_yearly": 959.03
        },
        "20222": {
            "year_quarter": 20222,
            "year": 2022,
            "quarter": 2,
            "eps": 1.03,
            "eps_growth_year": 347.83,
            "eps_4q": 1.49,
            "eps_4q_growth_year": null,
            "roe": 7.52,
            "roe_4q": 14.749999999999998,
            "gross_profit": 73857,
            "gross_margin": 22.8,
            "gross_margin_4q_avg": 18.2,
            "net_income": 45858,
            "revenue": 323955,
            "common_shares": 437704,
            "book_valuer_per_share": 14.04,
            "book_valuer_per_share_4q_avg": 12.43,
            "equity": 681971,
            "current_ratio": 171.81,
            "debt_ratio": 45.8,
            "inventory_turnover_ratio": 1.65,
            "account_receivable_turnover_ratio": 1.13,
            "reinvestment_rate": -64.99,
            "research_to_sale_ratio": 2.12,
            "price_fair": 58.8,
            "eps_avg_yearly": 1.68,
            "eps_latest_yearly": 4.12,
            "eps_growth_yearly": 944.73
        },
        "20223": {
            "year_quarter": 20223,
            "year": 2022,
            "quarter": 3,
            "eps": 1.87,
            "eps_growth_year": 289.58,
            "eps_4q": 2.97,
            "eps_4q_growth_year": 628.15,
            "roe": 12.5,
            "roe_4q": 23.150000000000002,
            "gross_profit": 91298,
            "gross_margin": 29.53,
            "gross_margin_4q_avg": 21.17,
            "net_income": 99756,
            "revenue": 309174,
            "common_shares": 537704,
            "book_valuer_per_share": 16.78,
            "book_valuer_per_share_4q_avg": 13.72,
            "equity": 914235,
            "current_ratio": 225.38,
            "debt_ratio": 28.81,
            "inventory_turnover_ratio": 1.67,
            "account_receivable_turnover_ratio": 1.08,
            "reinvestment_rate": -44.15,
            "research_to_sale_ratio": 2.89,
            "price_fair": 92.63,
            "eps_avg_yearly": 2.65,
            "eps_latest_yearly": 7.48,
            "eps_growth_yearly": 841.64
        },
        "20224": {
            "year_quarter": 20224,
            "year": 2022,
            "quarter": 4,
            "eps": 0.96,
            "eps_growth_year": 3125.25,
            "eps_4q": 3.91,
            "eps_4q_growth_year": 431.15,
            "roe": 5.48,
            "roe_4q": 28.259999999999998,
            "gross_profit": 114404,
            "gross_margin": 33.93,
            "gross_margin_4q_avg": 25.71,
            "net_income": 52157,
            "revenue": 337202,
            "common_shares": 537704,
            "book_valuer_per_share": 17.47,
            "book_valuer_per_share_4q_avg": 15.15,
            "equity": 988588,
            "current_ratio": 190.84,
            "debt_ratio": 41.23,
            "inventory_turnover_ratio": 1.93,
            "account_receivable_turnover_ratio": 1.18,
            "reinvestment_rate": 79.69,
            "research_to_sale_ratio": 4.06,
            "price_fair": 98.6,
            "eps_avg_yearly": 2.82,
            "eps_latest_yearly": 3.84,
            "eps_growth_yearly": 693.6
        },
        "20231": {
            "year_quarter": 20231,
            "year": 2023,
            "quarter": 1,
            "eps": 0.9,
            "eps_growth_year": 181.25,
            "eps_4q": 4.55,
            "eps_4q_growth_year": 331.41,
            "roe": 4.54,
            "roe_4q": 30.04,
            "gross_profit": 115692,
            "gross_margin": 32.2,
            "gross_margin_4q_avg": 29.62,
            "net_income": 46012,
            "revenue": 359237,
            "common_shares": 537704,
            "book_valuer_per_share": 18.45,
            "book_valuer_per_share_4q_avg": 16.69,
            "equity": 1038833,
            "current_ratio": 188.64,
            "debt_ratio": 41.66,
            "inventory_turnover_ratio": 1.95,
            "account_receivable_turnover_ratio": 1.16,
            "reinvestment_rate": 74.89,
            "research_to_sale_ratio": 3.83,
            "price_fair": 102.03,
            "eps_avg_yearly": 2.92,
            "eps_latest_yearly": 3.6,
            "eps_growth_yearly": 603.77
        }
    },
    "months": {
        "2004-01": {
            "month": "2004-01",
            "price": "38.00",
            "revenue": 24942
        },
        "2004-02": {
            "month": "2004-02",
            "price": "40.38",
            "revenue": 32770
        },
        "2004-03": {
            "month": "2004-03",
            "price": "39.91",
            "revenue": 26604
        },
        "2004-04": {
            "month": "2004-04",
            "price": "39.90",
            "revenue": 23891
        },
        "2004-05": {
            "month": "2004-05",
            "price": "39.93",
            "revenue": 26072
        },
        "2004-06": {
            "month": "2004-06",
            "price": "39.75",
            "revenue": 28101
        },
        "2004-09": {
            "month": "2004-09",
            "price": "22.68",
            "revenue": 32363
        },
        "2004-10": {
            "month": "2004-10",
            "price": "22.43",
            "revenue": 38457
        },
        "2004-11": {
            "month": "2004-11",
            "price": "17.73",
            "revenue": 30752
        },
        "2004-12": {
            "month": "2004-12",
            "price": "17.38",
            "revenue": 26244
        },
        "2005-01": {
            "month": "2005-01",
            "price": "13.91",
            "revenue": 24298
        },
        "2005-02": {
            "month": "2005-02",
            "price": "14.75",
            "revenue": 19610
        },
        "2005-03": {
            "month": "2005-03",
            "price": "16.42",
            "revenue": 35787
        },
        "2005-04": {
            "month": "2005-04",
            "price": "17.17",
            "revenue": 39030
        },
        "2005-05": {
            "month": "2005-05",
            "price": "15.73",
            "revenue": 28427
        },
        "2005-06": {
            "month": "2005-06",
            "price": "15.15",
            "revenue": 21958
        },
        "2005-07": {
            "month": "2005-07",
            "price": "15.71",
            "revenue": 33449
        },
        "2005-08": {
            "month": "2005-08",
            "price": "15.36",
            "revenue": 33552
        },
        "2005-09": {
            "month": "2005-09",
            "price": "14.41",
            "revenue": 88586
        },
        "2005-10": {
            "month": "2005-10",
            "price": "15.21",
            "revenue": 93394
        },
        "2005-11": {
            "month": "2005-11",
            "price": "14.14",
            "revenue": 83114
        },
        "2005-12": {
            "month": "2005-12",
            "price": "14.60",
            "revenue": 72477
        },
        "2006-01": {
            "month": "2006-01",
            "price": "16.74",
            "revenue": 77045
        },
        "2006-02": {
            "month": "2006-02",
            "price": "19.95",
            "revenue": 70819
        },
        "2006-03": {
            "month": "2006-03",
            "price": "19.55",
            "revenue": 113509
        },
        "2006-04": {
            "month": "2006-04",
            "price": "24.63",
            "revenue": 100221
        },
        "2006-05": {
            "month": "2006-05",
            "price": "27.28",
            "revenue": 92078
        },
        "2006-06": {
            "month": "2006-06",
            "price": "21.16",
            "revenue": 81063
        },
        "2006-07": {
            "month": "2006-07",
            "price": "19.46",
            "revenue": 82026
        },
        "2006-08": {
            "month": "2006-08",
            "price": "18.73",
            "revenue": 95843
        },
        "2006-09": {
            "month": "2006-09",
            "price": "17.36",
            "revenue": 98747
        },
        "2006-10": {
            "month": "2006-10",
            "price": "17.05",
            "revenue": 93604
        },
        "2006-11": {
            "month": "2006-11",
            "price": "18.66",
            "revenue": 83963
        },
        "2006-12": {
            "month": "2006-12",
            "price": "20.57",
            "revenue": 80968
        },
        "2007-01": {
            "month": "2007-01",
            "price": "21.66",
            "revenue": 93869
        },
        "2007-02": {
            "month": "2007-02",
            "price": "17.63",
            "revenue": 70009
        },
        "2007-03": {
            "month": "2007-03",
            "price": "17.87",
            "revenue": 99394
        },
        "2007-04": {
            "month": "2007-04",
            "price": "18.44",
            "revenue": 98863
        },
        "2007-05": {
            "month": "2007-05",
            "price": "19.10",
            "revenue": 115864
        },
        "2007-06": {
            "month": "2007-06",
            "price": "21.82",
            "revenue": 122105
        },
        "2007-07": {
            "month": "2007-07",
            "price": "31.40",
            "revenue": 136344
        },
        "2007-08": {
            "month": "2007-08",
            "price": "34.74",
            "revenue": 122439
        },
        "2007-09": {
            "month": "2007-09",
            "price": "33.56",
            "revenue": 125441
        },
        "2007-10": {
            "month": "2007-10",
            "price": "32.55",
            "revenue": 122545
        },
        "2007-11": {
            "month": "2007-11",
            "price": "23.59",
            "revenue": 141446
        },
        "2007-12": {
            "month": "2007-12",
            "price": "15.31",
            "revenue": 116889
        },
        "2008-01": {
            "month": "2008-01",
            "price": "16.02",
            "revenue": 126787
        },
        "2008-02": {
            "month": "2008-02",
            "price": "15.68",
            "revenue": 95185
        },
        "2008-03": {
            "month": "2008-03",
            "price": "16.39",
            "revenue": 147180
        },
        "2008-04": {
            "month": "2008-04",
            "price": "17.70",
            "revenue": 154065
        },
        "2008-05": {
            "month": "2008-05",
            "price": "15.44",
            "revenue": 147922
        },
        "2008-06": {
            "month": "2008-06",
            "price": "12.09",
            "revenue": 126033
        },
        "2008-07": {
            "month": "2008-07",
            "price": "8.59",
            "revenue": 167373
        },
        "2008-08": {
            "month": "2008-08",
            "price": "8.22",
            "revenue": 138449
        },
        "2008-09": {
            "month": "2008-09",
            "price": "7.23",
            "revenue": 150731
        },
        "2008-10": {
            "month": "2008-10",
            "price": "6.66",
            "revenue": 129991
        },
        "2008-11": {
            "month": "2008-11",
            "price": "6.14",
            "revenue": 68598
        },
        "2008-12": {
            "month": "2008-12",
            "price": "5.62",
            "revenue": 42215
        },
        "2009-01": {
            "month": "2009-01",
            "price": "4.98",
            "revenue": 60208
        },
        "2009-02": {
            "month": "2009-02",
            "price": "4.64",
            "revenue": 78428
        },
        "2009-03": {
            "month": "2009-03",
            "price": "5.68",
            "revenue": 138022
        },
        "2009-04": {
            "month": "2009-04",
            "price": "6.32",
            "revenue": 129385
        },
        "2009-05": {
            "month": "2009-05",
            "price": "7.28",
            "revenue": 100781
        },
        "2009-06": {
            "month": "2009-06",
            "price": "7.30",
            "revenue": 103463
        },
        "2009-07": {
            "month": "2009-07",
            "price": "11.73",
            "revenue": 159216
        },
        "2009-08": {
            "month": "2009-08",
            "price": "16.93",
            "revenue": 154224
        },
        "2009-09": {
            "month": "2009-09",
            "price": "13.76",
            "revenue": 146843
        },
        "2009-10": {
            "month": "2009-10",
            "price": "14.61",
            "revenue": 139421
        },
        "2009-11": {
            "month": "2009-11",
            "price": "13.69",
            "revenue": 133140
        },
        "2009-12": {
            "month": "2009-12",
            "price": "14.85",
            "revenue": 119187
        },
        "2010-01": {
            "month": "2010-01",
            "price": "17.44",
            "revenue": 120220
        },
        "2010-02": {
            "month": "2010-02",
            "price": "17.50",
            "revenue": 7199
        },
        "2010-03": {
            "month": "2010-03",
            "price": "18.24",
            "revenue": 134318
        },
        "2010-04": {
            "month": "2010-04",
            "price": "18.49",
            "revenue": 171611
        },
        "2010-05": {
            "month": "2010-05",
            "price": "15.90",
            "revenue": 162249
        },
        "2010-06": {
            "month": "2010-06",
            "price": "15.15",
            "revenue": 160511
        },
        "2010-07": {
            "month": "2010-07",
            "price": "16.95",
            "revenue": 182685
        },
        "2010-08": {
            "month": "2010-08",
            "price": "18.21",
            "revenue": 153240
        },
        "2010-09": {
            "month": "2010-09",
            "price": "17.86",
            "revenue": 138289
        },
        "2010-10": {
            "month": "2010-10",
            "price": "16.65",
            "revenue": 108365
        },
        "2010-11": {
            "month": "2010-11",
            "price": "16.02",
            "revenue": 147473
        },
        "2010-12": {
            "month": "2010-12",
            "price": "17.46",
            "revenue": 143813
        },
        "2011-01": {
            "month": "2011-01",
            "price": "16.68",
            "revenue": 136037
        },
        "2011-02": {
            "month": "2011-02",
            "price": "15.95",
            "revenue": 93744
        },
        "2011-03": {
            "month": "2011-03",
            "price": "16.68",
            "revenue": 160614
        },
        "2011-04": {
            "month": "2011-04",
            "price": "17.65",
            "revenue": 149435
        },
        "2011-05": {
            "month": "2011-05",
            "price": "16.73",
            "revenue": 118394
        },
        "2011-06": {
            "month": "2011-06",
            "price": "15.42",
            "revenue": 95649
        },
        "2011-07": {
            "month": "2011-07",
            "price": "13.50",
            "revenue": 125155
        },
        "2011-08": {
            "month": "2011-08",
            "price": "12.18",
            "revenue": 147318
        },
        "2011-09": {
            "month": "2011-09",
            "price": "11.52",
            "revenue": 136440
        },
        "2011-10": {
            "month": "2011-10",
            "price": "11.78",
            "revenue": 114021
        },
        "2011-11": {
            "month": "2011-11",
            "price": "15.81",
            "revenue": 121717
        },
        "2011-12": {
            "month": "2011-12",
            "price": "13.81",
            "revenue": 116695
        },
        "2012-01": {
            "month": "2012-01",
            "price": "13.04",
            "revenue": 79709
        },
        "2012-02": {
            "month": "2012-02",
            "price": "14.28",
            "revenue": 94041
        },
        "2012-03": {
            "month": "2012-03",
            "price": "13.81",
            "revenue": 128983
        },
        "2012-04": {
            "month": "2012-04",
            "price": "11.98",
            "revenue": 115923
        },
        "2012-05": {
            "month": "2012-05",
            "price": "11.04",
            "revenue": 106265
        },
        "2012-06": {
            "month": "2012-06",
            "price": "10.08",
            "revenue": 101244
        },
        "2012-07": {
            "month": "2012-07",
            "price": "10.04",
            "revenue": 117428
        },
        "2012-08": {
            "month": "2012-08",
            "price": "9.15",
            "revenue": 122369
        },
        "2012-09": {
            "month": "2012-09",
            "price": "9.49",
            "revenue": 105123
        },
        "2012-10": {
            "month": "2012-10",
            "price": "9.99",
            "revenue": 79931
        },
        "2012-11": {
            "month": "2012-11",
            "price": "9.84",
            "revenue": 75468
        },
        "2012-12": {
            "month": "2012-12",
            "price": "9.80",
            "revenue": 69008
        },
        "2013-01": {
            "month": "2013-01",
            "price": "12.27",
            "revenue": 85479
        },
        "2013-02": {
            "month": "2013-02",
            "price": "12.57",
            "revenue": 53681
        },
        "2013-03": {
            "month": "2013-03",
            "price": "12.22",
            "revenue": 90340
        },
        "2013-04": {
            "month": "2013-04",
            "price": "12.06",
            "revenue": 96008
        },
        "2013-05": {
            "month": "2013-05",
            "price": "13.34",
            "revenue": 105814
        },
        "2013-06": {
            "month": "2013-06",
            "price": "12.59",
            "revenue": 82177
        },
        "2013-07": {
            "month": "2013-07",
            "price": "12.27",
            "revenue": 102236
        },
        "2013-08": {
            "month": "2013-08",
            "price": "10.90",
            "revenue": 90777
        },
        "2013-09": {
            "month": "2013-09",
            "price": "11.44",
            "revenue": 79624
        },
        "2013-10": {
            "month": "2013-10",
            "price": "13.73",
            "revenue": 77093
        },
        "2013-11": {
            "month": "2013-11",
            "price": "13.19",
            "revenue": 96617
        },
        "2013-12": {
            "month": "2013-12",
            "price": "12.57",
            "revenue": 101231
        },
        "2014-01": {
            "month": "2014-01",
            "price": "12.54",
            "revenue": 79241
        },
        "2014-02": {
            "month": "2014-02",
            "price": "12.43",
            "revenue": 69488
        },
        "2014-03": {
            "month": "2014-03",
            "price": "13.45",
            "revenue": 99464
        },
        "2014-04": {
            "month": "2014-04",
            "price": "13.95",
            "revenue": 104340
        },
        "2014-05": {
            "month": "2014-05",
            "price": "15.38",
            "revenue": 100895
        },
        "2014-06": {
            "month": "2014-06",
            "price": "16.00",
            "revenue": 89705
        },
        "2014-07": {
            "month": "2014-07",
            "price": "14.57",
            "revenue": 106058
        },
        "2014-08": {
            "month": "2014-08",
            "price": "14.16",
            "revenue": 107176
        },
        "2014-09": {
            "month": "2014-09",
            "price": "15.08",
            "revenue": 100898
        },
        "2014-10": {
            "month": "2014-10",
            "price": "17.09",
            "revenue": 94836
        },
        "2014-11": {
            "month": "2014-11",
            "price": "15.84",
            "revenue": 94733
        },
        "2014-12": {
            "month": "2014-12",
            "price": "16.12",
            "revenue": 91493
        },
        "2015-01": {
            "month": "2015-01",
            "price": "15.49",
            "revenue": 94144
        },
        "2015-02": {
            "month": "2015-02",
            "price": "15.42",
            "revenue": 49404
        },
        "2015-03": {
            "month": "2015-03",
            "price": "15.39",
            "revenue": 70941
        },
        "2015-04": {
            "month": "2015-04",
            "price": "13.73",
            "revenue": 84575
        },
        "2015-05": {
            "month": "2015-05",
            "price": "11.38",
            "revenue": 72813
        },
        "2015-06": {
            "month": "2015-06",
            "price": "10.52",
            "revenue": 74423
        },
        "2015-07": {
            "month": "2015-07",
            "price": "10.38",
            "revenue": 86332
        },
        "2015-08": {
            "month": "2015-08",
            "price": "8.30",
            "revenue": 97524
        },
        "2015-09": {
            "month": "2015-09",
            "price": "7.51",
            "revenue": 95722
        },
        "2015-10": {
            "month": "2015-10",
            "price": "8.05",
            "revenue": 88782
        },
        "2015-11": {
            "month": "2015-11",
            "price": "8.39",
            "revenue": 94469
        },
        "2015-12": {
            "month": "2015-12",
            "price": "7.64",
            "revenue": 87879
        },
        "2016-01": {
            "month": "2016-01",
            "price": "7.21",
            "revenue": 92023
        },
        "2016-02": {
            "month": "2016-02",
            "price": "7.02",
            "revenue": 45589
        },
        "2016-03": {
            "month": "2016-03",
            "price": "7.02",
            "revenue": 87792
        },
        "2016-04": {
            "month": "2016-04",
            "price": "6.89",
            "revenue": 87605
        },
        "2016-05": {
            "month": "2016-05",
            "price": "6.75",
            "revenue": 106373
        },
        "2016-06": {
            "month": "2016-06",
            "price": "7.82",
            "revenue": 102889
        },
        "2016-07": {
            "month": "2016-07",
            "price": "10.37",
            "revenue": 106231
        },
        "2016-08": {
            "month": "2016-08",
            "price": "11.12",
            "revenue": 110967
        },
        "2016-09": {
            "month": "2016-09",
            "price": "11.59",
            "revenue": 101775
        },
        "2016-10": {
            "month": "2016-10",
            "price": "11.80",
            "revenue": 80573
        },
        "2016-11": {
            "month": "2016-11",
            "price": "11.21",
            "revenue": 83846
        },
        "2016-12": {
            "month": "2016-12",
            "price": "11.08",
            "revenue": 76063
        },
        "2017-01": {
            "month": "2017-01",
            "price": "10.70",
            "revenue": 59617
        },
        "2017-02": {
            "month": "2017-02",
            "price": "11.53",
            "revenue": 57013
        },
        "2017-03": {
            "month": "2017-03",
            "price": "11.38",
            "revenue": 93073
        },
        "2017-04": {
            "month": "2017-04",
            "price": "10.61",
            "revenue": 86378
        },
        "2017-05": {
            "month": "2017-05",
            "price": "9.95",
            "revenue": 72322
        },
        "2017-06": {
            "month": "2017-06",
            "price": "10.77",
            "revenue": 74342
        },
        "2017-07": {
            "month": "2017-07",
            "price": "10.65",
            "revenue": 73260
        },
        "2017-08": {
            "month": "2017-08",
            "price": "10.15",
            "revenue": 83196
        },
        "2017-09": {
            "month": "2017-09",
            "price": "10.09",
            "revenue": 84048
        },
        "2017-10": {
            "month": "2017-10",
            "price": "9.72",
            "revenue": 71347
        },
        "2017-11": {
            "month": "2017-11",
            "price": "9.40",
            "revenue": 74713
        },
        "2017-12": {
            "month": "2017-12",
            "price": "8.89",
            "revenue": 72107
        },
        "2018-01": {
            "month": "2018-01",
            "price": "9.47",
            "revenue": 78441
        },
        "2018-02": {
            "month": "2018-02",
            "price": "8.87",
            "revenue": 40568
        },
        "2018-03": {
            "month": "2018-03",
            "price": "9.87",
            "revenue": 61747
        },
        "2018-04": {
            "month": "2018-04",
            "price": "10.26",
            "revenue": 69547
        },
        "2018-05": {
            "month": "2018-05",
            "price": "10.17",
            "revenue": 76760
        },
        "2018-06": {
            "month": "2018-06",
            "price": "12.70",
            "revenue": 68872
        },
        "2018-07": {
            "month": "2018-07",
            "price": "10.31",
            "revenue": 77916
        },
        "2018-08": {
            "month": "2018-08",
            "price": "10.51",
            "revenue": 80943
        },
        "2018-09": {
            "month": "2018-09",
            "price": "10.80",
            "revenue": 73231
        },
        "2018-10": {
            "month": "2018-10",
            "price": "9.93",
            "revenue": 59356
        },
        "2018-11": {
            "month": "2018-11",
            "price": "12.52",
            "revenue": 59117
        },
        "2018-12": {
            "month": "2018-12",
            "price": "12.90",
            "revenue": 62457
        },
        "2019-01": {
            "month": "2019-01",
            "price": "12.15",
            "revenue": 65405
        },
        "2019-02": {
            "month": "2019-02",
            "price": "11.99",
            "revenue": 47944
        },
        "2019-03": {
            "month": "2019-03",
            "price": "11.34",
            "revenue": 72258
        },
        "2019-04": {
            "month": "2019-04",
            "price": "11.18",
            "revenue": 68824
        },
        "2019-05": {
            "month": "2019-05",
            "price": "12.56",
            "revenue": 77534
        },
        "2019-06": {
            "month": "2019-06",
            "price": "13.54",
            "revenue": 75394
        },
        "2019-07": {
            "month": "2019-07",
            "price": "13.05",
            "revenue": 77240
        },
        "2019-08": {
            "month": "2019-08",
            "price": "13.32",
            "revenue": 70593
        },
        "2019-09": {
            "month": "2019-09",
            "price": "13.32",
            "revenue": 65816
        },
        "2019-10": {
            "month": "2019-10",
            "price": "13.49",
            "revenue": 58679
        },
        "2019-11": {
            "month": "2019-11",
            "price": "13.09",
            "revenue": 57198
        },
        "2019-12": {
            "month": "2019-12",
            "price": "12.98",
            "revenue": 59336
        },
        "2020-01": {
            "month": "2020-01",
            "price": "12.85",
            "revenue": 42610
        },
        "2020-02": {
            "month": "2020-02",
            "price": "12.19",
            "revenue": 23270
        },
        "2020-03": {
            "month": "2020-03",
            "price": "10.79",
            "revenue": 73431
        },
        "2020-04": {
            "month": "2020-04",
            "price": "10.50",
            "revenue": 73443
        },
        "2020-05": {
            "month": "2020-05",
            "price": "11.51",
            "revenue": 72274
        },
        "2020-06": {
            "month": "2020-06",
            "price": "11.62",
            "revenue": 73196
        },
        "2020-07": {
            "month": "2020-07",
            "price": "11.68",
            "revenue": 78806
        },
        "2020-08": {
            "month": "2020-08",
            "price": "11.27",
            "revenue": 66491
        },
        "2020-09": {
            "month": "2020-09",
            "price": "10.75",
            "revenue": 65734
        },
        "2020-10": {
            "month": "2020-10",
            "price": "10.43",
            "revenue": 43852
        },
        "2020-11": {
            "month": "2020-11",
            "price": "10.09",
            "revenue": 52841
        },
        "2020-12": {
            "month": "2020-12",
            "price": "9.94",
            "revenue": 54484
        },
        "2021-01": {
            "month": "2021-01",
            "price": "9.54",
            "revenue": 89473
        },
        "2021-02": {
            "month": "2021-02",
            "price": "10.58",
            "revenue": 45857
        },
        "2021-03": {
            "month": "2021-03",
            "price": "13.33",
            "revenue": 74852
        },
        "2021-04": {
            "month": "2021-04",
            "price": "13.11",
            "revenue": 81398
        },
        "2021-05": {
            "month": "2021-05",
            "price": "11.36",
            "revenue": 77249
        },
        "2021-06": {
            "month": "2021-06",
            "price": "10.93",
            "revenue": 85187
        },
        "2021-07": {
            "month": "2021-07",
            "price": "10.84",
            "revenue": 102706
        },
        "2021-08": {
            "month": "2021-08",
            "price": "13.06",
            "revenue": 85038
        },
        "2021-09": {
            "month": "2021-09",
            "price": "16.97",
            "revenue": 85606
        },
        "2021-10": {
            "month": "2021-10",
            "price": "18.02",
            "revenue": 85448
        },
        "2021-11": {
            "month": "2021-11",
            "price": "25.05",
            "revenue": 90943
        },
        "2021-12": {
            "month": "2021-12",
            "price": "23.66",
            "revenue": 78896
        },
        "2022-01": {
            "month": "2022-01",
            "price": "20.98",
            "revenue": 91154
        },
        "2022-02": {
            "month": "2022-02",
            "price": "23.62",
            "revenue": 70672
        },
        "2022-03": {
            "month": "2022-03",
            "price": "23.42",
            "revenue": 96426
        },
        "2022-04": {
            "month": "2022-04",
            "price": "25.66",
            "revenue": 111259
        },
        "2022-05": {
            "month": "2022-05",
            "price": "28.43",
            "revenue": 106585
        },
        "2022-06": {
            "month": "2022-06",
            "price": "33.30",
            "revenue": 106109
        },
        "2022-07": {
            "month": "2022-07",
            "price": "32.30",
            "revenue": 96769
        },
        "2022-08": {
            "month": "2022-08",
            "price": "41.54",
            "revenue": 106834
        },
        "2022-09": {
            "month": "2022-09",
            "price": "44.37",
            "revenue": 106866
        },
        "2022-10": {
            "month": "2022-10",
            "price": "44.66",
            "revenue": 109950
        },
        "2022-11": {
            "month": "2022-11",
            "price": "51.69",
            "revenue": 116125
        },
        "2022-12": {
            "month": "2022-12",
            "price": "51.41",
            "revenue": 109951
        },
        "2023-01": {
            "month": "2023-01",
            "price": "50.58",
            "revenue": 111310
        },
        "2023-02": {
            "month": "2023-02",
            "price": "63.92",
            "revenue": 120915
        },
        "2023-03": {
            "month": "2023-03",
            "price": "77.53",
            "revenue": 127012
        },
        "2023-04": {
            "month": "2023-04",
            "price": "75.79",
            "revenue": 128514
        },
        "2023-05": {
            "month": "2023-05",
            "price": "78.78",
            "revenue": 109875
        }
    }
}
