{
    "summary": {
        "stock_name": "全科",
        "stock_id": "3209",
        "category": "電子通路",
        "main_business": "國際貿易業<br>資訊軟體服務業<br>電子資訊供應服務業",
        "website_url": "http://www.alltek.com",
        "ceo": "謝宏昌",
        "pe_ratio": 14,
        "report_year_from": 2001,
        "report_year_to": 2023,
        "age": 23,
        "eps_negative_percentage": 0,
        "eps_growth_avg": {
            "last_all": 8.65,
            "last_2y": 9.6,
            "last_4y": 22.14,
            "last_8y": 4.57,
            "last_12y": 8.11,
            "last_16y": 9.35,
            "last_20y": null,
            "at_2006_last_3y": null,
            "at_2007_last_3y": 1.82,
            "at_2008_last_3y": -2.93,
            "at_2009_last_3y": -8.79,
            "at_2010_last_3y": 13.37,
            "at_2011_last_3y": 8.41,
            "at_2012_last_3y": -8.19,
            "at_2013_last_3y": 17.88,
            "at_2014_last_3y": 16.07,
            "at_2015_last_3y": 25.07,
            "at_2016_last_3y": 28.01,
            "at_2017_last_3y": 3.94,
            "at_2018_last_3y": -17.38,
            "at_2019_last_3y": -12.04,
            "at_2020_last_3y": 12.37,
            "at_2021_last_3y": 28.9,
            "at_2022_last_3y": 42.65,
            "at_2023_last_3y": 20,
            "at_2024_last_3y": 20,
            "at_2006_last_all": 4.7,
            "at_2007_last_all": 1.82,
            "at_2008_last_all": 3.1,
            "at_2009_last_all": 1.25,
            "at_2010_last_all": 9.65,
            "at_2011_last_all": 5.12,
            "at_2012_last_all": -1.92,
            "at_2013_last_all": 7.9,
            "at_2014_last_all": 11.99,
            "at_2015_last_all": 11.77,
            "at_2016_last_all": 7.29,
            "at_2017_last_all": 6.77,
            "at_2018_last_all": 4.15,
            "at_2019_last_all": 5.81,
            "at_2020_last_all": 8.48,
            "at_2021_last_all": 11.69,
            "at_2022_last_all": 12.26,
            "at_2023_last_all": 8.65,
            "at_2024_last_all": 8.65
        },
        "latest_eps": 2.73,
        "latest_price": 37,
        "latest_roe": 13.1,
        "latest_gross_margin": 4.87,
        "latest_equity": 4934711,
        "latest_revenue": 14305317,
        "latest_gross_profit": 696041,
        "latest_net_income": 231635,
        "latest_debt_ratio": 77.07,
        "latest_current_ratio": 127.07,
        "latest_account_receivable_turnover_ratio": 2.45,
        "latest_inventory_turnover_ratio": 1.01,
        "latest_reinvestment_rate": 25.45,
        "latest_research_to_sale_ratio": 0.21
    },
    "eps_dividends": {
        "2001": {
            "cash": 0,
            "stock": 0,
            "eps": 0
        },
        "2002": {
            "cash": 0,
            "stock": 0,
            "eps": 0
        },
        "2003": {
            "cash": 0,
            "stock": 1.5,
            "eps": 2.24
        },
        "2004": {
            "cash": 0.8,
            "stock": 1,
            "eps": 2.85
        },
        "2005": {
            "cash": 1,
            "stock": 1,
            "eps": 3.29
        },
        "2006": {
            "cash": 1.1,
            "stock": 1.4,
            "eps": 2.35
        },
        "2007": {
            "cash": 0.72,
            "stock": 0.8,
            "eps": 2.19
        },
        "2008": {
            "cash": 0.8,
            "stock": 0.8,
            "eps": 2.37
        },
        "2009": {
            "cash": 1.4,
            "stock": 0.5,
            "eps": 2.18
        },
        "2010": {
            "cash": 1.4,
            "stock": 0.5,
            "eps": 3.49
        },
        "2011": {
            "cash": 2.6,
            "stock": 2.5,
            "eps": 2.56
        },
        "2012": {
            "cash": 0,
            "stock": 0,
            "eps": 1.07
        },
        "2013": {
            "cash": 0.6,
            "stock": 0.3,
            "eps": 2.1
        },
        "2014": {
            "cash": 1.5,
            "stock": 0.65,
            "eps": 3.21
        },
        "2015": {
            "cash": 1.3,
            "stock": 1.5,
            "eps": 3.51
        },
        "2016": {
            "cash": 1.2,
            "stock": 1.6,
            "eps": 1.88
        },
        "2017": {
            "cash": 1.1,
            "stock": 0.5,
            "eps": 1.88
        },
        "2018": {
            "cash": 0.8,
            "stock": 0.5,
            "eps": 1.27
        },
        "2019": {
            "cash": 1,
            "stock": 0.2,
            "eps": 1.66
        },
        "2020": {
            "cash": 1.28,
            "stock": 0,
            "eps": 2.51
        },
        "2021": {
            "cash": 1.4,
            "stock": 0.6,
            "eps": 4.17
        },
        "2022": {
            "cash": 2.4,
            "stock": 0.8,
            "eps": 5.11
        },
        "2023": {
            "cash": 3.78,
            "stock": 0,
            "eps": 2.05
        }
    },
    "dividends": {
        "2003-03-14": {
            "cash": 0,
            "stock": 1.5
        },
        "2004-02-20": {
            "cash": 0.8,
            "stock": 1
        },
        "2005-03-15": {
            "cash": 1,
            "stock": 1
        },
        "2006-03-08": {
            "cash": 1.1,
            "stock": 1.4
        },
        "2007-03-23": {
            "cash": 0.72,
            "stock": 0.8
        },
        "2008-03-06": {
            "cash": 0.8,
            "stock": 0.8
        },
        "2009-03-13": {
            "cash": 1.4,
            "stock": 0.5
        },
        "2010-03-05": {
            "cash": 1.4,
            "stock": 0.5
        },
        "2011-01-01": {
            "cash": 1.1,
            "stock": 1
        },
        "2011-03-25": {
            "cash": 1.5,
            "stock": 1.5
        },
        "2013-03-15": {
            "cash": 0.6,
            "stock": 0.3
        },
        "2014-09-05": {
            "cash": 1.5,
            "stock": 0.65
        },
        "2015-08-28": {
            "cash": 1.3,
            "stock": 1.5
        },
        "2016-07-28": {
            "cash": 1.2,
            "stock": 1.6
        },
        "2017-08-25": {
            "cash": 1.1,
            "stock": 0.5
        },
        "2018-08-31": {
            "cash": 0.8,
            "stock": 0.5
        },
        "2019-08-30": {
            "cash": 1,
            "stock": 0.2
        },
        "2020-08-27": {
            "cash": 1.28,
            "stock": 0
        },
        "2021-09-24": {
            "cash": 1.4,
            "stock": 0.6
        },
        "2022-08-12": {
            "cash": 2.4,
            "stock": 0.8
        },
        "2023-08-23": {
            "cash": 3.78,
            "stock": 0
        }
    },
    "prices": {
        "200101": "無",
        "200102": "無",
        "200103": "無",
        "200104": "無",
        "200105": "無",
        "200106": "無",
        "200107": "無",
        "200108": "無",
        "200109": "無",
        "200110": "無",
        "200111": "無",
        "200112": "無",
        "200201": "無",
        "200202": "無",
        "200203": "無",
        "200204": "無",
        "200205": "無",
        "200206": "無",
        "200207": "無",
        "200208": "無",
        "200209": "無",
        "200210": "無",
        "200211": "無",
        "200212": "無",
        "200301": "無",
        "200302": "無",
        "200303": "無",
        "200304": "無",
        "200305": "無",
        "200306": "無",
        "200307": "無",
        "200308": "無",
        "200309": "無",
        "200310": "29.36",
        "200311": "28.64",
        "200312": "28.38",
        "200401": "28.55",
        "200402": "30.58",
        "200403": "30.27",
        "200404": "31.25",
        "200405": "24.88",
        "200406": "22.46",
        "200407": "19.52",
        "200408": "18.15",
        "200409": "19.84",
        "200410": "20.22",
        "200411": "19.57",
        "200412": "19.49",
        "200501": "18.76",
        "200502": "23.47",
        "200503": "31.58",
        "200504": "28.00",
        "200505": "28.48",
        "200506": "29.17",
        "200507": "34.20",
        "200508": "30.24",
        "200509": "27.42",
        "200510": "25.69",
        "200511": "26.09",
        "200512": "29.69",
        "200601": "30.65",
        "200602": "27.41",
        "200603": "27.26",
        "200604": "30.65",
        "200605": "28.19",
        "200606": "24.01",
        "200607": "24.79",
        "200608": "24.33",
        "200609": "22.91",
        "200610": "23.45",
        "200611": "23.14",
        "200612": "23.78",
        "200701": "23.95",
        "200702": "22.82",
        "200703": "22.60",
        "200704": "23.51",
        "200705": "25.48",
        "200706": "24.89",
        "200707": "24.72",
        "200708": "20.22",
        "200709": "21.06",
        "200710": "21.38",
        "200711": "19.36",
        "200712": "18.14",
        "200801": "16.81",
        "200802": "16.62",
        "200803": "18.75",
        "200804": "19.60",
        "200805": "20.63",
        "200806": "19.77",
        "200807": "17.09",
        "200808": "17.93",
        "200809": "15.95",
        "200810": "13.97",
        "200811": "13.48",
        "200812": "12.76",
        "200901": "13.03",
        "200902": "13.98",
        "200903": "15.51",
        "200904": "18.53",
        "200905": "19.65",
        "200906": "19.12",
        "200907": "20.19",
        "200908": "19.35",
        "200909": "20.96",
        "200910": "22.95",
        "200911": "22.47",
        "200912": "23.05",
        "201001": "24.89",
        "201002": "22.91",
        "201003": "24.47",
        "201004": "29.84",
        "201005": "31.74",
        "201006": "32.11",
        "201007": "32.97",
        "201008": "32.18",
        "201009": "34.01",
        "201010": "42.22",
        "201011": "38.26",
        "201012": "41.78",
        "201101": "39.05",
        "201102": "37.84",
        "201103": "36.16",
        "201104": "36.84",
        "201105": "36.01",
        "201106": "34.60",
        "201107": "34.58",
        "201108": "25.82",
        "201109": "23.93",
        "201110": "23.42",
        "201111": "22.68",
        "201112": "20.30",
        "201201": "20.79",
        "201202": "25.01",
        "201203": "26.92",
        "201204": "25.42",
        "201205": "23.22",
        "201206": "22.19",
        "201207": "23.02",
        "201208": "23.40",
        "201209": "25.53",
        "201210": "24.27",
        "201211": "20.93",
        "201212": "21.30",
        "201301": "20.66",
        "201302": "19.47",
        "201303": "19.26",
        "201304": "20.23",
        "201305": "20.92",
        "201306": "22.18",
        "201307": "21.88",
        "201308": "21.23",
        "201309": "21.69",
        "201310": "21.00",
        "201311": "20.82",
        "201312": "21.85",
        "201401": "22.39",
        "201402": "22.44",
        "201403": "26.31",
        "201404": "27.85",
        "201405": "28.75",
        "201406": "31.08",
        "201407": "31.47",
        "201408": "31.15",
        "201409": "30.89",
        "201410": "29.08",
        "201411": "28.30",
        "201412": "31.10",
        "201501": "30.53",
        "201502": "31.19",
        "201503": "32.22",
        "201504": "33.41",
        "201505": "32.41",
        "201506": "31.51",
        "201507": "29.62",
        "201508": "23.17",
        "201509": "23.11",
        "201510": "24.35",
        "201511": "24.96",
        "201512": "25.01",
        "201601": "25.03",
        "201602": "26.68",
        "201603": "29.38",
        "201604": "30.40",
        "201605": "28.38",
        "201606": "28.91",
        "201607": "28.02",
        "201608": "25.97",
        "201609": "25.93",
        "201610": "25.62",
        "201611": "24.35",
        "201612": "24.32",
        "201701": "24.94",
        "201702": "25.85",
        "201703": "26.30",
        "201704": "25.64",
        "201705": "25.56",
        "201706": "25.57",
        "201707": "25.49",
        "201708": "23.65",
        "201709": "22.31",
        "201710": "21.43",
        "201711": "21.66",
        "201712": "20.55",
        "201801": "20.42",
        "201802": "20.03",
        "201803": "20.48",
        "201804": "20.85",
        "201805": "20.24",
        "201806": "20.16",
        "201807": "20.15",
        "201808": "19.40",
        "201809": "18.52",
        "201810": "17.08",
        "201811": "16.90",
        "201812": "17.30",
        "201901": "17.07",
        "201902": "18.53",
        "201903": "18.67",
        "201904": "18.76",
        "201905": "18.72",
        "201906": "18.90",
        "201907": "19.81",
        "201908": "17.77",
        "201909": "18.51",
        "201910": "18.82",
        "201911": "20.11",
        "201912": "20.80",
        "202001": "20.49",
        "202002": "19.55",
        "202003": "17.72",
        "202004": "18.39",
        "202005": "20.00",
        "202006": "20.56",
        "202007": "20.20",
        "202008": "19.92",
        "202009": "20.04",
        "202010": "19.78",
        "202011": "21.57",
        "202012": "23.30",
        "202101": "22.60",
        "202102": "23.45",
        "202103": "26.28",
        "202104": "28.96",
        "202105": "28.00",
        "202106": "28.51",
        "202107": "30.29",
        "202108": "30.41",
        "202109": "29.73",
        "202110": "29.01",
        "202111": "29.62",
        "202112": "28.99",
        "202201": "28.83",
        "202202": "31.06",
        "202203": "35.94",
        "202204": "38.28",
        "202205": "39.09",
        "202206": "39.07",
        "202207": "35.75",
        "202208": "37.61",
        "202209": "35.68",
        "202210": "31.91",
        "202211": "33.76",
        "202212": "35.65",
        "202301": "37.38",
        "202302": "41.09",
        "202303": "41.59",
        "202304": "41.84",
        "202305": "41.66",
        "202306": "41.57",
        "202307": "39.94",
        "202308": "34.48",
        "202309": "35.59",
        "202310": "34.03",
        "202311": "35.69",
        "202312": "36.28"
    },
    "quarters": {
        "20011": {
            "year_quarter": 20011,
            "year": 2001,
            "quarter": 1,
            "eps": null,
            "eps_growth_year": null,
            "eps_4q": null,
            "eps_4q_growth_year": null,
            "roe": null,
            "roe_4q": 0,
            "gross_profit": null,
            "gross_margin": null,
            "gross_margin_4q_avg": 0,
            "net_income": null,
            "net_income_4q": null,
            "revenue": null,
            "revenue_4q": null,
            "common_shares": null,
            "book_valuer_per_share": null,
            "book_valuer_per_share_4q_avg": 0,
            "equity": null,
            "current_ratio": null,
            "debt_ratio": null,
            "inventory_turnover_ratio": null,
            "account_receivable_turnover_ratio": null,
            "reinvestment_rate": null,
            "research_to_sale_ratio": null,
            "price_fair": 0,
            "eps_avg_yearly": 0,
            "eps_latest_yearly": 0,
            "eps_growth_yearly": 0
        },
        "20012": {
            "year_quarter": 20012,
            "year": 2001,
            "quarter": 2,
            "eps": null,
            "eps_growth_year": null,
            "eps_4q": null,
            "eps_4q_growth_year": null,
            "roe": null,
            "roe_4q": 0,
            "gross_profit": null,
            "gross_margin": null,
            "gross_margin_4q_avg": 0,
            "net_income": null,
            "net_income_4q": null,
            "revenue": null,
            "revenue_4q": null,
            "common_shares": null,
            "book_valuer_per_share": null,
            "book_valuer_per_share_4q_avg": 0,
            "equity": null,
            "current_ratio": null,
            "debt_ratio": null,
            "inventory_turnover_ratio": null,
            "account_receivable_turnover_ratio": null,
            "reinvestment_rate": null,
            "research_to_sale_ratio": null,
            "price_fair": 0,
            "eps_avg_yearly": 0,
            "eps_latest_yearly": 0,
            "eps_growth_yearly": 0
        },
        "20013": {
            "year_quarter": 20013,
            "year": 2001,
            "quarter": 3,
            "eps": null,
            "eps_growth_year": null,
            "eps_4q": null,
            "eps_4q_growth_year": null,
            "roe": null,
            "roe_4q": 0,
            "gross_profit": null,
            "gross_margin": null,
            "gross_margin_4q_avg": 0,
            "net_income": null,
            "net_income_4q": null,
            "revenue": null,
            "revenue_4q": null,
            "common_shares": null,
            "book_valuer_per_share": null,
            "book_valuer_per_share_4q_avg": 0,
            "equity": null,
            "current_ratio": null,
            "debt_ratio": null,
            "inventory_turnover_ratio": null,
            "account_receivable_turnover_ratio": null,
            "reinvestment_rate": null,
            "research_to_sale_ratio": null,
            "price_fair": 0,
            "eps_avg_yearly": 0,
            "eps_latest_yearly": 0,
            "eps_growth_yearly": 0
        },
        "20014": {
            "year_quarter": 20014,
            "year": 2001,
            "quarter": 4,
            "eps": null,
            "eps_growth_year": null,
            "eps_4q": null,
            "eps_4q_growth_year": null,
            "roe": null,
            "roe_4q": 0,
            "gross_profit": null,
            "gross_margin": null,
            "gross_margin_4q_avg": 0,
            "net_income": null,
            "net_income_4q": null,
            "revenue": null,
            "revenue_4q": null,
            "common_shares": 222600,
            "book_valuer_per_share": 12.08,
            "book_valuer_per_share_4q_avg": 3.02,
            "equity": 270567,
            "current_ratio": 253.52,
            "debt_ratio": 46.91,
            "inventory_turnover_ratio": null,
            "account_receivable_turnover_ratio": null,
            "reinvestment_rate": null,
            "research_to_sale_ratio": null,
            "price_fair": 0,
            "eps_avg_yearly": 0,
            "eps_latest_yearly": 0,
            "eps_growth_yearly": 0
        },
        "20021": {
            "year_quarter": 20021,
            "year": 2002,
            "quarter": 1,
            "eps": null,
            "eps_growth_year": null,
            "eps_4q": null,
            "eps_4q_growth_year": null,
            "roe": null,
            "roe_4q": 0,
            "gross_profit": null,
            "gross_margin": null,
            "gross_margin_4q_avg": 0,
            "net_income": null,
            "net_income_4q": null,
            "revenue": null,
            "revenue_4q": null,
            "common_shares": null,
            "book_valuer_per_share": null,
            "book_valuer_per_share_4q_avg": 3.02,
            "equity": null,
            "current_ratio": null,
            "debt_ratio": null,
            "inventory_turnover_ratio": null,
            "account_receivable_turnover_ratio": null,
            "reinvestment_rate": null,
            "research_to_sale_ratio": null,
            "price_fair": 0,
            "eps_avg_yearly": 0,
            "eps_latest_yearly": 0,
            "eps_growth_yearly": 0
        },
        "20022": {
            "year_quarter": 20022,
            "year": 2002,
            "quarter": 2,
            "eps": null,
            "eps_growth_year": null,
            "eps_4q": null,
            "eps_4q_growth_year": null,
            "roe": null,
            "roe_4q": 0,
            "gross_profit": null,
            "gross_margin": null,
            "gross_margin_4q_avg": 0,
            "net_income": null,
            "net_income_4q": null,
            "revenue": null,
            "revenue_4q": null,
            "common_shares": null,
            "book_valuer_per_share": null,
            "book_valuer_per_share_4q_avg": 3.02,
            "equity": null,
            "current_ratio": null,
            "debt_ratio": null,
            "inventory_turnover_ratio": null,
            "account_receivable_turnover_ratio": null,
            "reinvestment_rate": null,
            "research_to_sale_ratio": null,
            "price_fair": 0,
            "eps_avg_yearly": 0,
            "eps_latest_yearly": 0,
            "eps_growth_yearly": 0
        },
        "20023": {
            "year_quarter": 20023,
            "year": 2002,
            "quarter": 3,
            "eps": null,
            "eps_growth_year": null,
            "eps_4q": null,
            "eps_4q_growth_year": null,
            "roe": null,
            "roe_4q": 0,
            "gross_profit": null,
            "gross_margin": null,
            "gross_margin_4q_avg": 0,
            "net_income": null,
            "net_income_4q": null,
            "revenue": null,
            "revenue_4q": null,
            "common_shares": null,
            "book_valuer_per_share": null,
            "book_valuer_per_share_4q_avg": 3.02,
            "equity": null,
            "current_ratio": null,
            "debt_ratio": null,
            "inventory_turnover_ratio": null,
            "account_receivable_turnover_ratio": null,
            "reinvestment_rate": null,
            "research_to_sale_ratio": null,
            "price_fair": 0,
            "eps_avg_yearly": 0,
            "eps_latest_yearly": 0,
            "eps_growth_yearly": 0
        },
        "20024": {
            "year_quarter": 20024,
            "year": 2002,
            "quarter": 4,
            "eps": null,
            "eps_growth_year": null,
            "eps_4q": null,
            "eps_4q_growth_year": null,
            "roe": null,
            "roe_4q": 0,
            "gross_profit": null,
            "gross_margin": null,
            "gross_margin_4q_avg": 0,
            "net_income": null,
            "net_income_4q": null,
            "revenue": null,
            "revenue_4q": null,
            "common_shares": 260000,
            "book_valuer_per_share": 14.76,
            "book_valuer_per_share_4q_avg": 3.69,
            "equity": 387670,
            "current_ratio": 222.13,
            "debt_ratio": 46.73,
            "inventory_turnover_ratio": null,
            "account_receivable_turnover_ratio": null,
            "reinvestment_rate": null,
            "research_to_sale_ratio": null,
            "price_fair": 0,
            "eps_avg_yearly": 0,
            "eps_latest_yearly": 0,
            "eps_growth_yearly": 0
        },
        "20031": {
            "year_quarter": 20031,
            "year": 2003,
            "quarter": 1,
            "eps": 0.45,
            "eps_growth_year": null,
            "eps_4q": null,
            "eps_4q_growth_year": null,
            "roe": 3.48,
            "roe_4q": 3.48,
            "gross_profit": 38759,
            "gross_margin": 13.42,
            "gross_margin_4q_avg": 3.36,
            "net_income": 13654,
            "net_income_4q": null,
            "revenue": 288837,
            "revenue_4q": null,
            "common_shares": 260000,
            "book_valuer_per_share": 15.28,
            "book_valuer_per_share_4q_avg": 7.51,
            "equity": 397296,
            "current_ratio": 208.58,
            "debt_ratio": 45.85,
            "inventory_turnover_ratio": 1.66,
            "account_receivable_turnover_ratio": null,
            "reinvestment_rate": null,
            "research_to_sale_ratio": null,
            "price_fair": 0,
            "eps_avg_yearly": 0,
            "eps_latest_yearly": 0,
            "eps_growth_yearly": 0
        },
        "20032": {
            "year_quarter": 20032,
            "year": 2003,
            "quarter": 2,
            "eps": 0.62,
            "eps_growth_year": null,
            "eps_4q": null,
            "eps_4q_growth_year": null,
            "roe": 3.96,
            "roe_4q": 7.4399999999999995,
            "gross_profit": 47833,
            "gross_margin": 13.36,
            "gross_margin_4q_avg": 6.7,
            "net_income": 16002,
            "net_income_4q": null,
            "revenue": 358037,
            "revenue_4q": null,
            "common_shares": 260000,
            "book_valuer_per_share": 15.77,
            "book_valuer_per_share_4q_avg": 11.45,
            "equity": 409894,
            "current_ratio": 266.9,
            "debt_ratio": 37.89,
            "inventory_turnover_ratio": 2.17,
            "account_receivable_turnover_ratio": null,
            "reinvestment_rate": null,
            "research_to_sale_ratio": null,
            "price_fair": 86.8,
            "eps_avg_yearly": 2.48,
            "eps_latest_yearly": 2.48,
            "eps_growth_yearly": 151.11
        },
        "20033": {
            "year_quarter": 20033,
            "year": 2003,
            "quarter": 3,
            "eps": 0.64,
            "eps_growth_year": null,
            "eps_4q": null,
            "eps_4q_growth_year": null,
            "roe": 4.62,
            "roe_4q": 12.06,
            "gross_profit": 48330,
            "gross_margin": 12.88,
            "gross_margin_4q_avg": 9.92,
            "net_income": 19392,
            "net_income_4q": null,
            "revenue": 375095,
            "revenue_4q": null,
            "common_shares": 300760,
            "book_valuer_per_share": 14.26,
            "book_valuer_per_share_4q_avg": 15.02,
            "equity": 428910,
            "current_ratio": 207.86,
            "debt_ratio": 44.72,
            "inventory_turnover_ratio": 2.27,
            "account_receivable_turnover_ratio": null,
            "reinvestment_rate": null,
            "research_to_sale_ratio": null,
            "price_fair": 88.2,
            "eps_avg_yearly": 2.52,
            "eps_latest_yearly": 2.56,
            "eps_growth_yearly": 82.01
        },
        "20034": {
            "year_quarter": 20034,
            "year": 2003,
            "quarter": 4,
            "eps": 0.53,
            "eps_growth_year": null,
            "eps_4q": 2.16,
            "eps_4q_growth_year": null,
            "roe": 3.64,
            "roe_4q": 15.7,
            "gross_profit": 41975,
            "gross_margin": 10.27,
            "gross_margin_4q_avg": 12.48,
            "net_income": 15995,
            "net_income_4q": null,
            "revenue": 408613,
            "revenue_4q": null,
            "common_shares": 300760,
            "book_valuer_per_share": 14.8,
            "book_valuer_per_share_4q_avg": 15.03,
            "equity": 448760,
            "current_ratio": 216.15,
            "debt_ratio": 46.05,
            "inventory_turnover_ratio": 1.95,
            "account_receivable_turnover_ratio": null,
            "reinvestment_rate": null,
            "research_to_sale_ratio": null,
            "price_fair": 83.53,
            "eps_avg_yearly": 2.39,
            "eps_latest_yearly": 2.12,
            "eps_growth_yearly": 31.75
        },
        "20041": {
            "year_quarter": 20041,
            "year": 2004,
            "quarter": 1,
            "eps": 0.52,
            "eps_growth_year": 15.56,
            "eps_4q": 2.23,
            "eps_4q_growth_year": null,
            "roe": 3.44,
            "roe_4q": 15.66,
            "gross_profit": 49824,
            "gross_margin": 9.36,
            "gross_margin_4q_avg": 11.47,
            "net_income": 15643,
            "net_income_4q": null,
            "revenue": 532144,
            "revenue_4q": null,
            "common_shares": 300760,
            "book_valuer_per_share": 15.3,
            "book_valuer_per_share_4q_avg": 15.03,
            "equity": 460122,
            "current_ratio": 170.84,
            "debt_ratio": 52.43,
            "inventory_turnover_ratio": 2.32,
            "account_receivable_turnover_ratio": null,
            "reinvestment_rate": null,
            "research_to_sale_ratio": null,
            "price_fair": 73.76,
            "eps_avg_yearly": 2.31,
            "eps_latest_yearly": 2.08,
            "eps_growth_yearly": 21.93
        },
        "20042": {
            "year_quarter": 20042,
            "year": 2004,
            "quarter": 2,
            "eps": 0.95,
            "eps_growth_year": 53.23,
            "eps_4q": 2.64,
            "eps_4q_growth_year": null,
            "roe": 6.24,
            "roe_4q": 17.94,
            "gross_profit": 59659,
            "gross_margin": 10.45,
            "gross_margin_4q_avg": 10.74,
            "net_income": 28678,
            "net_income_4q": null,
            "revenue": 570907,
            "revenue_4q": null,
            "common_shares": 300760,
            "book_valuer_per_share": 15.28,
            "book_valuer_per_share_4q_avg": 14.91,
            "equity": 459502,
            "current_ratio": 196.74,
            "debt_ratio": 53.69,
            "inventory_turnover_ratio": 2.58,
            "account_receivable_turnover_ratio": null,
            "reinvestment_rate": null,
            "research_to_sale_ratio": null,
            "price_fair": 91.28,
            "eps_avg_yearly": 2.61,
            "eps_latest_yearly": 3.8,
            "eps_growth_yearly": 83.7
        },
        "20043": {
            "year_quarter": 20043,
            "year": 2004,
            "quarter": 3,
            "eps": 0.81,
            "eps_growth_year": 26.56,
            "eps_4q": 2.61,
            "eps_4q_growth_year": null,
            "roe": 5.72,
            "roe_4q": 19.04,
            "gross_profit": 68709,
            "gross_margin": 9.11,
            "gross_margin_4q_avg": 9.8,
            "net_income": 27069,
            "net_income_4q": null,
            "revenue": 753906,
            "revenue_4q": null,
            "common_shares": 333756,
            "book_valuer_per_share": 14.59,
            "book_valuer_per_share_4q_avg": 14.99,
            "equity": 486925,
            "current_ratio": 182.43,
            "debt_ratio": 56.27,
            "inventory_turnover_ratio": 2.95,
            "account_receivable_turnover_ratio": null,
            "reinvestment_rate": null,
            "research_to_sale_ratio": null,
            "price_fair": 94.97,
            "eps_avg_yearly": 2.71,
            "eps_latest_yearly": 3.24,
            "eps_growth_yearly": 59.92
        },
        "20044": {
            "year_quarter": 20044,
            "year": 2004,
            "quarter": 4,
            "eps": 0.57,
            "eps_growth_year": 7.55,
            "eps_4q": 2.72,
            "eps_4q_growth_year": 26.02,
            "roe": 3.82,
            "roe_4q": 19.22,
            "gross_profit": 64706,
            "gross_margin": 8.59,
            "gross_margin_4q_avg": 9.38,
            "net_income": 18961,
            "net_income_4q": null,
            "revenue": 753618,
            "revenue_4q": null,
            "common_shares": 333756,
            "book_valuer_per_share": 15.08,
            "book_valuer_per_share_4q_avg": 15.06,
            "equity": 506100,
            "current_ratio": 183.33,
            "debt_ratio": 55.49,
            "inventory_turnover_ratio": 2.12,
            "account_receivable_turnover_ratio": null,
            "reinvestment_rate": null,
            "research_to_sale_ratio": null,
            "price_fair": 92.8,
            "eps_avg_yearly": 2.65,
            "eps_latest_yearly": 2.28,
            "eps_growth_yearly": 34.43
        },
        "20051": {
            "year_quarter": 20051,
            "year": 2005,
            "quarter": 1,
            "eps": 1,
            "eps_growth_year": 92.31,
            "eps_4q": 3.13,
            "eps_4q_growth_year": 40.51,
            "roe": 6.11,
            "roe_4q": 21.89,
            "gross_profit": 74026,
            "gross_margin": 7.18,
            "gross_margin_4q_avg": 8.83,
            "net_income": 35058,
            "net_income_4q": null,
            "revenue": 1031278,
            "revenue_4q": null,
            "common_shares": 382084,
            "book_valuer_per_share": 16.8,
            "book_valuer_per_share_4q_avg": 15.44,
            "equity": 642025,
            "current_ratio": 172.41,
            "debt_ratio": 47.67,
            "inventory_turnover_ratio": 3.01,
            "account_receivable_turnover_ratio": null,
            "reinvestment_rate": null,
            "research_to_sale_ratio": null,
            "price_fair": 98.7,
            "eps_avg_yearly": 2.82,
            "eps_latest_yearly": 4,
            "eps_growth_yearly": 67.85
        },
        "20052": {
            "year_quarter": 20052,
            "year": 2005,
            "quarter": 2,
            "eps": 0.73,
            "eps_growth_year": -23.16,
            "eps_4q": 2.95,
            "eps_4q_growth_year": 11.86,
            "roe": 4.22,
            "roe_4q": 19.87,
            "gross_profit": 66348,
            "gross_margin": 7.74,
            "gross_margin_4q_avg": 8.16,
            "net_income": 26622,
            "net_income_4q": null,
            "revenue": 856956,
            "revenue_4q": null,
            "common_shares": 382312,
            "book_valuer_per_share": 16.23,
            "book_valuer_per_share_4q_avg": 15.68,
            "equity": 620350,
            "current_ratio": 152.96,
            "debt_ratio": 52.33,
            "inventory_turnover_ratio": 2.91,
            "account_receivable_turnover_ratio": null,
            "reinvestment_rate": null,
            "research_to_sale_ratio": null,
            "price_fair": 99.09,
            "eps_avg_yearly": 2.83,
            "eps_latest_yearly": 2.92,
            "eps_growth_yearly": 48.31
        },
        "20053": {
            "year_quarter": 20053,
            "year": 2005,
            "quarter": 3,
            "eps": 0.8,
            "eps_growth_year": -1.23,
            "eps_4q": 2.73,
            "eps_4q_growth_year": 4.5,
            "roe": 5.13,
            "roe_4q": 19.28,
            "gross_profit": 75042,
            "gross_margin": 8.27,
            "gross_margin_4q_avg": 7.95,
            "net_income": 33384,
            "net_income_4q": null,
            "revenue": 907902,
            "revenue_4q": null,
            "common_shares": 429683,
            "book_valuer_per_share": 15.82,
            "book_valuer_per_share_4q_avg": 15.98,
            "equity": 679944,
            "current_ratio": 171.19,
            "debt_ratio": 46.42,
            "inventory_turnover_ratio": 3.28,
            "account_receivable_turnover_ratio": null,
            "reinvestment_rate": null,
            "research_to_sale_ratio": null,
            "price_fair": 100.38,
            "eps_avg_yearly": 2.87,
            "eps_latest_yearly": 3.2,
            "eps_growth_yearly": 47.31
        },
        "20054": {
            "year_quarter": 20054,
            "year": 2005,
            "quarter": 4,
            "eps": 0.76,
            "eps_growth_year": 33.33,
            "eps_4q": 3.01,
            "eps_4q_growth_year": 10.9,
            "roe": 4.57,
            "roe_4q": 20.029999999999998,
            "gross_profit": 81475,
            "gross_margin": 6.8,
            "gross_margin_4q_avg": 7.5,
            "net_income": 32078,
            "net_income_4q": null,
            "revenue": 1198310,
            "revenue_4q": null,
            "common_shares": 430333,
            "book_valuer_per_share": 16.58,
            "book_valuer_per_share_4q_avg": 16.36,
            "equity": 725364,
            "current_ratio": 179.81,
            "debt_ratio": 49.79,
            "inventory_turnover_ratio": 3.69,
            "account_receivable_turnover_ratio": null,
            "reinvestment_rate": null,
            "research_to_sale_ratio": null,
            "price_fair": 100.93,
            "eps_avg_yearly": 2.88,
            "eps_latest_yearly": 3.04,
            "eps_growth_yearly": 41.19
        },
        "20061": {
            "year_quarter": 20061,
            "year": 2006,
            "quarter": 1,
            "eps": 0.44,
            "eps_growth_year": -56,
            "eps_4q": 2.58,
            "eps_4q_growth_year": -17.51,
            "roe": 2.59,
            "roe_4q": 16.509999999999998,
            "gross_profit": 74129,
            "gross_margin": 5.02,
            "gross_margin_4q_avg": 6.96,
            "net_income": 18909,
            "net_income_4q": null,
            "revenue": 1476994,
            "revenue_4q": null,
            "common_shares": 433923,
            "book_valuer_per_share": 16.98,
            "book_valuer_per_share_4q_avg": 16.4,
            "equity": 736657,
            "current_ratio": 156.64,
            "debt_ratio": 52.65,
            "inventory_turnover_ratio": 4.24,
            "account_receivable_turnover_ratio": null,
            "reinvestment_rate": null,
            "research_to_sale_ratio": null,
            "price_fair": 94.1,
            "eps_avg_yearly": 2.79,
            "eps_latest_yearly": 1.76,
            "eps_growth_yearly": 23.73
        },
        "20062": {
            "year_quarter": 20062,
            "year": 2006,
            "quarter": 2,
            "eps": 1.03,
            "eps_growth_year": 41.1,
            "eps_4q": 2.97,
            "eps_4q_growth_year": 0.6,
            "roe": 6.14,
            "roe_4q": 18.43,
            "gross_profit": 95918,
            "gross_margin": 5.19,
            "gross_margin_4q_avg": 6.32,
            "net_income": 44767,
            "net_income_4q": null,
            "revenue": 1847329,
            "revenue_4q": null,
            "common_shares": 433923,
            "book_valuer_per_share": 16.63,
            "book_valuer_per_share_4q_avg": 16.5,
            "equity": 721584,
            "current_ratio": 135.59,
            "debt_ratio": 63.17,
            "inventory_turnover_ratio": 6.47,
            "account_receivable_turnover_ratio": null,
            "reinvestment_rate": null,
            "research_to_sale_ratio": null,
            "price_fair": 101.23,
            "eps_avg_yearly": 2.89,
            "eps_latest_yearly": 4.12,
            "eps_growth_yearly": 63.16
        },
        "20063": {
            "year_quarter": 20063,
            "year": 2006,
            "quarter": 3,
            "eps": 0.56,
            "eps_growth_year": -30,
            "eps_4q": 2.47,
            "eps_4q_growth_year": -9.64,
            "roe": 3.81,
            "roe_4q": 17.11,
            "gross_profit": 76780,
            "gross_margin": 6.27,
            "gross_margin_4q_avg": 5.82,
            "net_income": 28089,
            "net_income_4q": null,
            "revenue": 1224751,
            "revenue_4q": null,
            "common_shares": 504972,
            "book_valuer_per_share": 14.95,
            "book_valuer_per_share_4q_avg": 16.29,
            "equity": 754732,
            "current_ratio": 153.97,
            "debt_ratio": 52.29,
            "inventory_turnover_ratio": 4.67,
            "account_receivable_turnover_ratio": null,
            "reinvestment_rate": null,
            "research_to_sale_ratio": null,
            "price_fair": 99.6,
            "eps_avg_yearly": 2.85,
            "eps_latest_yearly": 2.24,
            "eps_growth_yearly": 45.61
        },
        "20064": {
            "year_quarter": 20064,
            "year": 2006,
            "quarter": 4,
            "eps": 0.32,
            "eps_growth_year": -57.89,
            "eps_4q": 2.15,
            "eps_4q_growth_year": -28.76,
            "roe": 2.08,
            "roe_4q": 14.620000000000001,
            "gross_profit": 65453,
            "gross_margin": 6.76,
            "gross_margin_4q_avg": 5.81,
            "net_income": 16083,
            "net_income_4q": null,
            "revenue": 968272,
            "revenue_4q": null,
            "common_shares": 504972,
            "book_valuer_per_share": 15.28,
            "book_valuer_per_share_4q_avg": 15.96,
            "equity": 788485,
            "current_ratio": 176.01,
            "debt_ratio": 51.73,
            "inventory_turnover_ratio": 3.04,
            "account_receivable_turnover_ratio": null,
            "reinvestment_rate": 2,
            "research_to_sale_ratio": null,
            "price_fair": 95.95,
            "eps_avg_yearly": 2.74,
            "eps_latest_yearly": 1.28,
            "eps_growth_yearly": 31.14
        },
        "20071": {
            "year_quarter": 20071,
            "year": 2007,
            "quarter": 1,
            "eps": 0.26,
            "eps_growth_year": -40.91,
            "eps_4q": 2,
            "eps_4q_growth_year": -22.71,
            "roe": 1.69,
            "roe_4q": 13.719999999999999,
            "gross_profit": 66897,
            "gross_margin": 7.05,
            "gross_margin_4q_avg": 6.32,
            "net_income": 13319,
            "net_income_4q": null,
            "revenue": 949226,
            "revenue_4q": null,
            "common_shares": 508522,
            "book_valuer_per_share": 15.52,
            "book_valuer_per_share_4q_avg": 15.6,
            "equity": 789479,
            "current_ratio": 166.58,
            "debt_ratio": 48.12,
            "inventory_turnover_ratio": 2.83,
            "account_receivable_turnover_ratio": null,
            "reinvestment_rate": 0.97,
            "research_to_sale_ratio": null,
            "price_fair": 90.93,
            "eps_avg_yearly": 2.64,
            "eps_latest_yearly": 1.04,
            "eps_growth_yearly": 24.51
        },
        "20072": {
            "year_quarter": 20072,
            "year": 2007,
            "quarter": 2,
            "eps": 0.56,
            "eps_growth_year": -45.63,
            "eps_4q": 1.6,
            "eps_4q_growth_year": -46.14,
            "roe": 3.96,
            "roe_4q": 11.540000000000001,
            "gross_profit": 77258,
            "gross_margin": 6.24,
            "gross_margin_4q_avg": 6.58,
            "net_income": 30944,
            "net_income_4q": null,
            "revenue": 1237892,
            "revenue_4q": null,
            "common_shares": 508522,
            "book_valuer_per_share": 15.2,
            "book_valuer_per_share_4q_avg": 15.24,
            "equity": 772763,
            "current_ratio": 148.82,
            "debt_ratio": 54.98,
            "inventory_turnover_ratio": 4.84,
            "account_receivable_turnover_ratio": null,
            "reinvestment_rate": -1.8,
            "research_to_sale_ratio": null,
            "price_fair": 91.7,
            "eps_avg_yearly": 2.62,
            "eps_latest_yearly": 2.24,
            "eps_growth_yearly": 43.91
        },
        "20073": {
            "year_quarter": 20073,
            "year": 2007,
            "quarter": 3,
            "eps": 0.71,
            "eps_growth_year": 26.79,
            "eps_4q": 1.8,
            "eps_4q_growth_year": -27.07,
            "roe": 4.96,
            "roe_4q": 12.69,
            "gross_profit": 93350,
            "gross_margin": 5.78,
            "gross_margin_4q_avg": 6.46,
            "net_income": 39285,
            "net_income_4q": null,
            "revenue": 1615593,
            "revenue_4q": null,
            "common_shares": 558574,
            "book_valuer_per_share": 14.54,
            "book_valuer_per_share_4q_avg": 15.14,
            "equity": 811978,
            "current_ratio": 144.21,
            "debt_ratio": 56.94,
            "inventory_turnover_ratio": 7.09,
            "account_receivable_turnover_ratio": null,
            "reinvestment_rate": -2.36,
            "research_to_sale_ratio": null,
            "price_fair": 92.31,
            "eps_avg_yearly": 2.64,
            "eps_latest_yearly": 2.84,
            "eps_growth_yearly": 49.8
        },
        "20074": {
            "year_quarter": 20074,
            "year": 2007,
            "quarter": 4,
            "eps": 0.66,
            "eps_growth_year": 106.25,
            "eps_4q": 2.16,
            "eps_4q_growth_year": 0.64,
            "roe": 4.3,
            "roe_4q": 14.909999999999998,
            "gross_profit": 83270,
            "gross_margin": 5.73,
            "gross_margin_4q_avg": 6.2,
            "net_income": 36773,
            "net_income_4q": null,
            "revenue": 1453351,
            "revenue_4q": null,
            "common_shares": 558574,
            "book_valuer_per_share": 15.16,
            "book_valuer_per_share_4q_avg": 15.11,
            "equity": 899738,
            "current_ratio": 168.67,
            "debt_ratio": 55.38,
            "inventory_turnover_ratio": 4.37,
            "account_receivable_turnover_ratio": null,
            "reinvestment_rate": 8,
            "research_to_sale_ratio": null,
            "price_fair": 93.45,
            "eps_avg_yearly": 2.67,
            "eps_latest_yearly": 2.64,
            "eps_growth_yearly": 52.34
        },
        "20081": {
            "year_quarter": 20081,
            "year": 2008,
            "quarter": 1,
            "eps": 0.52,
            "eps_growth_year": 100,
            "eps_4q": 2.42,
            "eps_4q_growth_year": 20.99,
            "roe": 3.22,
            "roe_4q": 16.44,
            "gross_profit": 134066,
            "gross_margin": 7.65,
            "gross_margin_4q_avg": 6.35,
            "net_income": 29286,
            "net_income_4q": null,
            "revenue": 1752773,
            "revenue_4q": null,
            "common_shares": 558574,
            "book_valuer_per_share": 15.55,
            "book_valuer_per_share_4q_avg": 15.11,
            "equity": 921978,
            "current_ratio": 170.34,
            "debt_ratio": 55.16,
            "inventory_turnover_ratio": 4.01,
            "account_receivable_turnover_ratio": null,
            "reinvestment_rate": 7.91,
            "research_to_sale_ratio": null,
            "price_fair": 93.45,
            "eps_avg_yearly": 2.67,
            "eps_latest_yearly": 2.08,
            "eps_growth_yearly": 47.5
        },
        "20082": {
            "year_quarter": 20082,
            "year": 2008,
            "quarter": 2,
            "eps": 0.64,
            "eps_growth_year": 14.29,
            "eps_4q": 2.34,
            "eps_4q_growth_year": 45.97,
            "roe": 4.33,
            "roe_4q": 16.810000000000002,
            "gross_profit": 142558,
            "gross_margin": 7.48,
            "gross_margin_4q_avg": 6.66,
            "net_income": 39518,
            "net_income_4q": null,
            "revenue": 1904774,
            "revenue_4q": null,
            "common_shares": 558574,
            "book_valuer_per_share": 15.2,
            "book_valuer_per_share_4q_avg": 15.11,
            "equity": 903768,
            "current_ratio": 157.87,
            "debt_ratio": 59.71,
            "inventory_turnover_ratio": 4.35,
            "account_receivable_turnover_ratio": null,
            "reinvestment_rate": 7.88,
            "research_to_sale_ratio": null,
            "price_fair": 90.74,
            "eps_avg_yearly": 2.59,
            "eps_latest_yearly": 2.56,
            "eps_growth_yearly": 32.6
        },
        "20083": {
            "year_quarter": 20083,
            "year": 2008,
            "quarter": 3,
            "eps": 0.85,
            "eps_growth_year": 19.72,
            "eps_4q": 2.4,
            "eps_4q_growth_year": 33.37,
            "roe": 5.96,
            "roe_4q": 17.81,
            "gross_profit": 191626,
            "gross_margin": 8.72,
            "gross_margin_4q_avg": 7.4,
            "net_income": 55548,
            "net_income_4q": null,
            "revenue": 2198461,
            "revenue_4q": null,
            "common_shares": 611310,
            "book_valuer_per_share": 14.85,
            "book_valuer_per_share_4q_avg": 15.19,
            "equity": 959688,
            "current_ratio": 142.93,
            "debt_ratio": 67.13,
            "inventory_turnover_ratio": 3.81,
            "account_receivable_turnover_ratio": null,
            "reinvestment_rate": -0.95,
            "research_to_sale_ratio": null,
            "price_fair": 91.09,
            "eps_avg_yearly": 2.6,
            "eps_latest_yearly": 3.4,
            "eps_growth_yearly": 44.49
        },
        "20084": {
            "year_quarter": 20084,
            "year": 2008,
            "quarter": 4,
            "eps": 0.36,
            "eps_growth_year": -45.45,
            "eps_4q": 2.02,
            "eps_4q_growth_year": -6.39,
            "roe": 2.59,
            "roe_4q": 16.1,
            "gross_profit": 146019,
            "gross_margin": 7.09,
            "gross_margin_4q_avg": 7.74,
            "net_income": 25358,
            "net_income_4q": null,
            "revenue": 2059102,
            "revenue_4q": null,
            "common_shares": 611310,
            "book_valuer_per_share": 15.31,
            "book_valuer_per_share_4q_avg": 15.23,
            "equity": 999783,
            "current_ratio": 155.06,
            "debt_ratio": 61.5,
            "inventory_turnover_ratio": 2.64,
            "account_receivable_turnover_ratio": 3.18,
            "reinvestment_rate": -0.75,
            "research_to_sale_ratio": null,
            "price_fair": 89.25,
            "eps_avg_yearly": 2.55,
            "eps_latest_yearly": 1.44,
            "eps_growth_yearly": 37.48
        },
        "20091": {
            "year_quarter": 20091,
            "year": 2009,
            "quarter": 1,
            "eps": 0.5,
            "eps_growth_year": -3.85,
            "eps_4q": 2.23,
            "eps_4q_growth_year": -7.5,
            "roe": 3.16,
            "roe_4q": 16.04,
            "gross_profit": 132614,
            "gross_margin": 7.51,
            "gross_margin_4q_avg": 7.7,
            "net_income": 32199,
            "net_income_4q": null,
            "revenue": 1765936,
            "revenue_4q": null,
            "common_shares": 611310,
            "book_valuer_per_share": 15.89,
            "book_valuer_per_share_4q_avg": 15.31,
            "equity": 1037246,
            "current_ratio": 162.56,
            "debt_ratio": 58.73,
            "inventory_turnover_ratio": 2.1,
            "account_receivable_turnover_ratio": 1.44,
            "reinvestment_rate": -0.67,
            "research_to_sale_ratio": null,
            "price_fair": 84.88,
            "eps_avg_yearly": 2.43,
            "eps_latest_yearly": 2,
            "eps_growth_yearly": 28.35
        },
        "20092": {
            "year_quarter": 20092,
            "year": 2009,
            "quarter": 2,
            "eps": 0.56,
            "eps_growth_year": -12.5,
            "eps_4q": 2.22,
            "eps_4q_growth_year": -4.96,
            "roe": 3.46,
            "roe_4q": 15.170000000000002,
            "gross_profit": 135113,
            "gross_margin": 6.84,
            "gross_margin_4q_avg": 7.54,
            "net_income": 35070,
            "net_income_4q": null,
            "revenue": 1976467,
            "revenue_4q": null,
            "common_shares": 611310,
            "book_valuer_per_share": 14.98,
            "book_valuer_per_share_4q_avg": 15.26,
            "equity": 992074,
            "current_ratio": 150.55,
            "debt_ratio": 63.4,
            "inventory_turnover_ratio": 2.89,
            "account_receivable_turnover_ratio": 1.56,
            "reinvestment_rate": -0.62,
            "research_to_sale_ratio": null,
            "price_fair": 83.39,
            "eps_avg_yearly": 2.38,
            "eps_latest_yearly": 2.24,
            "eps_growth_yearly": 38.1
        },
        "20093": {
            "year_quarter": 20093,
            "year": 2009,
            "quarter": 3,
            "eps": 0.63,
            "eps_growth_year": -25.88,
            "eps_4q": 1.78,
            "eps_4q_growth_year": -25.81,
            "roe": 4.46,
            "roe_4q": 13.67,
            "gross_profit": 182448,
            "gross_margin": 7.21,
            "gross_margin_4q_avg": 7.16,
            "net_income": 45157,
            "net_income_4q": null,
            "revenue": 2531633,
            "revenue_4q": null,
            "common_shares": 641875,
            "book_valuer_per_share": 14.84,
            "book_valuer_per_share_4q_avg": 15.26,
            "equity": 1033193,
            "current_ratio": 139.53,
            "debt_ratio": 69.14,
            "inventory_turnover_ratio": 3.97,
            "account_receivable_turnover_ratio": 1.62,
            "reinvestment_rate": -0.58,
            "research_to_sale_ratio": null,
            "price_fair": 81.9,
            "eps_avg_yearly": 2.34,
            "eps_latest_yearly": 2.52,
            "eps_growth_yearly": 38.82
        },
        "20094": {
            "year_quarter": 20094,
            "year": 2009,
            "quarter": 4,
            "eps": 0.49,
            "eps_growth_year": 36.11,
            "eps_4q": 2.13,
            "eps_4q_growth_year": 5.6,
            "roe": 3.4,
            "roe_4q": 14.48,
            "gross_profit": 170750,
            "gross_margin": 7.26,
            "gross_margin_4q_avg": 7.21,
            "net_income": 35696,
            "net_income_4q": null,
            "revenue": 2351232,
            "revenue_4q": null,
            "common_shares": 641875,
            "book_valuer_per_share": 15.33,
            "book_valuer_per_share_4q_avg": 15.26,
            "equity": 1067976,
            "current_ratio": 148.54,
            "debt_ratio": 64.54,
            "inventory_turnover_ratio": 3.18,
            "account_receivable_turnover_ratio": 2.73,
            "reinvestment_rate": 75.05,
            "research_to_sale_ratio": null,
            "price_fair": 79.54,
            "eps_avg_yearly": 2.27,
            "eps_latest_yearly": 1.96,
            "eps_growth_yearly": 34.52
        },
        "20101": {
            "year_quarter": 20101,
            "year": 2010,
            "quarter": 1,
            "eps": 0.85,
            "eps_growth_year": 70,
            "eps_4q": 2.5,
            "eps_4q_growth_year": 11.86,
            "roe": 5.44,
            "roe_4q": 16.76,
            "gross_profit": 197758,
            "gross_margin": 6.84,
            "gross_margin_4q_avg": 7.04,
            "net_income": 59832,
            "net_income_4q": null,
            "revenue": 2891875,
            "revenue_4q": null,
            "common_shares": 644795,
            "book_valuer_per_share": 16.15,
            "book_valuer_per_share_4q_avg": 15.33,
            "equity": 1130558,
            "current_ratio": 138.84,
            "debt_ratio": 69.48,
            "inventory_turnover_ratio": 3.72,
            "account_receivable_turnover_ratio": 1.51,
            "reinvestment_rate": 73.84,
            "research_to_sale_ratio": 0.57,
            "price_fair": 83.13,
            "eps_avg_yearly": 2.38,
            "eps_latest_yearly": 3.4,
            "eps_growth_yearly": 63.41
        },
        "20102": {
            "year_quarter": 20102,
            "year": 2010,
            "quarter": 2,
            "eps": 1.11,
            "eps_growth_year": 98.55,
            "eps_4q": 2.98,
            "eps_4q_growth_year": 34.42,
            "roe": 7.53,
            "roe_4q": 20.830000000000002,
            "gross_profit": 232754,
            "gross_margin": 6.63,
            "gross_margin_4q_avg": 6.99,
            "net_income": 85028,
            "net_income_4q": null,
            "revenue": 3511368,
            "revenue_4q": null,
            "common_shares": 644795,
            "book_valuer_per_share": 15.97,
            "book_valuer_per_share_4q_avg": 15.57,
            "equity": 1128128,
            "current_ratio": 132.1,
            "debt_ratio": 73.27,
            "inventory_turnover_ratio": 3.63,
            "account_receivable_turnover_ratio": 1.57,
            "reinvestment_rate": 73.45,
            "research_to_sale_ratio": 0.91,
            "price_fair": 83.83,
            "eps_avg_yearly": 2.4,
            "eps_latest_yearly": 4.44,
            "eps_growth_yearly": 37.54
        },
        "20103": {
            "year_quarter": 20103,
            "year": 2010,
            "quarter": 3,
            "eps": 1.08,
            "eps_growth_year": 71.9,
            "eps_4q": 3.47,
            "eps_4q_growth_year": 94.58,
            "roe": 7.16,
            "roe_4q": 23.53,
            "gross_profit": 248293,
            "gross_margin": 6.2,
            "gross_margin_4q_avg": 6.73,
            "net_income": 84275,
            "net_income_4q": null,
            "revenue": 4007918,
            "revenue_4q": null,
            "common_shares": 677035,
            "book_valuer_per_share": 16.18,
            "book_valuer_per_share_4q_avg": 15.91,
            "equity": 1224973,
            "current_ratio": 123.83,
            "debt_ratio": 78.79,
            "inventory_turnover_ratio": 2.56,
            "account_receivable_turnover_ratio": 1.58,
            "reinvestment_rate": 74.67,
            "research_to_sale_ratio": 0.26,
            "price_fair": 88.38,
            "eps_avg_yearly": 2.53,
            "eps_latest_yearly": 4.32,
            "eps_growth_yearly": 48.27
        },
        "20104": {
            "year_quarter": 20104,
            "year": 2010,
            "quarter": 4,
            "eps": 0.45,
            "eps_growth_year": -8.99,
            "eps_4q": 3.45,
            "eps_4q_growth_year": 61.46,
            "roe": 2.94,
            "roe_4q": 23.07,
            "gross_profit": 170613,
            "gross_margin": 4.3,
            "gross_margin_4q_avg": 5.99,
            "net_income": 36634,
            "net_income_4q": null,
            "revenue": 3972312,
            "revenue_4q": null,
            "common_shares": 677035,
            "book_valuer_per_share": 16.78,
            "book_valuer_per_share_4q_avg": 16.27,
            "equity": 1270793,
            "current_ratio": 144.56,
            "debt_ratio": 72.96,
            "inventory_turnover_ratio": 2.27,
            "account_receivable_turnover_ratio": 1.48,
            "reinvestment_rate": 73.15,
            "research_to_sale_ratio": 1.18,
            "price_fair": 89.51,
            "eps_avg_yearly": 2.56,
            "eps_latest_yearly": 1.8,
            "eps_growth_yearly": 44.4
        },
        "20111": {
            "year_quarter": 20111,
            "year": 2011,
            "quarter": 1,
            "eps": 0.83,
            "eps_growth_year": -2.35,
            "eps_4q": 3.46,
            "eps_4q_growth_year": 38.62,
            "roe": 4.54,
            "roe_4q": 22.17,
            "gross_profit": 240982,
            "gross_margin": 5.9,
            "gross_margin_4q_avg": 5.76,
            "net_income": 62975,
            "net_income_4q": null,
            "revenue": 4086059,
            "revenue_4q": null,
            "common_shares": 678595,
            "book_valuer_per_share": 17.97,
            "book_valuer_per_share_4q_avg": 16.73,
            "equity": 1502738,
            "current_ratio": 143.16,
            "debt_ratio": 72.7,
            "inventory_turnover_ratio": 2.46,
            "account_receivable_turnover_ratio": 1.53,
            "reinvestment_rate": 5.47,
            "research_to_sale_ratio": 0.64,
            "price_fair": 94.5,
            "eps_avg_yearly": 2.7,
            "eps_latest_yearly": 3.32,
            "eps_growth_yearly": 70.2
        },
        "20112": {
            "year_quarter": 20112,
            "year": 2011,
            "quarter": 2,
            "eps": 0.68,
            "eps_growth_year": -38.8,
            "eps_4q": 2.73,
            "eps_4q_growth_year": -8.6,
            "roe": 3.84,
            "roe_4q": 18.479999999999997,
            "gross_profit": 208169,
            "gross_margin": 5.15,
            "gross_margin_4q_avg": 5.39,
            "net_income": 56774,
            "net_income_4q": null,
            "revenue": 4041420,
            "revenue_4q": null,
            "common_shares": 678595,
            "book_valuer_per_share": 17.19,
            "book_valuer_per_share_4q_avg": 17.03,
            "equity": 1453508,
            "current_ratio": 139.28,
            "debt_ratio": 74.53,
            "inventory_turnover_ratio": 2.25,
            "account_receivable_turnover_ratio": 1.43,
            "reinvestment_rate": 5.54,
            "research_to_sale_ratio": 0.86,
            "price_fair": 95.55,
            "eps_avg_yearly": 2.73,
            "eps_latest_yearly": 2.72,
            "eps_growth_yearly": 36.83
        },
        "20113": {
            "year_quarter": 20113,
            "year": 2011,
            "quarter": 3,
            "eps": 0.8,
            "eps_growth_year": -26.25,
            "eps_4q": 2.59,
            "eps_4q_growth_year": -25.38,
            "roe": 3.79,
            "roe_4q": 15.11,
            "gross_profit": 263425,
            "gross_margin": 6.23,
            "gross_margin_4q_avg": 5.4,
            "net_income": 56512,
            "net_income_4q": null,
            "revenue": 4228822,
            "revenue_4q": null,
            "common_shares": 780384,
            "book_valuer_per_share": 15.94,
            "book_valuer_per_share_4q_avg": 16.97,
            "equity": 1525312,
            "current_ratio": 134.64,
            "debt_ratio": 76.62,
            "inventory_turnover_ratio": 1.98,
            "account_receivable_turnover_ratio": 1.35,
            "reinvestment_rate": 5.33,
            "research_to_sale_ratio": 0.81,
            "price_fair": 96.34,
            "eps_avg_yearly": 2.75,
            "eps_latest_yearly": 3.2,
            "eps_growth_yearly": 34.55
        },
        "20114": {
            "year_quarter": 20114,
            "year": 2011,
            "quarter": 4,
            "eps": 0.25,
            "eps_growth_year": -43.9,
            "eps_4q": 2.25,
            "eps_4q_growth_year": -34.72,
            "roe": 1.01,
            "roe_4q": 13.18,
            "gross_profit": 203581,
            "gross_margin": 5.83,
            "gross_margin_4q_avg": 5.78,
            "net_income": 15833,
            "net_income_4q": null,
            "revenue": 3489852,
            "revenue_4q": null,
            "common_shares": 858420,
            "book_valuer_per_share": 16.94,
            "book_valuer_per_share_4q_avg": 17.01,
            "equity": 1597852,
            "current_ratio": 136.04,
            "debt_ratio": 70.53,
            "inventory_turnover_ratio": 1.53,
            "account_receivable_turnover_ratio": 1.21,
            "reinvestment_rate": -0.5,
            "research_to_sale_ratio": 1.06,
            "price_fair": 77.17,
            "eps_avg_yearly": 2.65,
            "eps_latest_yearly": 1,
            "eps_growth_yearly": 19.12
        },
        "20121": {
            "year_quarter": 20121,
            "year": 2012,
            "quarter": 1,
            "eps": 0.25,
            "eps_growth_year": -69.88,
            "eps_4q": 1.84,
            "eps_4q_growth_year": -46.81,
            "roe": 0.78,
            "roe_4q": 9.42,
            "gross_profit": 199211,
            "gross_margin": 4.99,
            "gross_margin_4q_avg": 5.55,
            "net_income": 12541,
            "net_income_4q": null,
            "revenue": 3988923,
            "revenue_4q": null,
            "common_shares": 860590,
            "book_valuer_per_share": 17.1,
            "book_valuer_per_share_4q_avg": 16.79,
            "equity": 1606140,
            "current_ratio": 137.92,
            "debt_ratio": 69.56,
            "inventory_turnover_ratio": 2.23,
            "account_receivable_turnover_ratio": 1.45,
            "reinvestment_rate": -0.51,
            "research_to_sale_ratio": 0.93,
            "price_fair": 88.9,
            "eps_avg_yearly": 2.58,
            "eps_latest_yearly": 1,
            "eps_growth_yearly": 24.42
        },
        "20122": {
            "year_quarter": 20122,
            "year": 2012,
            "quarter": 2,
            "eps": 0.44,
            "eps_growth_year": -35.65,
            "eps_4q": 1.55,
            "eps_4q_growth_year": -43.11,
            "roe": 2.03,
            "roe_4q": 7.609999999999999,
            "gross_profit": 218407,
            "gross_margin": 6.02,
            "gross_margin_4q_avg": 5.77,
            "net_income": 31927,
            "net_income_4q": null,
            "revenue": 3630090,
            "revenue_4q": null,
            "common_shares": 860590,
            "book_valuer_per_share": 16.52,
            "book_valuer_per_share_4q_avg": 16.63,
            "equity": 1544898,
            "current_ratio": 138.06,
            "debt_ratio": 69.36,
            "inventory_turnover_ratio": 2.53,
            "account_receivable_turnover_ratio": 1.17,
            "reinvestment_rate": -0.36,
            "research_to_sale_ratio": 0.98,
            "price_fair": 88.64,
            "eps_avg_yearly": 2.53,
            "eps_latest_yearly": 1.76,
            "eps_growth_yearly": 37.66
        },
        "20123": {
            "year_quarter": 20123,
            "year": 2012,
            "quarter": 3,
            "eps": 0.53,
            "eps_growth_year": -33.14,
            "eps_4q": 1.43,
            "eps_4q_growth_year": -44.82,
            "roe": 2.59,
            "roe_4q": 6.409999999999999,
            "gross_profit": 248441,
            "gross_margin": 4.96,
            "gross_margin_4q_avg": 5.45,
            "net_income": 40382,
            "net_income_4q": null,
            "revenue": 5009931,
            "revenue_4q": null,
            "common_shares": 946649,
            "book_valuer_per_share": 15.5,
            "book_valuer_per_share_4q_avg": 16.52,
            "equity": 1568232,
            "current_ratio": 129.96,
            "debt_ratio": 74.25,
            "inventory_turnover_ratio": 3.13,
            "account_receivable_turnover_ratio": 1.41,
            "reinvestment_rate": 5.25,
            "research_to_sale_ratio": 0.3,
            "price_fair": 85.84,
            "eps_avg_yearly": 2.45,
            "eps_latest_yearly": 2.12,
            "eps_growth_yearly": 34.57
        },
        "20124": {
            "year_quarter": 20124,
            "year": 2012,
            "quarter": 4,
            "eps": -0.15,
            "eps_growth_year": -158.64,
            "eps_4q": 1.05,
            "eps_4q_growth_year": -53.17,
            "roe": -1.67,
            "roe_4q": 3.7299999999999995,
            "gross_profit": 178473,
            "gross_margin": 4.17,
            "gross_margin_4q_avg": 5.04,
            "net_income": -26018,
            "net_income_4q": null,
            "revenue": 4278445,
            "revenue_4q": null,
            "common_shares": 946649,
            "book_valuer_per_share": 15.32,
            "book_valuer_per_share_4q_avg": 16.11,
            "equity": 1539724,
            "current_ratio": 131.39,
            "debt_ratio": 73.28,
            "inventory_turnover_ratio": 2.24,
            "account_receivable_turnover_ratio": 1.21,
            "reinvestment_rate": 5.21,
            "research_to_sale_ratio": 1.36,
            "price_fair": 88.2,
            "eps_avg_yearly": 2.52,
            "eps_latest_yearly": 2.12,
            "eps_growth_yearly": 52.24
        },
        "20131": {
            "year_quarter": 20131,
            "year": 2013,
            "quarter": 1,
            "eps": 0.51,
            "eps_growth_year": 104,
            "eps_4q": 1.34,
            "eps_4q_growth_year": -27.44,
            "roe": 2.63,
            "roe_4q": 5.58,
            "gross_profit": 225800,
            "gross_margin": 4.87,
            "gross_margin_4q_avg": 5.01,
            "net_income": 40912,
            "net_income_4q": null,
            "revenue": 4633220,
            "revenue_4q": null,
            "common_shares": 946649,
            "book_valuer_per_share": 15.75,
            "book_valuer_per_share_4q_avg": 15.77,
            "equity": 1569823,
            "current_ratio": 130.44,
            "debt_ratio": 74.16,
            "inventory_turnover_ratio": 2.38,
            "account_receivable_turnover_ratio": 1.47,
            "reinvestment_rate": 7.12,
            "research_to_sale_ratio": 0.6,
            "price_fair": 89.5,
            "eps_avg_yearly": 2.56,
            "eps_latest_yearly": 2.12,
            "eps_growth_yearly": 44.86
        },
        "20132": {
            "year_quarter": 20132,
            "year": 2013,
            "quarter": 2,
            "eps": 0.54,
            "eps_growth_year": 23.33,
            "eps_4q": 1.4,
            "eps_4q_growth_year": -9.84,
            "roe": 2.93,
            "roe_4q": 6.48,
            "gross_profit": 251964,
            "gross_margin": 5.28,
            "gross_margin_4q_avg": 4.82,
            "net_income": 45898,
            "net_income_4q": null,
            "revenue": 4768171,
            "revenue_4q": null,
            "common_shares": 946649,
            "book_valuer_per_share": 15.7,
            "book_valuer_per_share_4q_avg": 15.57,
            "equity": 1560316,
            "current_ratio": 127.98,
            "debt_ratio": 75.73,
            "inventory_turnover_ratio": 2.43,
            "account_receivable_turnover_ratio": 1.47,
            "reinvestment_rate": 6.99,
            "research_to_sale_ratio": 0.65,
            "price_fair": 89.3,
            "eps_avg_yearly": 2.55,
            "eps_latest_yearly": 2.16,
            "eps_growth_yearly": 43.12
        },
        "20133": {
            "year_quarter": 20133,
            "year": 2013,
            "quarter": 3,
            "eps": 0.49,
            "eps_growth_year": -8.24,
            "eps_4q": 1.37,
            "eps_4q_growth_year": -4.17,
            "roe": 2.73,
            "roe_4q": 6.619999999999999,
            "gross_profit": 254303,
            "gross_margin": 5.35,
            "gross_margin_4q_avg": 4.92,
            "net_income": 43237,
            "net_income_4q": null,
            "revenue": 4749026,
            "revenue_4q": null,
            "common_shares": 975048,
            "book_valuer_per_share": 15.7,
            "book_valuer_per_share_4q_avg": 15.62,
            "equity": 1610749,
            "current_ratio": 129.02,
            "debt_ratio": 75.1,
            "inventory_turnover_ratio": 2.3,
            "account_receivable_turnover_ratio": 1.4,
            "reinvestment_rate": 6.65,
            "research_to_sale_ratio": 0.6,
            "price_fair": 87.9,
            "eps_avg_yearly": 2.51,
            "eps_latest_yearly": 1.96,
            "eps_growth_yearly": 36.9
        },
        "20134": {
            "year_quarter": 20134,
            "year": 2013,
            "quarter": 4,
            "eps": 0.56,
            "eps_growth_year": null,
            "eps_4q": 2.07,
            "eps_4q_growth_year": 96.21,
            "roe": 2.8,
            "roe_4q": 11.09,
            "gross_profit": 239154,
            "gross_margin": 4.73,
            "gross_margin_4q_avg": 5.06,
            "net_income": 45821,
            "net_income_4q": null,
            "revenue": 5059879,
            "revenue_4q": null,
            "common_shares": 975049,
            "book_valuer_per_share": 16.32,
            "book_valuer_per_share_4q_avg": 15.87,
            "equity": 1663509,
            "current_ratio": 134.8,
            "debt_ratio": 71.75,
            "inventory_turnover_ratio": 2.69,
            "account_receivable_turnover_ratio": 1.48,
            "reinvestment_rate": -47.63,
            "research_to_sale_ratio": 0.61,
            "price_fair": 88.6,
            "eps_avg_yearly": 2.53,
            "eps_latest_yearly": 2.24,
            "eps_growth_yearly": 47.33
        },
        "20141": {
            "year_quarter": 20141,
            "year": 2014,
            "quarter": 1,
            "eps": 0.78,
            "eps_growth_year": 52.94,
            "eps_4q": 2.35,
            "eps_4q_growth_year": 75.6,
            "roe": 4.04,
            "roe_4q": 12.5,
            "gross_profit": 288012,
            "gross_margin": 5.72,
            "gross_margin_4q_avg": 5.27,
            "net_income": 68648,
            "net_income_4q": null,
            "revenue": 5037014,
            "revenue_4q": null,
            "common_shares": 975049,
            "book_valuer_per_share": 17.16,
            "book_valuer_per_share_4q_avg": 16.22,
            "equity": 1738475,
            "current_ratio": 134.75,
            "debt_ratio": 71.93,
            "inventory_turnover_ratio": 2.78,
            "account_receivable_turnover_ratio": 1.53,
            "reinvestment_rate": -48.44,
            "research_to_sale_ratio": 0.53,
            "price_fair": 87.9,
            "eps_avg_yearly": 2.51,
            "eps_latest_yearly": 3.12,
            "eps_growth_yearly": 37.56
        },
        "20142": {
            "year_quarter": 20142,
            "year": 2014,
            "quarter": 2,
            "eps": 0.77,
            "eps_growth_year": 42.59,
            "eps_4q": 2.43,
            "eps_4q_growth_year": 73.87,
            "roe": 4.25,
            "roe_4q": 13.82,
            "gross_profit": 311081,
            "gross_margin": 5.37,
            "gross_margin_4q_avg": 5.29,
            "net_income": 72151,
            "net_income_4q": null,
            "revenue": 5791927,
            "revenue_4q": null,
            "common_shares": 975049,
            "book_valuer_per_share": 16.37,
            "book_valuer_per_share_4q_avg": 16.39,
            "equity": 1658312,
            "current_ratio": 133.7,
            "debt_ratio": 72.38,
            "inventory_turnover_ratio": 3.14,
            "account_receivable_turnover_ratio": 1.77,
            "reinvestment_rate": -51.93,
            "research_to_sale_ratio": 0.6,
            "price_fair": 84.5,
            "eps_avg_yearly": 2.41,
            "eps_latest_yearly": 3.08,
            "eps_growth_yearly": 28.46
        },
        "20143": {
            "year_quarter": 20143,
            "year": 2014,
            "quarter": 3,
            "eps": 0.82,
            "eps_growth_year": 67.35,
            "eps_4q": 2.79,
            "eps_4q_growth_year": 104.2,
            "roe": 4.75,
            "roe_4q": 15.84,
            "gross_profit": 297291,
            "gross_margin": 5.06,
            "gross_margin_4q_avg": 5.22,
            "net_income": 81160,
            "net_income_4q": null,
            "revenue": 5873390,
            "revenue_4q": null,
            "common_shares": 1038427,
            "book_valuer_per_share": 16.28,
            "book_valuer_per_share_4q_avg": 16.53,
            "equity": 1760544,
            "current_ratio": 131.83,
            "debt_ratio": 73.72,
            "inventory_turnover_ratio": 2.9,
            "account_receivable_turnover_ratio": 1.7,
            "reinvestment_rate": -56.4,
            "research_to_sale_ratio": 0.61,
            "price_fair": 81.9,
            "eps_avg_yearly": 2.34,
            "eps_latest_yearly": 3.28,
            "eps_growth_yearly": 31.08
        },
        "20144": {
            "year_quarter": 20144,
            "year": 2014,
            "quarter": 4,
            "eps": 0.84,
            "eps_growth_year": 50.25,
            "eps_4q": 3.11,
            "eps_4q_growth_year": 50.28,
            "roe": 4.32,
            "roe_4q": 17.36,
            "gross_profit": 297063,
            "gross_margin": 5.34,
            "gross_margin_4q_avg": 5.37,
            "net_income": 78511,
            "net_income_4q": null,
            "revenue": 5560423,
            "revenue_4q": null,
            "common_shares": 1038427,
            "book_valuer_per_share": 17.12,
            "book_valuer_per_share_4q_avg": 16.73,
            "equity": 1877992,
            "current_ratio": 137.68,
            "debt_ratio": 70.42,
            "inventory_turnover_ratio": 2.64,
            "account_receivable_turnover_ratio": 1.63,
            "reinvestment_rate": -52.96,
            "research_to_sale_ratio": 0.66,
            "price_fair": 85.8,
            "eps_avg_yearly": 2.45,
            "eps_latest_yearly": 3.36,
            "eps_growth_yearly": 48.45
        },
        "20151": {
            "year_quarter": 20151,
            "year": 2015,
            "quarter": 1,
            "eps": 0.84,
            "eps_growth_year": 7.69,
            "eps_4q": 3.22,
            "eps_4q_growth_year": 37.07,
            "roe": 4.6,
            "roe_4q": 17.92,
            "gross_profit": 323786,
            "gross_margin": 5.72,
            "gross_margin_4q_avg": 5.37,
            "net_income": 88227,
            "net_income_4q": null,
            "revenue": 5660889,
            "revenue_4q": null,
            "common_shares": 1038427,
            "book_valuer_per_share": 17.9,
            "book_valuer_per_share_4q_avg": 16.92,
            "equity": 1960203,
            "current_ratio": 137.72,
            "debt_ratio": 70.91,
            "inventory_turnover_ratio": 2.68,
            "account_receivable_turnover_ratio": 1.68,
            "reinvestment_rate": 17.87,
            "research_to_sale_ratio": 0.57,
            "price_fair": 84.23,
            "eps_avg_yearly": 2.45,
            "eps_latest_yearly": 3.36,
            "eps_growth_yearly": 24.32
        },
        "20152": {
            "year_quarter": 20152,
            "year": 2015,
            "quarter": 2,
            "eps": 0.44,
            "eps_growth_year": -42.86,
            "eps_4q": 2.55,
            "eps_4q_growth_year": 5.03,
            "roe": 2.28,
            "roe_4q": 15.95,
            "gross_profit": 284094,
            "gross_margin": 5.06,
            "gross_margin_4q_avg": 5.3,
            "net_income": 43613,
            "net_income_4q": null,
            "revenue": 5616883,
            "revenue_4q": null,
            "common_shares": 1038427,
            "book_valuer_per_share": 17,
            "book_valuer_per_share_4q_avg": 17.08,
            "equity": 1863609,
            "current_ratio": 129.44,
            "debt_ratio": 75.43,
            "inventory_turnover_ratio": 2.22,
            "account_receivable_turnover_ratio": 1.55,
            "reinvestment_rate": 18.03,
            "research_to_sale_ratio": 0.61,
            "price_fair": 61.74,
            "eps_avg_yearly": 2.39,
            "eps_latest_yearly": 1.76,
            "eps_growth_yearly": 15.88
        },
        "20153": {
            "year_quarter": 20153,
            "year": 2015,
            "quarter": 3,
            "eps": 1.04,
            "eps_growth_year": 26.83,
            "eps_4q": 2.89,
            "eps_4q_growth_year": 3.32,
            "roe": 6,
            "roe_4q": 17.2,
            "gross_profit": 383656,
            "gross_margin": 5.78,
            "gross_margin_4q_avg": 5.48,
            "net_income": 115960,
            "net_income_4q": null,
            "revenue": 6636099,
            "revenue_4q": null,
            "common_shares": 1194191,
            "book_valuer_per_share": 16.03,
            "book_valuer_per_share_4q_avg": 17.01,
            "equity": 2004779,
            "current_ratio": 133.39,
            "debt_ratio": 73.6,
            "inventory_turnover_ratio": 2.48,
            "account_receivable_turnover_ratio": 1.72,
            "reinvestment_rate": 16.7,
            "research_to_sale_ratio": 0.64,
            "price_fair": 85.9,
            "eps_avg_yearly": 2.45,
            "eps_latest_yearly": 4.16,
            "eps_growth_yearly": 49.8
        },
        "20154": {
            "year_quarter": 20154,
            "year": 2015,
            "quarter": 4,
            "eps": 1.19,
            "eps_growth_year": 41.51,
            "eps_4q": 3.34,
            "eps_4q_growth_year": 7.58,
            "roe": 7.1,
            "roe_4q": 19.979999999999997,
            "gross_profit": 326129,
            "gross_margin": 5.06,
            "gross_margin_4q_avg": 5.41,
            "net_income": 145106,
            "net_income_4q": null,
            "revenue": 6444924,
            "revenue_4q": null,
            "common_shares": 1194191,
            "book_valuer_per_share": 17.19,
            "book_valuer_per_share_4q_avg": 17.03,
            "equity": 2080004,
            "current_ratio": 137.28,
            "debt_ratio": 71.05,
            "inventory_turnover_ratio": 2.86,
            "account_receivable_turnover_ratio": 1.67,
            "reinvestment_rate": 18.79,
            "research_to_sale_ratio": 0.4,
            "price_fair": 95.3,
            "eps_avg_yearly": 2.72,
            "eps_latest_yearly": 4.76,
            "eps_growth_yearly": 73.56
        },
        "20161": {
            "year_quarter": 20161,
            "year": 2016,
            "quarter": 1,
            "eps": 0.57,
            "eps_growth_year": -32.14,
            "eps_4q": 3.18,
            "eps_4q_growth_year": -1.18,
            "roe": 3.35,
            "roe_4q": 18.73,
            "gross_profit": 320250,
            "gross_margin": 4.81,
            "gross_margin_4q_avg": 5.18,
            "net_income": 70718,
            "net_income_4q": null,
            "revenue": 6662995,
            "revenue_4q": null,
            "common_shares": 1194191,
            "book_valuer_per_share": 17.65,
            "book_valuer_per_share_4q_avg": 16.97,
            "equity": 2138747,
            "current_ratio": 132.63,
            "debt_ratio": 73.56,
            "inventory_turnover_ratio": 2.95,
            "account_receivable_turnover_ratio": 1.73,
            "reinvestment_rate": 17.74,
            "research_to_sale_ratio": 0.38,
            "price_fair": 98.5,
            "eps_avg_yearly": 2.81,
            "eps_latest_yearly": 2.28,
            "eps_growth_yearly": 58.68
        },
        "20162": {
            "year_quarter": 20162,
            "year": 2016,
            "quarter": 2,
            "eps": 0.52,
            "eps_growth_year": 18.18,
            "eps_4q": 2.93,
            "eps_4q_growth_year": 14.68,
            "roe": 3.52,
            "roe_4q": 19.97,
            "gross_profit": 298549,
            "gross_margin": 4.48,
            "gross_margin_4q_avg": 5.03,
            "net_income": 74093,
            "net_income_4q": null,
            "revenue": 6661581,
            "revenue_4q": null,
            "common_shares": 1194191,
            "book_valuer_per_share": 17.07,
            "book_valuer_per_share_4q_avg": 16.99,
            "equity": 2071628,
            "current_ratio": 127.28,
            "debt_ratio": 76.8,
            "inventory_turnover_ratio": 2.27,
            "account_receivable_turnover_ratio": 1.62,
            "reinvestment_rate": 17.01,
            "research_to_sale_ratio": 0.41,
            "price_fair": 99.3,
            "eps_avg_yearly": 2.84,
            "eps_latest_yearly": 2.08,
            "eps_growth_yearly": 34.46
        },
        "20163": {
            "year_quarter": 20163,
            "year": 2016,
            "quarter": 3,
            "eps": 0.49,
            "eps_growth_year": -52.88,
            "eps_4q": 2.52,
            "eps_4q_growth_year": -12.62,
            "roe": 3.14,
            "roe_4q": 17.11,
            "gross_profit": 322685,
            "gross_margin": 4.23,
            "gross_margin_4q_avg": 4.65,
            "net_income": 66403,
            "net_income_4q": null,
            "revenue": 7621410,
            "revenue_4q": null,
            "common_shares": 1385262,
            "book_valuer_per_share": 15.1,
            "book_valuer_per_share_4q_avg": 16.75,
            "equity": 2164602,
            "current_ratio": 124.23,
            "debt_ratio": 78.67,
            "inventory_turnover_ratio": 1.97,
            "account_receivable_turnover_ratio": 1.71,
            "reinvestment_rate": 16.6,
            "research_to_sale_ratio": 0.51,
            "price_fair": 98.9,
            "eps_avg_yearly": 2.83,
            "eps_latest_yearly": 1.96,
            "eps_growth_yearly": 26.96
        },
        "20164": {
            "year_quarter": 20164,
            "year": 2016,
            "quarter": 4,
            "eps": 0.3,
            "eps_growth_year": -74.39,
            "eps_4q": 1.8,
            "eps_4q_growth_year": -46.04,
            "roe": 2.08,
            "roe_4q": 12.09,
            "gross_profit": 335194,
            "gross_margin": 4.71,
            "gross_margin_4q_avg": 4.56,
            "net_income": 45656,
            "net_income_4q": null,
            "revenue": 7123711,
            "revenue_4q": null,
            "common_shares": 1385262,
            "book_valuer_per_share": 15.52,
            "book_valuer_per_share_4q_avg": 16.34,
            "equity": 2232730,
            "current_ratio": 122.21,
            "debt_ratio": 80.13,
            "inventory_turnover_ratio": 1.52,
            "account_receivable_turnover_ratio": 1.61,
            "reinvestment_rate": 16.26,
            "research_to_sale_ratio": 0.42,
            "price_fair": 67.46,
            "eps_avg_yearly": 2.72,
            "eps_latest_yearly": 1.2,
            "eps_growth_yearly": 14.83
        },
        "20171": {
            "year_quarter": 20171,
            "year": 2017,
            "quarter": 1,
            "eps": 0.54,
            "eps_growth_year": -5.26,
            "eps_4q": 1.86,
            "eps_4q_growth_year": -41.55,
            "roe": 3.33,
            "roe_4q": 12.07,
            "gross_profit": 275436,
            "gross_margin": 3.4,
            "gross_margin_4q_avg": 4.21,
            "net_income": 74933,
            "net_income_4q": null,
            "revenue": 8100834,
            "revenue_4q": null,
            "common_shares": 1385262,
            "book_valuer_per_share": 15.79,
            "book_valuer_per_share_4q_avg": 15.87,
            "equity": 2270298,
            "current_ratio": 122.93,
            "debt_ratio": 79.29,
            "inventory_turnover_ratio": 1.61,
            "account_receivable_turnover_ratio": 1.88,
            "reinvestment_rate": 14.68,
            "research_to_sale_ratio": 0.35,
            "price_fair": 93.89,
            "eps_avg_yearly": 2.68,
            "eps_latest_yearly": 2.16,
            "eps_growth_yearly": 33.9
        },
        "20172": {
            "year_quarter": 20172,
            "year": 2017,
            "quarter": 2,
            "eps": 0.06,
            "eps_growth_year": -88.46,
            "eps_4q": 1.34,
            "eps_4q_growth_year": -54.42,
            "roe": 0.41,
            "roe_4q": 8.96,
            "gross_profit": 270360,
            "gross_margin": 3.82,
            "gross_margin_4q_avg": 4.04,
            "net_income": 8934,
            "net_income_4q": null,
            "revenue": 7085907,
            "revenue_4q": null,
            "common_shares": 1385262,
            "book_valuer_per_share": 14.77,
            "book_valuer_per_share_4q_avg": 15.3,
            "equity": 2129098,
            "current_ratio": 123.03,
            "debt_ratio": 79.12,
            "inventory_turnover_ratio": 1.35,
            "account_receivable_turnover_ratio": 1.83,
            "reinvestment_rate": 14.87,
            "research_to_sale_ratio": 0.44,
            "price_fair": 51.78,
            "eps_avg_yearly": 2.56,
            "eps_latest_yearly": 0.24,
            "eps_growth_yearly": 10.21
        },
        "20173": {
            "year_quarter": 20173,
            "year": 2017,
            "quarter": 3,
            "eps": 0.57,
            "eps_growth_year": 16.33,
            "eps_4q": 1.44,
            "eps_4q_growth_year": -42.84,
            "roe": 3.82,
            "roe_4q": 9.64,
            "gross_profit": 349724,
            "gross_margin": 4.01,
            "gross_margin_4q_avg": 3.99,
            "net_income": 82786,
            "net_income_4q": null,
            "revenue": 8728610,
            "revenue_4q": null,
            "common_shares": 1454525,
            "book_valuer_per_share": 14.63,
            "book_valuer_per_share_4q_avg": 15.18,
            "equity": 2209560,
            "current_ratio": 154.71,
            "debt_ratio": 81.35,
            "inventory_turnover_ratio": 1.51,
            "account_receivable_turnover_ratio": 2.27,
            "reinvestment_rate": 14.66,
            "research_to_sale_ratio": 0.4,
            "price_fair": 90.39,
            "eps_avg_yearly": 2.58,
            "eps_latest_yearly": 2.28,
            "eps_growth_yearly": 225.02
        },
        "20174": {
            "year_quarter": 20174,
            "year": 2017,
            "quarter": 4,
            "eps": 0.71,
            "eps_growth_year": 134.7,
            "eps_4q": 1.75,
            "eps_4q_growth_year": -2.95,
            "roe": 4.92,
            "roe_4q": 12.48,
            "gross_profit": 398389,
            "gross_margin": 5.16,
            "gross_margin_4q_avg": 4.1,
            "net_income": 118612,
            "net_income_4q": null,
            "revenue": 7726270,
            "revenue_4q": null,
            "common_shares": 1614525,
            "book_valuer_per_share": 15.66,
            "book_valuer_per_share_4q_avg": 15.21,
            "equity": 2614018,
            "current_ratio": 169.35,
            "debt_ratio": 76.15,
            "inventory_turnover_ratio": 1.26,
            "account_receivable_turnover_ratio": 1.89,
            "reinvestment_rate": 13.35,
            "research_to_sale_ratio": 0.38,
            "price_fair": 91.7,
            "eps_avg_yearly": 2.62,
            "eps_latest_yearly": 2.84,
            "eps_growth_yearly": 227.59
        },
        "20181": {
            "year_quarter": 20181,
            "year": 2018,
            "quarter": 1,
            "eps": 0.13,
            "eps_growth_year": -75.93,
            "eps_4q": 1.42,
            "eps_4q_growth_year": -23.7,
            "roe": 0.86,
            "roe_4q": 10.01,
            "gross_profit": 257860,
            "gross_margin": 3.7,
            "gross_margin_4q_avg": 4.17,
            "net_income": 22589,
            "net_income_4q": null,
            "revenue": 6972463,
            "revenue_4q": null,
            "common_shares": 1614525,
            "book_valuer_per_share": 15.67,
            "book_valuer_per_share_4q_avg": 15.18,
            "equity": 2617474,
            "current_ratio": 158.63,
            "debt_ratio": 75.81,
            "inventory_turnover_ratio": 1.18,
            "account_receivable_turnover_ratio": 1.85,
            "reinvestment_rate": 14.08,
            "research_to_sale_ratio": 0.41,
            "price_fair": 86.01,
            "eps_avg_yearly": 2.46,
            "eps_latest_yearly": 0.52,
            "eps_growth_yearly": 197.35
        },
        "20182": {
            "year_quarter": 20182,
            "year": 2018,
            "quarter": 2,
            "eps": 0.4,
            "eps_growth_year": 566.67,
            "eps_4q": 1.68,
            "eps_4q_growth_year": 25.74,
            "roe": 2.59,
            "roe_4q": 12.19,
            "gross_profit": 363743,
            "gross_margin": 4.7,
            "gross_margin_4q_avg": 4.39,
            "net_income": 67609,
            "net_income_4q": null,
            "revenue": 7734298,
            "revenue_4q": null,
            "common_shares": 1614525,
            "book_valuer_per_share": 15.54,
            "book_valuer_per_share_4q_avg": 15.38,
            "equity": 2599348,
            "current_ratio": 159.86,
            "debt_ratio": 76.22,
            "inventory_turnover_ratio": 1.33,
            "account_receivable_turnover_ratio": 1.94,
            "reinvestment_rate": 14.6,
            "research_to_sale_ratio": 0.37,
            "price_fair": 82.78,
            "eps_avg_yearly": 2.37,
            "eps_latest_yearly": 1.6,
            "eps_growth_yearly": 249.59
        },
        "20183": {
            "year_quarter": 20183,
            "year": 2018,
            "quarter": 3,
            "eps": 0.52,
            "eps_growth_year": -8.77,
            "eps_4q": 1.7,
            "eps_4q_growth_year": 18.11,
            "roe": 3.27,
            "roe_4q": 11.64,
            "gross_profit": 461766,
            "gross_margin": 5.32,
            "gross_margin_4q_avg": 4.72,
            "net_income": 86540,
            "net_income_4q": null,
            "revenue": 8677344,
            "revenue_4q": null,
            "common_shares": 1695251,
            "book_valuer_per_share": 15.34,
            "book_valuer_per_share_4q_avg": 15.55,
            "equity": 2688684,
            "current_ratio": 132.53,
            "debt_ratio": 75.9,
            "inventory_turnover_ratio": 1.56,
            "account_receivable_turnover_ratio": 1.91,
            "reinvestment_rate": 14.64,
            "research_to_sale_ratio": 0.32,
            "price_fair": 80.15,
            "eps_avg_yearly": 2.29,
            "eps_latest_yearly": 2.08,
            "eps_growth_yearly": 255.47
        },
        "20184": {
            "year_quarter": 20184,
            "year": 2018,
            "quarter": 4,
            "eps": 0.22,
            "eps_growth_year": -68.79,
            "eps_4q": 1.25,
            "eps_4q_growth_year": -28.79,
            "roe": 1.46,
            "roe_4q": 8.18,
            "gross_profit": 368965,
            "gross_margin": 4.39,
            "gross_margin_4q_avg": 4.53,
            "net_income": 39538,
            "net_income_4q": null,
            "revenue": 8410963,
            "revenue_4q": null,
            "common_shares": 1695251,
            "book_valuer_per_share": 15.6,
            "book_valuer_per_share_4q_avg": 15.54,
            "equity": 2735460,
            "current_ratio": 131.77,
            "debt_ratio": 76.15,
            "inventory_turnover_ratio": 1.52,
            "account_receivable_turnover_ratio": 1.78,
            "reinvestment_rate": 22.19,
            "research_to_sale_ratio": 0.39,
            "price_fair": 74.73,
            "eps_avg_yearly": 2.14,
            "eps_latest_yearly": 0.88,
            "eps_growth_yearly": 240.43
        },
        "20191": {
            "year_quarter": 20191,
            "year": 2019,
            "quarter": 1,
            "eps": 0.26,
            "eps_growth_year": 100,
            "eps_4q": 1.38,
            "eps_4q_growth_year": -2.92,
            "roe": 1.59,
            "roe_4q": 8.91,
            "gross_profit": 321989,
            "gross_margin": 4.03,
            "gross_margin_4q_avg": 4.61,
            "net_income": 43825,
            "net_income_4q": null,
            "revenue": 7989917,
            "revenue_4q": null,
            "common_shares": 1695251,
            "book_valuer_per_share": 15.87,
            "book_valuer_per_share_4q_avg": 15.59,
            "equity": 2781404,
            "current_ratio": 129.83,
            "debt_ratio": 74.21,
            "inventory_turnover_ratio": 1.34,
            "account_receivable_turnover_ratio": 2,
            "reinvestment_rate": 10.28,
            "research_to_sale_ratio": 0.33,
            "price_fair": 69.65,
            "eps_avg_yearly": 1.99,
            "eps_latest_yearly": 1.04,
            "eps_growth_yearly": 244.98
        },
        "20192": {
            "year_quarter": 20192,
            "year": 2019,
            "quarter": 2,
            "eps": 0.29,
            "eps_growth_year": -27.5,
            "eps_4q": 1.26,
            "eps_4q_growth_year": -24.76,
            "roe": 1.98,
            "roe_4q": 8.3,
            "gross_profit": 332372,
            "gross_margin": 3.59,
            "gross_margin_4q_avg": 4.33,
            "net_income": 53996,
            "net_income_4q": null,
            "revenue": 9260179,
            "revenue_4q": null,
            "common_shares": 1695251,
            "book_valuer_per_share": 15.21,
            "book_valuer_per_share_4q_avg": 15.51,
            "equity": 2673823,
            "current_ratio": 155.57,
            "debt_ratio": 78.31,
            "inventory_turnover_ratio": 1.39,
            "account_receivable_turnover_ratio": 2.52,
            "reinvestment_rate": 10.58,
            "research_to_sale_ratio": 0.29,
            "price_fair": 68.34,
            "eps_avg_yearly": 1.95,
            "eps_latest_yearly": 1.16,
            "eps_growth_yearly": 259.77
        },
        "20193": {
            "year_quarter": 20193,
            "year": 2019,
            "quarter": 3,
            "eps": 0.7,
            "eps_growth_year": 34.62,
            "eps_4q": 1.46,
            "eps_4q_growth_year": -14.15,
            "roe": 4.51,
            "roe_4q": 9.54,
            "gross_profit": 480665,
            "gross_margin": 4.45,
            "gross_margin_4q_avg": 4.12,
            "net_income": 123249,
            "net_income_4q": null,
            "revenue": 10793497,
            "revenue_4q": null,
            "common_shares": 1729156,
            "book_valuer_per_share": 15.62,
            "book_valuer_per_share_4q_avg": 15.58,
            "equity": 2797693,
            "current_ratio": 138.68,
            "debt_ratio": 77.23,
            "inventory_turnover_ratio": 1.58,
            "account_receivable_turnover_ratio": 2.55,
            "reinvestment_rate": 11.02,
            "research_to_sale_ratio": 0.25,
            "price_fair": 65.36,
            "eps_avg_yearly": 1.87,
            "eps_latest_yearly": 2.8,
            "eps_growth_yearly": 261.02
        },
        "20194": {
            "year_quarter": 20194,
            "year": 2019,
            "quarter": 4,
            "eps": 0.41,
            "eps_growth_year": 83.17,
            "eps_4q": 1.6,
            "eps_4q_growth_year": 28.64,
            "roe": 2.65,
            "roe_4q": 10.73,
            "gross_profit": 392474,
            "gross_margin": 3.4,
            "gross_margin_4q_avg": 3.87,
            "net_income": 76350,
            "net_income_4q": null,
            "revenue": 11528475,
            "revenue_4q": null,
            "common_shares": 1797843,
            "book_valuer_per_share": 15.93,
            "book_valuer_per_share_4q_avg": 15.66,
            "equity": 2963725,
            "current_ratio": 151.62,
            "debt_ratio": 73.2,
            "inventory_turnover_ratio": 1.98,
            "account_receivable_turnover_ratio": 2.76,
            "reinvestment_rate": 5.92,
            "research_to_sale_ratio": 0.28,
            "price_fair": 58.54,
            "eps_avg_yearly": 1.67,
            "eps_latest_yearly": 1.64,
            "eps_growth_yearly": 247.06
        },
        "20201": {
            "year_quarter": 20201,
            "year": 2020,
            "quarter": 1,
            "eps": 0.47,
            "eps_growth_year": 80.77,
            "eps_4q": 1.83,
            "eps_4q_growth_year": 32.69,
            "roe": 2.95,
            "roe_4q": 12.09,
            "gross_profit": 354027,
            "gross_margin": 3.72,
            "gross_margin_4q_avg": 3.79,
            "net_income": 87343,
            "net_income_4q": null,
            "revenue": 9522674,
            "revenue_4q": null,
            "common_shares": 1804783,
            "book_valuer_per_share": 15.16,
            "book_valuer_per_share_4q_avg": 15.48,
            "equity": 2960399,
            "current_ratio": 143.61,
            "debt_ratio": 76.77,
            "inventory_turnover_ratio": 1.71,
            "account_receivable_turnover_ratio": 2.37,
            "reinvestment_rate": 27.51,
            "research_to_sale_ratio": 0.28,
            "price_fair": 57.66,
            "eps_avg_yearly": 1.65,
            "eps_latest_yearly": 1.88,
            "eps_growth_yearly": 263.74
        },
        "20202": {
            "year_quarter": 20202,
            "year": 2020,
            "quarter": 2,
            "eps": 0.63,
            "eps_growth_year": 117.24,
            "eps_4q": 2.17,
            "eps_4q_growth_year": 71.95,
            "roe": 3.65,
            "roe_4q": 13.76,
            "gross_profit": 388957,
            "gross_margin": 4,
            "gross_margin_4q_avg": 3.89,
            "net_income": 110088,
            "net_income_4q": null,
            "revenue": 9727713,
            "revenue_4q": null,
            "common_shares": 1814291,
            "book_valuer_per_share": 15.68,
            "book_valuer_per_share_4q_avg": 15.6,
            "equity": 3070353,
            "current_ratio": 141.79,
            "debt_ratio": 74.9,
            "inventory_turnover_ratio": 1.68,
            "account_receivable_turnover_ratio": 2.36,
            "reinvestment_rate": 26.04,
            "research_to_sale_ratio": 0.31,
            "price_fair": 58.63,
            "eps_avg_yearly": 1.68,
            "eps_latest_yearly": 2.52,
            "eps_growth_yearly": 274.45
        },
        "20203": {
            "year_quarter": 20203,
            "year": 2020,
            "quarter": 3,
            "eps": 0.87,
            "eps_growth_year": 24.29,
            "eps_4q": 2.32,
            "eps_4q_growth_year": 58.84,
            "roe": 4.75,
            "roe_4q": 14.000000000000002,
            "gross_profit": 456688,
            "gross_margin": 4.02,
            "gross_margin_4q_avg": 3.79,
            "net_income": 150672,
            "net_income_4q": null,
            "revenue": 11353491,
            "revenue_4q": null,
            "common_shares": 1857802,
            "book_valuer_per_share": 16.47,
            "book_valuer_per_share_4q_avg": 15.81,
            "equity": 3276559,
            "current_ratio": 134.96,
            "debt_ratio": 76.9,
            "inventory_turnover_ratio": 1.86,
            "account_receivable_turnover_ratio": 2.52,
            "reinvestment_rate": 24.24,
            "research_to_sale_ratio": 0.28,
            "price_fair": 61.95,
            "eps_avg_yearly": 1.77,
            "eps_latest_yearly": 3.48,
            "eps_growth_yearly": 285.41
        },
        "20204": {
            "year_quarter": 20204,
            "year": 2020,
            "quarter": 4,
            "eps": 0.54,
            "eps_growth_year": 33.8,
            "eps_4q": 2.44,
            "eps_4q_growth_year": 52.03,
            "roe": 3.07,
            "roe_4q": 14.420000000000002,
            "gross_profit": 424017,
            "gross_margin": 3.74,
            "gross_margin_4q_avg": 3.87,
            "net_income": 102948,
            "net_income_4q": null,
            "revenue": 11344945,
            "revenue_4q": null,
            "common_shares": 1891813,
            "book_valuer_per_share": 16.87,
            "book_valuer_per_share_4q_avg": 16.05,
            "equity": 3435870,
            "current_ratio": 142.96,
            "debt_ratio": 72.7,
            "inventory_turnover_ratio": 2.1,
            "account_receivable_turnover_ratio": 2.21,
            "reinvestment_rate": 30.44,
            "research_to_sale_ratio": 0.33,
            "price_fair": 64.05,
            "eps_avg_yearly": 1.83,
            "eps_latest_yearly": 2.16,
            "eps_growth_yearly": 285.62
        },
        "20211": {
            "year_quarter": 20211,
            "year": 2021,
            "quarter": 1,
            "eps": 0.92,
            "eps_growth_year": 95.74,
            "eps_4q": 2.9,
            "eps_4q_growth_year": 58.98,
            "roe": 5.04,
            "roe_4q": 16.509999999999998,
            "gross_profit": 589947,
            "gross_margin": 5.09,
            "gross_margin_4q_avg": 4.21,
            "net_income": 171034,
            "net_income_4q": null,
            "revenue": 11594115,
            "revenue_4q": null,
            "common_shares": 1891813,
            "book_valuer_per_share": 16.4,
            "book_valuer_per_share_4q_avg": 16.36,
            "equity": 3345299,
            "current_ratio": 127.79,
            "debt_ratio": 78.04,
            "inventory_turnover_ratio": 2.54,
            "account_receivable_turnover_ratio": 2.19,
            "reinvestment_rate": 30.22,
            "research_to_sale_ratio": 0.32,
            "price_fair": 67.38,
            "eps_avg_yearly": 1.93,
            "eps_latest_yearly": 3.68,
            "eps_growth_yearly": 283.22
        },
        "20212": {
            "year_quarter": 20212,
            "year": 2021,
            "quarter": 2,
            "eps": 1.12,
            "eps_growth_year": 77.78,
            "eps_4q": 3.42,
            "eps_4q_growth_year": 57.5,
            "roe": 6.17,
            "roe_4q": 19.03,
            "gross_profit": 651233,
            "gross_margin": 5.55,
            "gross_margin_4q_avg": 4.6,
            "net_income": 212044,
            "net_income_4q": null,
            "revenue": 11731081,
            "revenue_4q": null,
            "common_shares": 1891813,
            "book_valuer_per_share": 17.35,
            "book_valuer_per_share_4q_avg": 16.77,
            "equity": 3525422,
            "current_ratio": 135.01,
            "debt_ratio": 75.49,
            "inventory_turnover_ratio": 2.73,
            "account_receivable_turnover_ratio": 2.21,
            "reinvestment_rate": 26.38,
            "research_to_sale_ratio": 0.3,
            "price_fair": 76.65,
            "eps_avg_yearly": 2.19,
            "eps_latest_yearly": 4.48,
            "eps_growth_yearly": 310.87
        },
        "20213": {
            "year_quarter": 20213,
            "year": 2021,
            "quarter": 3,
            "eps": 1.13,
            "eps_growth_year": 29.89,
            "eps_4q": 3.57,
            "eps_4q_growth_year": 53.6,
            "roe": 6.12,
            "roe_4q": 20.4,
            "gross_profit": 724530,
            "gross_margin": 5.28,
            "gross_margin_4q_avg": 4.92,
            "net_income": 222102,
            "net_income_4q": null,
            "revenue": 13720638,
            "revenue_4q": null,
            "common_shares": 2005322,
            "book_valuer_per_share": 17.47,
            "book_valuer_per_share_4q_avg": 17.02,
            "equity": 3736530,
            "current_ratio": 121.86,
            "debt_ratio": 79.07,
            "inventory_turnover_ratio": 3.84,
            "account_receivable_turnover_ratio": 2.24,
            "reinvestment_rate": 42.89,
            "research_to_sale_ratio": 0.27,
            "price_fair": 81.55,
            "eps_avg_yearly": 2.33,
            "eps_latest_yearly": 4.52,
            "eps_growth_yearly": 98.6
        },
        "20214": {
            "year_quarter": 20214,
            "year": 2021,
            "quarter": 4,
            "eps": 1,
            "eps_growth_year": 83.21,
            "eps_4q": 4.05,
            "eps_4q_growth_year": 66.15,
            "roe": 4.73,
            "roe_4q": 22.060000000000002,
            "gross_profit": 479982,
            "gross_margin": 4.76,
            "gross_margin_4q_avg": 5.17,
            "net_income": 180972,
            "net_income_4q": null,
            "revenue": 10088419,
            "revenue_4q": null,
            "common_shares": 2005322,
            "book_valuer_per_share": 18.44,
            "book_valuer_per_share_4q_avg": 17.42,
            "equity": 3911760,
            "current_ratio": 127.99,
            "debt_ratio": 75.21,
            "inventory_turnover_ratio": 2.26,
            "account_receivable_turnover_ratio": 1.87,
            "reinvestment_rate": 40.54,
            "research_to_sale_ratio": 0.29,
            "price_fair": 84.09,
            "eps_avg_yearly": 2.4,
            "eps_latest_yearly": 4,
            "eps_growth_yearly": 89.58
        },
        "20221": {
            "year_quarter": 20221,
            "year": 2022,
            "quarter": 1,
            "eps": 1.32,
            "eps_growth_year": 43.48,
            "eps_4q": 4.5,
            "eps_4q_growth_year": 55.02,
            "roe": 6.87,
            "roe_4q": 23.89,
            "gross_profit": 676969,
            "gross_margin": 4.82,
            "gross_margin_4q_avg": 5.1,
            "net_income": 263256,
            "net_income_4q": null,
            "revenue": 14030716,
            "revenue_4q": null,
            "common_shares": 2005322,
            "book_valuer_per_share": 17.65,
            "book_valuer_per_share_4q_avg": 17.73,
            "equity": 3752402,
            "current_ratio": 125.29,
            "debt_ratio": 80.49,
            "inventory_turnover_ratio": 2.32,
            "account_receivable_turnover_ratio": 2.56,
            "reinvestment_rate": 37.02,
            "research_to_sale_ratio": 0.23,
            "price_fair": 94.5,
            "eps_avg_yearly": 2.7,
            "eps_latest_yearly": 5.28,
            "eps_growth_yearly": 118
        },
        "20222": {
            "year_quarter": 20222,
            "year": 2022,
            "quarter": 2,
            "eps": 1.62,
            "eps_growth_year": 44.64,
            "eps_4q": 4.81,
            "eps_4q_growth_year": 40.57,
            "roe": 8.85,
            "roe_4q": 26.57,
            "gross_profit": 669362,
            "gross_margin": 4.37,
            "gross_margin_4q_avg": 4.81,
            "net_income": 350106,
            "net_income_4q": null,
            "revenue": 15314120,
            "revenue_4q": null,
            "common_shares": 2005322,
            "book_valuer_per_share": 19.74,
            "book_valuer_per_share_4q_avg": 18.33,
            "equity": 4162738,
            "current_ratio": 126.24,
            "debt_ratio": 80.05,
            "inventory_turnover_ratio": 2.04,
            "account_receivable_turnover_ratio": 2.23,
            "reinvestment_rate": 33.73,
            "research_to_sale_ratio": 0.23,
            "price_fair": 105.18,
            "eps_avg_yearly": 3.01,
            "eps_latest_yearly": 6.48,
            "eps_growth_yearly": 71.76
        },
        "20223": {
            "year_quarter": 20223,
            "year": 2022,
            "quarter": 3,
            "eps": 1.4,
            "eps_growth_year": 23.89,
            "eps_4q": 5.16,
            "eps_4q_growth_year": 44.79,
            "roe": 6.78,
            "roe_4q": 27.23,
            "gross_profit": 474476,
            "gross_margin": 2.98,
            "gross_margin_4q_avg": 4.23,
            "net_income": 297199,
            "net_income_4q": null,
            "revenue": 15899028,
            "revenue_4q": null,
            "common_shares": 2165748,
            "book_valuer_per_share": 20.32,
            "book_valuer_per_share_4q_avg": 19.04,
            "equity": 4598022,
            "current_ratio": 132.96,
            "debt_ratio": 78.36,
            "inventory_turnover_ratio": 1.68,
            "account_receivable_turnover_ratio": 2.34,
            "reinvestment_rate": 31.7,
            "research_to_sale_ratio": 0.14,
            "price_fair": 112.88,
            "eps_avg_yearly": 3.23,
            "eps_latest_yearly": 5.6,
            "eps_growth_yearly": 60.87
        },
        "20224": {
            "year_quarter": 20224,
            "year": 2022,
            "quarter": 4,
            "eps": 0.77,
            "eps_growth_year": -23.02,
            "eps_4q": 4.98,
            "eps_4q_growth_year": 22.99,
            "roe": 3.54,
            "roe_4q": 26.040000000000003,
            "gross_profit": 635434,
            "gross_margin": 4.18,
            "gross_margin_4q_avg": 4.09,
            "net_income": 165173,
            "net_income_4q": null,
            "revenue": 15184532,
            "revenue_4q": null,
            "common_shares": 2179081,
            "book_valuer_per_share": 20.86,
            "book_valuer_per_share_4q_avg": 19.64,
            "equity": 4740711,
            "current_ratio": 133.66,
            "debt_ratio": 77.34,
            "inventory_turnover_ratio": 1.44,
            "account_receivable_turnover_ratio": 2.36,
            "reinvestment_rate": 26.8,
            "research_to_sale_ratio": 0.2,
            "price_fair": 117.69,
            "eps_avg_yearly": 3.36,
            "eps_latest_yearly": 3.08,
            "eps_growth_yearly": 64.04
        },
        "20231": {
            "year_quarter": 20231,
            "year": 2023,
            "quarter": 1,
            "eps": 0.56,
            "eps_growth_year": -57.58,
            "eps_4q": 4.13,
            "eps_4q_growth_year": -8.29,
            "roe": 2.67,
            "roe_4q": 21.84,
            "gross_profit": 532428,
            "gross_margin": 3.46,
            "gross_margin_4q_avg": 3.75,
            "net_income": 121688,
            "net_income_4q": null,
            "revenue": 15402958,
            "revenue_4q": null,
            "common_shares": 2291110,
            "book_valuer_per_share": 18.3,
            "book_valuer_per_share_4q_avg": 19.81,
            "equity": 4383913,
            "current_ratio": 119.23,
            "debt_ratio": 84.87,
            "inventory_turnover_ratio": 1.24,
            "account_receivable_turnover_ratio": 2.6,
            "reinvestment_rate": 27.36,
            "research_to_sale_ratio": 0.18,
            "price_fair": 120.31,
            "eps_avg_yearly": 3.44,
            "eps_latest_yearly": 2.24,
            "eps_growth_yearly": 52.68
        },
        "20232": {
            "year_quarter": 20232,
            "year": 2023,
            "quarter": 2,
            "eps": 0.48,
            "eps_growth_year": -70.37,
            "eps_4q": 3.06,
            "eps_4q_growth_year": -36.44,
            "roe": 2.37,
            "roe_4q": 15.36,
            "gross_profit": 568711,
            "gross_margin": 4.25,
            "gross_margin_4q_avg": 3.72,
            "net_income": 106007,
            "net_income_4q": null,
            "revenue": 13369812,
            "revenue_4q": null,
            "common_shares": 2300292,
            "book_valuer_per_share": 19.13,
            "book_valuer_per_share_4q_avg": 19.65,
            "equity": 4580423,
            "current_ratio": 122.35,
            "debt_ratio": 80.74,
            "inventory_turnover_ratio": 0.89,
            "account_receivable_turnover_ratio": 2.32,
            "reinvestment_rate": 25.7,
            "research_to_sale_ratio": 0.23,
            "price_fair": 121.98,
            "eps_avg_yearly": 3.49,
            "eps_latest_yearly": 1.92,
            "eps_growth_yearly": 46.22
        },
        "20233": {
            "year_quarter": 20233,
            "year": 2023,
            "quarter": 3,
            "eps": 1.01,
            "eps_growth_year": -27.86,
            "eps_4q": 2.73,
            "eps_4q_growth_year": -47.2,
            "roe": 4.87,
            "roe_4q": 13.45,
            "gross_profit": 696041,
            "gross_margin": 4.87,
            "gross_margin_4q_avg": 4.19,
            "net_income": 231635,
            "net_income_4q": null,
            "revenue": 14305317,
            "revenue_4q": null,
            "common_shares": 2310810,
            "book_valuer_per_share": 20.58,
            "book_valuer_per_share_4q_avg": 19.72,
            "equity": 4934711,
            "current_ratio": 127.07,
            "debt_ratio": 77.07,
            "inventory_turnover_ratio": 1.01,
            "account_receivable_turnover_ratio": 2.45,
            "reinvestment_rate": 25.45,
            "research_to_sale_ratio": 0.21,
            "price_fair": 124.69,
            "eps_avg_yearly": 3.56,
            "eps_latest_yearly": 4.04,
            "eps_growth_yearly": 38.48
        }
    },
    "months": {
        "2003-10": {
            "month": "2003-10",
            "price": "29.36",
            "revenue": 139785
        },
        "2003-11": {
            "month": "2003-11",
            "price": "28.64",
            "revenue": 153060
        },
        "2003-12": {
            "month": "2003-12",
            "price": "28.38",
            "revenue": 115767
        },
        "2004-01": {
            "month": "2004-01",
            "price": "28.55",
            "revenue": 149516
        },
        "2004-02": {
            "month": "2004-02",
            "price": "30.58",
            "revenue": 168610
        },
        "2004-03": {
            "month": "2004-03",
            "price": "30.27",
            "revenue": 214019
        },
        "2004-04": {
            "month": "2004-04",
            "price": "31.25",
            "revenue": 209270
        },
        "2004-05": {
            "month": "2004-05",
            "price": "24.88",
            "revenue": 171754
        },
        "2004-06": {
            "month": "2004-06",
            "price": "22.46",
            "revenue": 189884
        },
        "2004-07": {
            "month": "2004-07",
            "price": "19.52",
            "revenue": 245059
        },
        "2004-08": {
            "month": "2004-08",
            "price": "18.15",
            "revenue": 253724
        },
        "2004-09": {
            "month": "2004-09",
            "price": "19.84",
            "revenue": 255121
        },
        "2004-10": {
            "month": "2004-10",
            "price": "20.22",
            "revenue": 243486
        },
        "2004-11": {
            "month": "2004-11",
            "price": "19.57",
            "revenue": 260691
        },
        "2004-12": {
            "month": "2004-12",
            "price": "19.49",
            "revenue": 249441
        },
        "2005-01": {
            "month": "2005-01",
            "price": "18.76",
            "revenue": 331039
        },
        "2005-02": {
            "month": "2005-02",
            "price": "23.47",
            "revenue": 365831
        },
        "2005-03": {
            "month": "2005-03",
            "price": "31.58",
            "revenue": 334408
        },
        "2005-04": {
            "month": "2005-04",
            "price": "28.00",
            "revenue": 309626
        },
        "2005-05": {
            "month": "2005-05",
            "price": "28.48",
            "revenue": 307917
        },
        "2005-06": {
            "month": "2005-06",
            "price": "29.17",
            "revenue": 239413
        },
        "2005-07": {
            "month": "2005-07",
            "price": "34.20",
            "revenue": 274475
        },
        "2005-08": {
            "month": "2005-08",
            "price": "30.24",
            "revenue": 300937
        },
        "2005-09": {
            "month": "2005-09",
            "price": "27.42",
            "revenue": 332490
        },
        "2005-10": {
            "month": "2005-10",
            "price": "25.69",
            "revenue": 409856
        },
        "2005-11": {
            "month": "2005-11",
            "price": "26.09",
            "revenue": 422476
        },
        "2005-12": {
            "month": "2005-12",
            "price": "29.69",
            "revenue": 365732
        },
        "2006-01": {
            "month": "2006-01",
            "price": "30.65",
            "revenue": 376469
        },
        "2006-02": {
            "month": "2006-02",
            "price": "27.41",
            "revenue": 480524
        },
        "2006-03": {
            "month": "2006-03",
            "price": "27.26",
            "revenue": 620001
        },
        "2006-04": {
            "month": "2006-04",
            "price": "30.65",
            "revenue": 674602
        },
        "2006-05": {
            "month": "2006-05",
            "price": "28.19",
            "revenue": 496030
        },
        "2006-06": {
            "month": "2006-06",
            "price": "24.01",
            "revenue": 676697
        },
        "2006-07": {
            "month": "2006-07",
            "price": "24.79",
            "revenue": 576312
        },
        "2006-08": {
            "month": "2006-08",
            "price": "24.33",
            "revenue": 363361
        },
        "2006-09": {
            "month": "2006-09",
            "price": "22.91",
            "revenue": 285078
        },
        "2006-10": {
            "month": "2006-10",
            "price": "23.45",
            "revenue": 326812
        },
        "2006-11": {
            "month": "2006-11",
            "price": "23.14",
            "revenue": 331627
        },
        "2006-12": {
            "month": "2006-12",
            "price": "23.78",
            "revenue": 309833
        },
        "2007-01": {
            "month": "2007-01",
            "price": "23.95",
            "revenue": 302184
        },
        "2007-02": {
            "month": "2007-02",
            "price": "22.82",
            "revenue": 241137
        },
        "2007-03": {
            "month": "2007-03",
            "price": "22.60",
            "revenue": 405905
        },
        "2007-04": {
            "month": "2007-04",
            "price": "23.51",
            "revenue": 305259
        },
        "2007-05": {
            "month": "2007-05",
            "price": "25.48",
            "revenue": 421933
        },
        "2007-06": {
            "month": "2007-06",
            "price": "24.89",
            "revenue": 510700
        },
        "2007-07": {
            "month": "2007-07",
            "price": "24.72",
            "revenue": 524795
        },
        "2007-08": {
            "month": "2007-08",
            "price": "20.22",
            "revenue": 557373
        },
        "2007-09": {
            "month": "2007-09",
            "price": "21.06",
            "revenue": 533425
        },
        "2007-10": {
            "month": "2007-10",
            "price": "21.38",
            "revenue": 556629
        },
        "2007-11": {
            "month": "2007-11",
            "price": "19.36",
            "revenue": 482000
        },
        "2007-12": {
            "month": "2007-12",
            "price": "18.14",
            "revenue": 414722
        },
        "2008-01": {
            "month": "2008-01",
            "price": "16.81",
            "revenue": 501761
        },
        "2008-02": {
            "month": "2008-02",
            "price": "16.62",
            "revenue": 363576
        },
        "2008-03": {
            "month": "2008-03",
            "price": "18.75",
            "revenue": 477118
        },
        "2008-04": {
            "month": "2008-04",
            "price": "19.60",
            "revenue": 449045
        },
        "2008-05": {
            "month": "2008-05",
            "price": "20.63",
            "revenue": 527055
        },
        "2008-06": {
            "month": "2008-06",
            "price": "19.77",
            "revenue": 581973
        },
        "2008-07": {
            "month": "2008-07",
            "price": "17.09",
            "revenue": 581565
        },
        "2008-08": {
            "month": "2008-08",
            "price": "17.93",
            "revenue": 528737
        },
        "2008-09": {
            "month": "2008-09",
            "price": "15.95",
            "revenue": 600392
        },
        "2008-10": {
            "month": "2008-10",
            "price": "13.97",
            "revenue": 647496
        },
        "2008-11": {
            "month": "2008-11",
            "price": "13.48",
            "revenue": 452697
        },
        "2008-12": {
            "month": "2008-12",
            "price": "12.76",
            "revenue": 481103
        },
        "2009-01": {
            "month": "2009-01",
            "price": "13.03",
            "revenue": 376416
        },
        "2009-02": {
            "month": "2009-02",
            "price": "13.98",
            "revenue": 404432
        },
        "2009-03": {
            "month": "2009-03",
            "price": "15.51",
            "revenue": 500198
        },
        "2009-04": {
            "month": "2009-04",
            "price": "18.53",
            "revenue": 474239
        },
        "2009-05": {
            "month": "2009-05",
            "price": "19.65",
            "revenue": 425429
        },
        "2009-06": {
            "month": "2009-06",
            "price": "19.12",
            "revenue": 434677
        },
        "2009-07": {
            "month": "2009-07",
            "price": "20.19",
            "revenue": 590585
        },
        "2009-08": {
            "month": "2009-08",
            "price": "19.35",
            "revenue": 596772
        },
        "2009-09": {
            "month": "2009-09",
            "price": "20.96",
            "revenue": 677880
        },
        "2009-10": {
            "month": "2009-10",
            "price": "22.95",
            "revenue": 515774
        },
        "2009-11": {
            "month": "2009-11",
            "price": "22.47",
            "revenue": 455072
        },
        "2009-12": {
            "month": "2009-12",
            "price": "23.05",
            "revenue": 517394
        },
        "2010-01": {
            "month": "2010-01",
            "price": "24.89",
            "revenue": 650256
        },
        "2010-02": {
            "month": "2010-02",
            "price": "22.91",
            "revenue": 615614
        },
        "2010-03": {
            "month": "2010-03",
            "price": "24.47",
            "revenue": 713323
        },
        "2010-04": {
            "month": "2010-04",
            "price": "29.84",
            "revenue": 825594
        },
        "2010-05": {
            "month": "2010-05",
            "price": "31.74",
            "revenue": 847162
        },
        "2010-06": {
            "month": "2010-06",
            "price": "32.11",
            "revenue": 848407
        },
        "2010-07": {
            "month": "2010-07",
            "price": "32.97",
            "revenue": 852427
        },
        "2010-08": {
            "month": "2010-08",
            "price": "32.18",
            "revenue": 857226
        },
        "2010-09": {
            "month": "2010-09",
            "price": "34.01",
            "revenue": 845315
        },
        "2010-10": {
            "month": "2010-10",
            "price": "42.22",
            "revenue": 760279
        },
        "2010-11": {
            "month": "2010-11",
            "price": "38.26",
            "revenue": 918631
        },
        "2010-12": {
            "month": "2010-12",
            "price": "41.78",
            "revenue": 672439
        },
        "2011-01": {
            "month": "2011-01",
            "price": "39.05",
            "revenue": 922808
        },
        "2011-02": {
            "month": "2011-02",
            "price": "37.84",
            "revenue": 631414
        },
        "2011-03": {
            "month": "2011-03",
            "price": "36.16",
            "revenue": 797016
        },
        "2011-04": {
            "month": "2011-04",
            "price": "36.84",
            "revenue": 774263
        },
        "2011-05": {
            "month": "2011-05",
            "price": "36.01",
            "revenue": 728561
        },
        "2011-06": {
            "month": "2011-06",
            "price": "34.60",
            "revenue": 774201
        },
        "2011-07": {
            "month": "2011-07",
            "price": "34.58",
            "revenue": 780646
        },
        "2011-08": {
            "month": "2011-08",
            "price": "25.82",
            "revenue": 842153
        },
        "2011-09": {
            "month": "2011-09",
            "price": "23.93",
            "revenue": 883542
        },
        "2011-10": {
            "month": "2011-10",
            "price": "23.42",
            "revenue": 845710
        },
        "2011-11": {
            "month": "2011-11",
            "price": "22.68",
            "revenue": 807128
        },
        "2011-12": {
            "month": "2011-12",
            "price": "20.30",
            "revenue": 710433
        },
        "2012-01": {
            "month": "2012-01",
            "price": "20.79",
            "revenue": 1044849
        },
        "2012-02": {
            "month": "2012-02",
            "price": "25.01",
            "revenue": 1536942
        },
        "2012-03": {
            "month": "2012-03",
            "price": "26.92",
            "revenue": 1405001
        },
        "2012-04": {
            "month": "2012-04",
            "price": "25.42",
            "revenue": 1273413
        },
        "2012-05": {
            "month": "2012-05",
            "price": "23.22",
            "revenue": 1172329
        },
        "2012-06": {
            "month": "2012-06",
            "price": "22.19",
            "revenue": 1203353
        },
        "2012-07": {
            "month": "2012-07",
            "price": "23.02",
            "revenue": 1382838
        },
        "2012-08": {
            "month": "2012-08",
            "price": "23.40",
            "revenue": 1686644
        },
        "2012-09": {
            "month": "2012-09",
            "price": "25.53",
            "revenue": 1923428
        },
        "2012-10": {
            "month": "2012-10",
            "price": "24.27",
            "revenue": 1598536
        },
        "2012-11": {
            "month": "2012-11",
            "price": "20.93",
            "revenue": 1485569
        },
        "2012-12": {
            "month": "2012-12",
            "price": "21.30",
            "revenue": 1265918
        },
        "2013-01": {
            "month": "2013-01",
            "price": "20.66",
            "revenue": 1505766
        },
        "2013-02": {
            "month": "2013-02",
            "price": "19.47",
            "revenue": 1311069
        },
        "2013-03": {
            "month": "2013-03",
            "price": "19.26",
            "revenue": 1814751
        },
        "2013-04": {
            "month": "2013-04",
            "price": "20.23",
            "revenue": 1617892
        },
        "2013-05": {
            "month": "2013-05",
            "price": "20.92",
            "revenue": 1816233
        },
        "2013-06": {
            "month": "2013-06",
            "price": "22.18",
            "revenue": 1324686
        },
        "2013-07": {
            "month": "2013-07",
            "price": "21.88",
            "revenue": 1492643
        },
        "2013-08": {
            "month": "2013-08",
            "price": "21.23",
            "revenue": 1569255
        },
        "2013-09": {
            "month": "2013-09",
            "price": "21.69",
            "revenue": 1684039
        },
        "2013-10": {
            "month": "2013-10",
            "price": "21.00",
            "revenue": 1606440
        },
        "2013-11": {
            "month": "2013-11",
            "price": "20.82",
            "revenue": 1894128
        },
        "2013-12": {
            "month": "2013-12",
            "price": "21.85",
            "revenue": 1545809
        },
        "2014-01": {
            "month": "2014-01",
            "price": "22.39",
            "revenue": 1644443
        },
        "2014-02": {
            "month": "2014-02",
            "price": "22.44",
            "revenue": 1686540
        },
        "2014-03": {
            "month": "2014-03",
            "price": "26.31",
            "revenue": 1706048
        },
        "2014-04": {
            "month": "2014-04",
            "price": "27.85",
            "revenue": 1960504
        },
        "2014-05": {
            "month": "2014-05",
            "price": "28.75",
            "revenue": 1898044
        },
        "2014-06": {
            "month": "2014-06",
            "price": "31.08",
            "revenue": 1932952
        },
        "2014-07": {
            "month": "2014-07",
            "price": "31.47",
            "revenue": 1902074
        },
        "2014-08": {
            "month": "2014-08",
            "price": "31.15",
            "revenue": 1987528
        },
        "2014-09": {
            "month": "2014-09",
            "price": "30.89",
            "revenue": 1983833
        },
        "2014-10": {
            "month": "2014-10",
            "price": "29.08",
            "revenue": 1924575
        },
        "2014-11": {
            "month": "2014-11",
            "price": "28.30",
            "revenue": 1998530
        },
        "2014-12": {
            "month": "2014-12",
            "price": "31.10",
            "revenue": 1637683
        },
        "2015-01": {
            "month": "2015-01",
            "price": "30.53",
            "revenue": 2175023
        },
        "2015-02": {
            "month": "2015-02",
            "price": "31.19",
            "revenue": 1502837
        },
        "2015-03": {
            "month": "2015-03",
            "price": "32.22",
            "revenue": 1983029
        },
        "2015-04": {
            "month": "2015-04",
            "price": "33.41",
            "revenue": 1904076
        },
        "2015-05": {
            "month": "2015-05",
            "price": "32.41",
            "revenue": 1966412
        },
        "2015-06": {
            "month": "2015-06",
            "price": "31.51",
            "revenue": 1746395
        },
        "2015-07": {
            "month": "2015-07",
            "price": "29.62",
            "revenue": 2172935
        },
        "2015-08": {
            "month": "2015-08",
            "price": "23.17",
            "revenue": 2243654
        },
        "2015-09": {
            "month": "2015-09",
            "price": "23.11",
            "revenue": 2219510
        },
        "2015-10": {
            "month": "2015-10",
            "price": "24.35",
            "revenue": 2094155
        },
        "2015-11": {
            "month": "2015-11",
            "price": "24.96",
            "revenue": 2224322
        },
        "2015-12": {
            "month": "2015-12",
            "price": "25.01",
            "revenue": 2126447
        },
        "2016-01": {
            "month": "2016-01",
            "price": "25.03",
            "revenue": 2103179
        },
        "2016-02": {
            "month": "2016-02",
            "price": "26.68",
            "revenue": 1933659
        },
        "2016-03": {
            "month": "2016-03",
            "price": "29.38",
            "revenue": 2626157
        },
        "2016-04": {
            "month": "2016-04",
            "price": "30.40",
            "revenue": 2152166
        },
        "2016-05": {
            "month": "2016-05",
            "price": "28.38",
            "revenue": 2278764
        },
        "2016-06": {
            "month": "2016-06",
            "price": "28.91",
            "revenue": 2230651
        },
        "2016-07": {
            "month": "2016-07",
            "price": "28.02",
            "revenue": 2259048
        },
        "2016-08": {
            "month": "2016-08",
            "price": "25.97",
            "revenue": 2773484
        },
        "2016-09": {
            "month": "2016-09",
            "price": "25.93",
            "revenue": 2588878
        },
        "2016-10": {
            "month": "2016-10",
            "price": "25.62",
            "revenue": 2232411
        },
        "2016-11": {
            "month": "2016-11",
            "price": "24.35",
            "revenue": 2616864
        },
        "2016-12": {
            "month": "2016-12",
            "price": "24.32",
            "revenue": 2274436
        },
        "2017-01": {
            "month": "2017-01",
            "price": "24.94",
            "revenue": 2573359
        },
        "2017-02": {
            "month": "2017-02",
            "price": "25.85",
            "revenue": 2522951
        },
        "2017-03": {
            "month": "2017-03",
            "price": "26.30",
            "revenue": 3004524
        },
        "2017-04": {
            "month": "2017-04",
            "price": "25.64",
            "revenue": 2756048
        },
        "2017-05": {
            "month": "2017-05",
            "price": "25.56",
            "revenue": 2106505
        },
        "2017-06": {
            "month": "2017-06",
            "price": "25.57",
            "revenue": 2223354
        },
        "2017-07": {
            "month": "2017-07",
            "price": "25.49",
            "revenue": 3387306
        },
        "2017-08": {
            "month": "2017-08",
            "price": "23.65",
            "revenue": 2659059
        },
        "2017-09": {
            "month": "2017-09",
            "price": "22.31",
            "revenue": 2682245
        },
        "2017-10": {
            "month": "2017-10",
            "price": "21.43",
            "revenue": 3088222
        },
        "2017-11": {
            "month": "2017-11",
            "price": "21.66",
            "revenue": 2588366
        },
        "2017-12": {
            "month": "2017-12",
            "price": "20.55",
            "revenue": 2049682
        },
        "2018-01": {
            "month": "2018-01",
            "price": "20.42",
            "revenue": 3035271
        },
        "2018-02": {
            "month": "2018-02",
            "price": "20.03",
            "revenue": 1464602
        },
        "2018-03": {
            "month": "2018-03",
            "price": "20.48",
            "revenue": 2472590
        },
        "2018-04": {
            "month": "2018-04",
            "price": "20.85",
            "revenue": 2499678
        },
        "2018-05": {
            "month": "2018-05",
            "price": "20.24",
            "revenue": 2529742
        },
        "2018-06": {
            "month": "2018-06",
            "price": "20.16",
            "revenue": 2704878
        },
        "2018-07": {
            "month": "2018-07",
            "price": "20.15",
            "revenue": 3374544
        },
        "2018-08": {
            "month": "2018-08",
            "price": "19.40",
            "revenue": 3054587
        },
        "2018-09": {
            "month": "2018-09",
            "price": "18.52",
            "revenue": 2248213
        },
        "2018-10": {
            "month": "2018-10",
            "price": "17.08",
            "revenue": 3003379
        },
        "2018-11": {
            "month": "2018-11",
            "price": "16.90",
            "revenue": 3273232
        },
        "2018-12": {
            "month": "2018-12",
            "price": "17.30",
            "revenue": 2134352
        },
        "2019-01": {
            "month": "2019-01",
            "price": "17.07",
            "revenue": 3779207
        },
        "2019-02": {
            "month": "2019-02",
            "price": "18.53",
            "revenue": 1729553
        },
        "2019-03": {
            "month": "2019-03",
            "price": "18.67",
            "revenue": 2481157
        },
        "2019-04": {
            "month": "2019-04",
            "price": "18.76",
            "revenue": 2829571
        },
        "2019-05": {
            "month": "2019-05",
            "price": "18.72",
            "revenue": 3310782
        },
        "2019-06": {
            "month": "2019-06",
            "price": "18.90",
            "revenue": 3119826
        },
        "2019-07": {
            "month": "2019-07",
            "price": "19.81",
            "revenue": 3341695
        },
        "2019-08": {
            "month": "2019-08",
            "price": "17.77",
            "revenue": 3877506
        },
        "2019-09": {
            "month": "2019-09",
            "price": "18.51",
            "revenue": 3574296
        },
        "2019-10": {
            "month": "2019-10",
            "price": "18.82",
            "revenue": 4332301
        },
        "2019-11": {
            "month": "2019-11",
            "price": "20.11",
            "revenue": 4173242
        },
        "2019-12": {
            "month": "2019-12",
            "price": "20.80",
            "revenue": 3022932
        },
        "2020-01": {
            "month": "2020-01",
            "price": "20.49",
            "revenue": 3242974
        },
        "2020-02": {
            "month": "2020-02",
            "price": "19.55",
            "revenue": 3044833
        },
        "2020-03": {
            "month": "2020-03",
            "price": "17.72",
            "revenue": 3234867
        },
        "2020-04": {
            "month": "2020-04",
            "price": "18.39",
            "revenue": 3679577
        },
        "2020-05": {
            "month": "2020-05",
            "price": "20.00",
            "revenue": 3135749
        },
        "2020-06": {
            "month": "2020-06",
            "price": "20.56",
            "revenue": 2912387
        },
        "2020-07": {
            "month": "2020-07",
            "price": "20.20",
            "revenue": 3946869
        },
        "2020-08": {
            "month": "2020-08",
            "price": "19.92",
            "revenue": 3551076
        },
        "2020-09": {
            "month": "2020-09",
            "price": "20.04",
            "revenue": 3855546
        },
        "2020-10": {
            "month": "2020-10",
            "price": "19.78",
            "revenue": 4334231
        },
        "2020-11": {
            "month": "2020-11",
            "price": "21.57",
            "revenue": 3817643
        },
        "2020-12": {
            "month": "2020-12",
            "price": "23.30",
            "revenue": 3203588
        },
        "2021-01": {
            "month": "2021-01",
            "price": "22.60",
            "revenue": 4514155
        },
        "2021-02": {
            "month": "2021-02",
            "price": "23.45",
            "revenue": 3195885
        },
        "2021-03": {
            "month": "2021-03",
            "price": "26.28",
            "revenue": 3887979
        },
        "2021-04": {
            "month": "2021-04",
            "price": "28.96",
            "revenue": 4528328
        },
        "2021-05": {
            "month": "2021-05",
            "price": "28.00",
            "revenue": 3772043
        },
        "2021-06": {
            "month": "2021-06",
            "price": "28.51",
            "revenue": 3445621
        },
        "2021-07": {
            "month": "2021-07",
            "price": "30.29",
            "revenue": 4352677
        },
        "2021-08": {
            "month": "2021-08",
            "price": "30.41",
            "revenue": 4538119
        },
        "2021-09": {
            "month": "2021-09",
            "price": "29.73",
            "revenue": 4811027
        },
        "2021-10": {
            "month": "2021-10",
            "price": "29.01",
            "revenue": 3554161
        },
        "2021-11": {
            "month": "2021-11",
            "price": "29.62",
            "revenue": 3542079
        },
        "2021-12": {
            "month": "2021-12",
            "price": "28.99",
            "revenue": 2992179
        },
        "2022-01": {
            "month": "2022-01",
            "price": "28.83",
            "revenue": 5437054
        },
        "2022-02": {
            "month": "2022-02",
            "price": "31.06",
            "revenue": 3868691
        },
        "2022-03": {
            "month": "2022-03",
            "price": "35.94",
            "revenue": 4729619
        },
        "2022-04": {
            "month": "2022-04",
            "price": "38.28",
            "revenue": 5469376
        },
        "2022-05": {
            "month": "2022-05",
            "price": "39.09",
            "revenue": 5014403
        },
        "2022-06": {
            "month": "2022-06",
            "price": "39.07",
            "revenue": 4825693
        },
        "2022-07": {
            "month": "2022-07",
            "price": "35.75",
            "revenue": 6345141
        },
        "2022-08": {
            "month": "2022-08",
            "price": "37.61",
            "revenue": 5017486
        },
        "2022-09": {
            "month": "2022-09",
            "price": "35.68",
            "revenue": 4536401
        },
        "2022-10": {
            "month": "2022-10",
            "price": "31.91",
            "revenue": 5045554
        },
        "2022-11": {
            "month": "2022-11",
            "price": "33.76",
            "revenue": 4992270
        },
        "2022-12": {
            "month": "2022-12",
            "price": "35.65",
            "revenue": 5146708
        },
        "2023-01": {
            "month": "2023-01",
            "price": "37.38",
            "revenue": 6069368
        },
        "2023-02": {
            "month": "2023-02",
            "price": "41.09",
            "revenue": 2554729
        },
        "2023-03": {
            "month": "2023-03",
            "price": "41.59",
            "revenue": 6572794
        },
        "2023-04": {
            "month": "2023-04",
            "price": "41.84",
            "revenue": 6471770
        },
        "2023-05": {
            "month": "2023-05",
            "price": "41.66",
            "revenue": 4669533
        },
        "2023-06": {
            "month": "2023-06",
            "price": "41.57",
            "revenue": 2434576
        },
        "2023-07": {
            "month": "2023-07",
            "price": "39.94",
            "revenue": 6653841
        },
        "2023-08": {
            "month": "2023-08",
            "price": "34.48",
            "revenue": 4270136
        },
        "2023-09": {
            "month": "2023-09",
            "price": "35.59",
            "revenue": 3381340
        },
        "2023-10": {
            "month": "2023-10",
            "price": "34.03",
            "revenue": 6515902
        },
        "2023-11": {
            "month": "2023-11",
            "price": "35.69",
            "revenue": 3702090
        },
        "2023-12": {
            "month": "2023-12",
            "price": "36.28",
            "revenue": 2785173
        }
    }
}
