{
    "summary": {
        "stock_name": "順達",
        "stock_id": "3211",
        "category": "電腦及週邊設備",
        "main_business": "電池製造業<br>電子零組件製造業<br>發電、輸電、配電機械製造業",
        "website_url": "http://www.dynapack.com.tw",
        "ceo": "許諸靜",
        "pe_ratio": 14,
        "report_year_from": 2002,
        "report_year_to": 2023,
        "age": 21,
        "eps_negative_percentage": 0,
        "eps_growth_avg": {
            "last_all": 8.39,
            "last_2y": 16.35,
            "last_4y": 26.35,
            "last_8y": 8.45,
            "last_12y": 3.44,
            "last_16y": 3.97,
            "last_20y": null,
            "at_2006_last_3y": null,
            "at_2007_last_3y": 30.67,
            "at_2008_last_3y": 13.65,
            "at_2009_last_3y": 5.69,
            "at_2010_last_3y": 8.38,
            "at_2011_last_3y": 4.8,
            "at_2012_last_3y": -1.06,
            "at_2013_last_3y": -7.82,
            "at_2014_last_3y": -4.25,
            "at_2015_last_3y": -17.85,
            "at_2016_last_3y": -22.68,
            "at_2017_last_3y": -13.92,
            "at_2018_last_3y": -3.17,
            "at_2019_last_3y": 9.98,
            "at_2020_last_3y": 24.06,
            "at_2021_last_3y": 51.95,
            "at_2022_last_3y": 19.51,
            "at_2023_last_3y": 19.51,
            "at_2006_last_all": 25.86,
            "at_2007_last_all": 30.67,
            "at_2008_last_all": 26.84,
            "at_2009_last_all": 19.11,
            "at_2010_last_all": 15.87,
            "at_2011_last_all": 17.73,
            "at_2012_last_all": 14.44,
            "at_2013_last_all": 8.34,
            "at_2014_last_all": 8.55,
            "at_2015_last_all": 5.87,
            "at_2016_last_all": 3.02,
            "at_2017_last_all": 1.98,
            "at_2018_last_all": 5.43,
            "at_2019_last_all": 6.9,
            "at_2020_last_all": 7.97,
            "at_2021_last_all": 13.08,
            "at_2022_last_all": 8.39,
            "at_2023_last_all": 8.39
        },
        "latest_eps": 5.48,
        "latest_price": 78,
        "latest_roe": 10.56,
        "latest_gross_margin": 7.66,
        "latest_equity": 7810123,
        "latest_revenue": 3896571,
        "latest_gross_profit": 298394,
        "latest_net_income": 113479,
        "latest_debt_ratio": 52.85,
        "latest_current_ratio": 202.8,
        "latest_account_receivable_turnover_ratio": 0.89,
        "latest_inventory_turnover_ratio": 1.63,
        "latest_reinvestment_rate": 1.62,
        "latest_research_to_sale_ratio": 1.72
    },
    "eps_dividends": {
        "2001": {
            "cash": 0,
            "stock": 0,
            "eps": 0
        },
        "2002": {
            "cash": 4.9,
            "stock": 0,
            "eps": 0
        },
        "2003": {
            "cash": 1,
            "stock": 3,
            "eps": 4.12
        },
        "2004": {
            "cash": 0,
            "stock": 3.1,
            "eps": 7.4
        },
        "2005": {
            "cash": 3.5,
            "stock": 1.5,
            "eps": 8.31
        },
        "2006": {
            "cash": 4.5,
            "stock": 2,
            "eps": 7.12
        },
        "2007": {
            "cash": 3.38,
            "stock": 0.48,
            "eps": 10.33
        },
        "2008": {
            "cash": 5.91,
            "stock": 0.99,
            "eps": 11.52
        },
        "2009": {
            "cash": 6,
            "stock": 1,
            "eps": 9.27
        },
        "2010": {
            "cash": 5.99,
            "stock": 0,
            "eps": 8.94
        },
        "2011": {
            "cash": 5.99,
            "stock": 0,
            "eps": 11.69
        },
        "2012": {
            "cash": 6.5,
            "stock": 0,
            "eps": 10.3
        },
        "2013": {
            "cash": 6.5,
            "stock": 0,
            "eps": 5.5
        },
        "2014": {
            "cash": 5,
            "stock": 0,
            "eps": 6.09
        },
        "2015": {
            "cash": 5,
            "stock": 0,
            "eps": 4.65
        },
        "2016": {
            "cash": 3.5,
            "stock": 0,
            "eps": 3.2
        },
        "2017": {
            "cash": 3,
            "stock": 0,
            "eps": 2.83
        },
        "2018": {
            "cash": 2.5,
            "stock": 0,
            "eps": 4.35
        },
        "2019": {
            "cash": 3.5,
            "stock": 0,
            "eps": 5.61
        },
        "2020": {
            "cash": 5,
            "stock": 0,
            "eps": 7.02
        },
        "2021": {
            "cash": 6.5,
            "stock": 0,
            "eps": 22.24
        },
        "2022": {
            "cash": 15.05,
            "stock": 0,
            "eps": 5.32
        },
        "2023": {
            "cash": 6.04,
            "stock": 0,
            "eps": 0.76
        }
    },
    "dividends": {
        "2002-05-06": {
            "cash": 4.9,
            "stock": 0
        },
        "2003-06-24": {
            "cash": 1,
            "stock": 3
        },
        "2004-04-26": {
            "cash": 0,
            "stock": 3.1
        },
        "2005-02-18": {
            "cash": 3.5,
            "stock": 1.5
        },
        "2006-01-26": {
            "cash": 4.5,
            "stock": 2
        },
        "2007-03-28": {
            "cash": 3.38,
            "stock": 0.48
        },
        "2008-03-06": {
            "cash": 5.91,
            "stock": 0.99
        },
        "2009-02-27": {
            "cash": 6,
            "stock": 1
        },
        "2010-02-26": {
            "cash": 5.99,
            "stock": 0
        },
        "2011-03-17": {
            "cash": 5.99,
            "stock": 0
        },
        "2012-03-21": {
            "cash": 6.5,
            "stock": 0
        },
        "2013-06-17": {
            "cash": 6.5,
            "stock": 0
        },
        "2014-06-12": {
            "cash": 5,
            "stock": 0
        },
        "2015-07-27": {
            "cash": 5,
            "stock": 0
        },
        "2016-07-26": {
            "cash": 3.5,
            "stock": 0
        },
        "2017-07-26": {
            "cash": 3,
            "stock": 0
        },
        "2018-07-31": {
            "cash": 2.5,
            "stock": 0
        },
        "2019-07-31": {
            "cash": 3.5,
            "stock": 0
        },
        "2020-07-23": {
            "cash": 5,
            "stock": 0
        },
        "2021-08-04": {
            "cash": 6.5,
            "stock": 0
        },
        "2022-05-04": {
            "cash": 15.05,
            "stock": 0
        },
        "2023-05-12": {
            "cash": 6.04,
            "stock": 0
        }
    },
    "prices": {
        "200101": "無",
        "200102": "無",
        "200103": "無",
        "200104": "無",
        "200105": "無",
        "200106": "無",
        "200107": "無",
        "200108": "無",
        "200109": "無",
        "200110": "無",
        "200111": "無",
        "200112": "無",
        "200201": "無",
        "200202": "無",
        "200203": "無",
        "200204": "無",
        "200205": "無",
        "200206": "無",
        "200207": "無",
        "200208": "無",
        "200209": "無",
        "200210": "無",
        "200211": "無",
        "200212": "無",
        "200301": "無",
        "200302": "無",
        "200303": "無",
        "200304": "無",
        "200305": "無",
        "200306": "無",
        "200307": "無",
        "200308": "無",
        "200309": "無",
        "200310": "無",
        "200311": "無",
        "200312": "無",
        "200401": "38.10",
        "200402": "39.97",
        "200403": "50.92",
        "200404": "51.06",
        "200405": "42.20",
        "200406": "37.52",
        "200407": "32.98",
        "200408": "26.76",
        "200409": "29.83",
        "200410": "34.62",
        "200411": "45.44",
        "200412": "49.48",
        "200501": "42.76",
        "200502": "52.15",
        "200503": "57.66",
        "200504": "63.34",
        "200505": "60.69",
        "200506": "59.48",
        "200507": "56.49",
        "200508": "67.15",
        "200509": "63.94",
        "200510": "65.61",
        "200511": "65.18",
        "200512": "68.82",
        "200601": "68.87",
        "200602": "66.49",
        "200603": "67.69",
        "200604": "71.44",
        "200605": "75.91",
        "200606": "67.17",
        "200607": "59.75",
        "200608": "60.50",
        "200609": "59.60",
        "200610": "59.12",
        "200611": "56.37",
        "200612": "57.84",
        "200701": "61.42",
        "200702": "62.37",
        "200703": "65.38",
        "200704": "67.60",
        "200705": "62.02",
        "200706": "70.58",
        "200707": "89.21",
        "200708": "88.35",
        "200709": "93.57",
        "200710": "97.40",
        "200711": "108.57",
        "200712": "107.22",
        "200801": "87.67",
        "200802": "88.47",
        "200803": "100.00",
        "200804": "119.07",
        "200805": "139.79",
        "200806": "137.50",
        "200807": "125.57",
        "200808": "111.65",
        "200809": "94.00",
        "200810": "77.52",
        "200811": "68.46",
        "200812": "60.10",
        "200901": "61.46",
        "200902": "68.83",
        "200903": "74.70",
        "200904": "79.10",
        "200905": "81.14",
        "200906": "81.36",
        "200907": "86.03",
        "200908": "91.56",
        "200909": "102.34",
        "200910": "106.45",
        "200911": "102.22",
        "200912": "104.20",
        "201001": "107.42",
        "201002": "93.66",
        "201003": "97.86",
        "201004": "104.03",
        "201005": "93.36",
        "201006": "91.59",
        "201007": "94.00",
        "201008": "91.10",
        "201009": "91.39",
        "201010": "92.59",
        "201011": "93.14",
        "201012": "98.77",
        "201101": "96.14",
        "201102": "93.07",
        "201103": "94.23",
        "201104": "94.59",
        "201105": "105.75",
        "201106": "126.14",
        "201107": "140.24",
        "201108": "122.86",
        "201109": "110.07",
        "201110": "113.28",
        "201111": "109.34",
        "201112": "108.00",
        "201201": "121.80",
        "201202": "162.32",
        "201203": "168.57",
        "201204": "153.72",
        "201205": "157.02",
        "201206": "155.57",
        "201207": "153.34",
        "201208": "146.55",
        "201209": "141.52",
        "201210": "121.09",
        "201211": "107.49",
        "201212": "111.26",
        "201301": "111.11",
        "201302": "111.42",
        "201303": "105.98",
        "201304": "102.16",
        "201305": "100.43",
        "201306": "97.34",
        "201307": "88.13",
        "201308": "81.62",
        "201309": "81.74",
        "201310": "83.40",
        "201311": "78.00",
        "201312": "79.05",
        "201401": "83.88",
        "201402": "79.65",
        "201403": "78.57",
        "201404": "79.50",
        "201405": "81.50",
        "201406": "87.18",
        "201407": "85.46",
        "201408": "85.60",
        "201409": "83.40",
        "201410": "75.43",
        "201411": "74.04",
        "201412": "73.42",
        "201501": "72.58",
        "201502": "73.27",
        "201503": "77.22",
        "201504": "76.02",
        "201505": "70.94",
        "201506": "66.13",
        "201507": "55.38",
        "201508": "48.57",
        "201509": "49.38",
        "201510": "53.20",
        "201511": "52.42",
        "201512": "49.56",
        "201601": "45.11",
        "201602": "47.11",
        "201603": "49.96",
        "201604": "49.95",
        "201605": "46.55",
        "201606": "47.12",
        "201607": "44.59",
        "201608": "43.71",
        "201609": "42.34",
        "201610": "42.00",
        "201611": "37.38",
        "201612": "37.56",
        "201701": "36.90",
        "201702": "38.63",
        "201703": "41.07",
        "201704": "40.74",
        "201705": "40.02",
        "201706": "41.17",
        "201707": "39.42",
        "201708": "38.32",
        "201709": "39.92",
        "201710": "49.26",
        "201711": "48.17",
        "201712": "45.14",
        "201801": "46.30",
        "201802": "42.62",
        "201803": "42.54",
        "201804": "40.62",
        "201805": "39.87",
        "201806": "41.14",
        "201807": "38.06",
        "201808": "39.64",
        "201809": "43.21",
        "201810": "39.52",
        "201811": "40.87",
        "201812": "44.23",
        "201901": "46.48",
        "201902": "50.91",
        "201903": "50.79",
        "201904": "51.12",
        "201905": "48.61",
        "201906": "50.04",
        "201907": "48.39",
        "201908": "47.99",
        "201909": "51.74",
        "201910": "57.77",
        "201911": "63.63",
        "201912": "61.35",
        "202001": "60.95",
        "202002": "60.89",
        "202003": "62.51",
        "202004": "67.74",
        "202005": "76.32",
        "202006": "80.91",
        "202007": "77.90",
        "202008": "81.68",
        "202009": "81.52",
        "202010": "79.41",
        "202011": "80.61",
        "202012": "84.34",
        "202101": "88.42",
        "202102": "100.07",
        "202103": "118.07",
        "202104": "121.58",
        "202105": "107.86",
        "202106": "107.52",
        "202107": "109.50",
        "202108": "95.78",
        "202109": "96.02",
        "202110": "93.83",
        "202111": "96.74",
        "202112": "100.23",
        "202201": "103.89",
        "202202": "101.74",
        "202203": "111.74",
        "202204": "88.36",
        "202205": "78.00",
        "202206": "77.20",
        "202207": "69.65",
        "202208": "77.11",
        "202209": "74.74",
        "202210": "69.76",
        "202211": "72.30",
        "202212": "74.43",
        "202301": "74.60",
        "202302": "78.90",
        "202303": "81.75",
        "202304": "77.15",
        "202305": "76.89"
    },
    "quarters": {
        "20011": {
            "year_quarter": 20011,
            "year": 2001,
            "quarter": 1,
            "eps": null,
            "eps_growth_year": null,
            "eps_4q": null,
            "eps_4q_growth_year": null,
            "roe": null,
            "roe_4q": 0,
            "gross_profit": null,
            "gross_margin": null,
            "gross_margin_4q_avg": 0,
            "net_income": null,
            "revenue": null,
            "common_shares": null,
            "book_valuer_per_share": null,
            "book_valuer_per_share_4q_avg": 0,
            "equity": null,
            "current_ratio": null,
            "debt_ratio": null,
            "inventory_turnover_ratio": null,
            "account_receivable_turnover_ratio": null,
            "reinvestment_rate": null,
            "research_to_sale_ratio": null,
            "price_fair": 0,
            "eps_avg_yearly": 0,
            "eps_latest_yearly": 0,
            "eps_growth_yearly": 0
        },
        "20012": {
            "year_quarter": 20012,
            "year": 2001,
            "quarter": 2,
            "eps": null,
            "eps_growth_year": null,
            "eps_4q": null,
            "eps_4q_growth_year": null,
            "roe": null,
            "roe_4q": 0,
            "gross_profit": null,
            "gross_margin": null,
            "gross_margin_4q_avg": 0,
            "net_income": null,
            "revenue": null,
            "common_shares": null,
            "book_valuer_per_share": null,
            "book_valuer_per_share_4q_avg": 0,
            "equity": null,
            "current_ratio": null,
            "debt_ratio": null,
            "inventory_turnover_ratio": null,
            "account_receivable_turnover_ratio": null,
            "reinvestment_rate": null,
            "research_to_sale_ratio": null,
            "price_fair": 0,
            "eps_avg_yearly": 0,
            "eps_latest_yearly": 0,
            "eps_growth_yearly": 0
        },
        "20013": {
            "year_quarter": 20013,
            "year": 2001,
            "quarter": 3,
            "eps": null,
            "eps_growth_year": null,
            "eps_4q": null,
            "eps_4q_growth_year": null,
            "roe": null,
            "roe_4q": 0,
            "gross_profit": null,
            "gross_margin": null,
            "gross_margin_4q_avg": 0,
            "net_income": null,
            "revenue": null,
            "common_shares": null,
            "book_valuer_per_share": null,
            "book_valuer_per_share_4q_avg": 0,
            "equity": null,
            "current_ratio": null,
            "debt_ratio": null,
            "inventory_turnover_ratio": null,
            "account_receivable_turnover_ratio": null,
            "reinvestment_rate": null,
            "research_to_sale_ratio": null,
            "price_fair": 0,
            "eps_avg_yearly": 0,
            "eps_latest_yearly": 0,
            "eps_growth_yearly": 0
        },
        "20014": {
            "year_quarter": 20014,
            "year": 2001,
            "quarter": 4,
            "eps": null,
            "eps_growth_year": null,
            "eps_4q": null,
            "eps_4q_growth_year": null,
            "roe": null,
            "roe_4q": 0,
            "gross_profit": null,
            "gross_margin": null,
            "gross_margin_4q_avg": 0,
            "net_income": null,
            "revenue": null,
            "common_shares": 50000,
            "book_valuer_per_share": 16.02,
            "book_valuer_per_share_4q_avg": 4.01,
            "equity": 80089,
            "current_ratio": 104.23,
            "debt_ratio": 72.63,
            "inventory_turnover_ratio": null,
            "account_receivable_turnover_ratio": null,
            "reinvestment_rate": null,
            "research_to_sale_ratio": null,
            "price_fair": 0,
            "eps_avg_yearly": 0,
            "eps_latest_yearly": 0,
            "eps_growth_yearly": 0
        },
        "20021": {
            "year_quarter": 20021,
            "year": 2002,
            "quarter": 1,
            "eps": null,
            "eps_growth_year": null,
            "eps_4q": null,
            "eps_4q_growth_year": null,
            "roe": null,
            "roe_4q": 0,
            "gross_profit": null,
            "gross_margin": null,
            "gross_margin_4q_avg": 0,
            "net_income": null,
            "revenue": null,
            "common_shares": null,
            "book_valuer_per_share": null,
            "book_valuer_per_share_4q_avg": 4.01,
            "equity": null,
            "current_ratio": null,
            "debt_ratio": null,
            "inventory_turnover_ratio": null,
            "account_receivable_turnover_ratio": null,
            "reinvestment_rate": null,
            "research_to_sale_ratio": null,
            "price_fair": 0,
            "eps_avg_yearly": 0,
            "eps_latest_yearly": 0,
            "eps_growth_yearly": 0
        },
        "20022": {
            "year_quarter": 20022,
            "year": 2002,
            "quarter": 2,
            "eps": null,
            "eps_growth_year": null,
            "eps_4q": null,
            "eps_4q_growth_year": null,
            "roe": null,
            "roe_4q": 0,
            "gross_profit": null,
            "gross_margin": null,
            "gross_margin_4q_avg": 0,
            "net_income": null,
            "revenue": null,
            "common_shares": null,
            "book_valuer_per_share": null,
            "book_valuer_per_share_4q_avg": 4.01,
            "equity": null,
            "current_ratio": null,
            "debt_ratio": null,
            "inventory_turnover_ratio": null,
            "account_receivable_turnover_ratio": null,
            "reinvestment_rate": null,
            "research_to_sale_ratio": null,
            "price_fair": 0,
            "eps_avg_yearly": 0,
            "eps_latest_yearly": 0,
            "eps_growth_yearly": 0
        },
        "20023": {
            "year_quarter": 20023,
            "year": 2002,
            "quarter": 3,
            "eps": null,
            "eps_growth_year": null,
            "eps_4q": null,
            "eps_4q_growth_year": null,
            "roe": null,
            "roe_4q": 0,
            "gross_profit": null,
            "gross_margin": null,
            "gross_margin_4q_avg": 0,
            "net_income": null,
            "revenue": null,
            "common_shares": null,
            "book_valuer_per_share": null,
            "book_valuer_per_share_4q_avg": 4.01,
            "equity": null,
            "current_ratio": null,
            "debt_ratio": null,
            "inventory_turnover_ratio": null,
            "account_receivable_turnover_ratio": null,
            "reinvestment_rate": null,
            "research_to_sale_ratio": null,
            "price_fair": 0,
            "eps_avg_yearly": 0,
            "eps_latest_yearly": 0,
            "eps_growth_yearly": 0
        },
        "20024": {
            "year_quarter": 20024,
            "year": 2002,
            "quarter": 4,
            "eps": null,
            "eps_growth_year": null,
            "eps_4q": null,
            "eps_4q_growth_year": null,
            "roe": null,
            "roe_4q": 0,
            "gross_profit": null,
            "gross_margin": null,
            "gross_margin_4q_avg": 0,
            "net_income": null,
            "revenue": null,
            "common_shares": 250000,
            "book_valuer_per_share": 18.97,
            "book_valuer_per_share_4q_avg": 4.74,
            "equity": 474215,
            "current_ratio": 237.04,
            "debt_ratio": 38.09,
            "inventory_turnover_ratio": null,
            "account_receivable_turnover_ratio": null,
            "reinvestment_rate": null,
            "research_to_sale_ratio": null,
            "price_fair": 0,
            "eps_avg_yearly": 0,
            "eps_latest_yearly": 0,
            "eps_growth_yearly": 0
        },
        "20031": {
            "year_quarter": 20031,
            "year": 2003,
            "quarter": 1,
            "eps": 1.24,
            "eps_growth_year": null,
            "eps_4q": null,
            "eps_4q_growth_year": null,
            "roe": 6.31,
            "roe_4q": 6.31,
            "gross_profit": 74557,
            "gross_margin": 15.82,
            "gross_margin_4q_avg": 3.96,
            "net_income": 30913,
            "revenue": 471188,
            "common_shares": 250000,
            "book_valuer_per_share": 20.21,
            "book_valuer_per_share_4q_avg": 9.8,
            "equity": 505128,
            "current_ratio": 212.01,
            "debt_ratio": 43.31,
            "inventory_turnover_ratio": 2.15,
            "account_receivable_turnover_ratio": null,
            "reinvestment_rate": null,
            "research_to_sale_ratio": null,
            "price_fair": 0,
            "eps_avg_yearly": 0,
            "eps_latest_yearly": 0,
            "eps_growth_yearly": 0
        },
        "20032": {
            "year_quarter": 20032,
            "year": 2003,
            "quarter": 2,
            "eps": 0.98,
            "eps_growth_year": null,
            "eps_4q": null,
            "eps_4q_growth_year": null,
            "roe": 6.35,
            "roe_4q": 12.66,
            "gross_profit": 87688,
            "gross_margin": 11.2,
            "gross_margin_4q_avg": 6.76,
            "net_income": 32204,
            "revenue": 783010,
            "common_shares": 250000,
            "book_valuer_per_share": 20.39,
            "book_valuer_per_share_4q_avg": 14.89,
            "equity": 509854,
            "current_ratio": 197.29,
            "debt_ratio": 46.76,
            "inventory_turnover_ratio": 2.2,
            "account_receivable_turnover_ratio": null,
            "reinvestment_rate": null,
            "research_to_sale_ratio": null,
            "price_fair": 11.76,
            "eps_avg_yearly": 3.92,
            "eps_latest_yearly": 3.92,
            "eps_growth_yearly": -83.87
        },
        "20033": {
            "year_quarter": 20033,
            "year": 2003,
            "quarter": 3,
            "eps": 0.28,
            "eps_growth_year": null,
            "eps_4q": null,
            "eps_4q_growth_year": null,
            "roe": 1.76,
            "roe_4q": 14.419999999999998,
            "gross_profit": 47456,
            "gross_margin": 6.5,
            "gross_margin_4q_avg": 8.38,
            "net_income": 9048,
            "revenue": 729948,
            "common_shares": 328000,
            "book_valuer_per_share": 15.82,
            "book_valuer_per_share_4q_avg": 18.85,
            "equity": 518901,
            "current_ratio": 177.61,
            "debt_ratio": 51.91,
            "inventory_turnover_ratio": 1.92,
            "account_receivable_turnover_ratio": null,
            "reinvestment_rate": null,
            "research_to_sale_ratio": null,
            "price_fair": 7.56,
            "eps_avg_yearly": 2.52,
            "eps_latest_yearly": 1.12,
            "eps_growth_yearly": -184.79
        },
        "20034": {
            "year_quarter": 20034,
            "year": 2003,
            "quarter": 4,
            "eps": 1.62,
            "eps_growth_year": null,
            "eps_4q": 3.83,
            "eps_4q_growth_year": null,
            "roe": 9.73,
            "roe_4q": 24.15,
            "gross_profit": 80718,
            "gross_margin": 9.32,
            "gross_margin_4q_avg": 10.71,
            "net_income": 53015,
            "revenue": 866115,
            "common_shares": 328000,
            "book_valuer_per_share": 17.42,
            "book_valuer_per_share_4q_avg": 18.46,
            "equity": 571356,
            "current_ratio": 186.73,
            "debt_ratio": 49.13,
            "inventory_turnover_ratio": 2.16,
            "account_receivable_turnover_ratio": null,
            "reinvestment_rate": null,
            "research_to_sale_ratio": null,
            "price_fair": 134.4,
            "eps_avg_yearly": 3.84,
            "eps_latest_yearly": 6.48,
            "eps_growth_yearly": 514.9
        },
        "20041": {
            "year_quarter": 20041,
            "year": 2004,
            "quarter": 1,
            "eps": 0.96,
            "eps_growth_year": -22.58,
            "eps_4q": 3.63,
            "eps_4q_growth_year": null,
            "roe": 5.11,
            "roe_4q": 22.950000000000003,
            "gross_profit": 78644,
            "gross_margin": 10.22,
            "gross_margin_4q_avg": 9.31,
            "net_income": 33851,
            "revenue": 769291,
            "common_shares": 377800,
            "book_valuer_per_share": 19.92,
            "book_valuer_per_share_4q_avg": 18.39,
            "equity": 752720,
            "current_ratio": 235.79,
            "debt_ratio": 38.97,
            "inventory_turnover_ratio": 1.68,
            "account_receivable_turnover_ratio": null,
            "reinvestment_rate": null,
            "research_to_sale_ratio": null,
            "price_fair": 134.4,
            "eps_avg_yearly": 3.84,
            "eps_latest_yearly": 3.84,
            "eps_growth_yearly": 345.43
        },
        "20042": {
            "year_quarter": 20042,
            "year": 2004,
            "quarter": 2,
            "eps": 0.99,
            "eps_growth_year": 1.02,
            "eps_4q": 2.96,
            "eps_4q_growth_year": null,
            "roe": 6.22,
            "roe_4q": 22.820000000000004,
            "gross_profit": 105921,
            "gross_margin": 13.88,
            "gross_margin_4q_avg": 9.98,
            "net_income": 48299,
            "revenue": 763016,
            "common_shares": 377800,
            "book_valuer_per_share": 21.15,
            "book_valuer_per_share_4q_avg": 18.58,
            "equity": 799069,
            "current_ratio": 198.66,
            "debt_ratio": 47.22,
            "inventory_turnover_ratio": 1.06,
            "account_receivable_turnover_ratio": null,
            "reinvestment_rate": null,
            "research_to_sale_ratio": null,
            "price_fair": 135.24,
            "eps_avg_yearly": 3.86,
            "eps_latest_yearly": 3.96,
            "eps_growth_yearly": 278.85
        },
        "20043": {
            "year_quarter": 20043,
            "year": 2004,
            "quarter": 3,
            "eps": 2.77,
            "eps_growth_year": 889.29,
            "eps_4q": 5.52,
            "eps_4q_growth_year": null,
            "roe": 15.67,
            "roe_4q": 36.730000000000004,
            "gross_profit": 192904,
            "gross_margin": 17.88,
            "gross_margin_4q_avg": 12.83,
            "net_income": 135947,
            "revenue": 1078737,
            "common_shares": 500000,
            "book_valuer_per_share": 18.73,
            "book_valuer_per_share_4q_avg": 19.31,
            "equity": 936430,
            "current_ratio": 220.64,
            "debt_ratio": 42.9,
            "inventory_turnover_ratio": 1.15,
            "account_receivable_turnover_ratio": null,
            "reinvestment_rate": null,
            "research_to_sale_ratio": null,
            "price_fair": 177.33,
            "eps_avg_yearly": 5.07,
            "eps_latest_yearly": 11.08,
            "eps_growth_yearly": 352.24
        },
        "20044": {
            "year_quarter": 20044,
            "year": 2004,
            "quarter": 4,
            "eps": 2.68,
            "eps_growth_year": 65.43,
            "eps_4q": 7.1,
            "eps_4q_growth_year": 85.58,
            "roe": 13.24,
            "roe_4q": 40.24,
            "gross_profit": 208126,
            "gross_margin": 16.09,
            "gross_margin_4q_avg": 14.52,
            "net_income": 132276,
            "revenue": 1293285,
            "common_shares": 500000,
            "book_valuer_per_share": 21.22,
            "book_valuer_per_share_4q_avg": 20.26,
            "equity": 1061049,
            "current_ratio": 202.77,
            "debt_ratio": 47.26,
            "inventory_turnover_ratio": 1.37,
            "account_receivable_turnover_ratio": null,
            "reinvestment_rate": null,
            "research_to_sale_ratio": null,
            "price_fair": 205.6,
            "eps_avg_yearly": 5.87,
            "eps_latest_yearly": 10.72,
            "eps_growth_yearly": 300.06
        },
        "20051": {
            "year_quarter": 20051,
            "year": 2005,
            "quarter": 1,
            "eps": 1.88,
            "eps_growth_year": 95.83,
            "eps_4q": 8.2,
            "eps_4q_growth_year": 125.71,
            "roe": 8.5,
            "roe_4q": 43.63,
            "gross_profit": 171884,
            "gross_margin": 14.53,
            "gross_margin_4q_avg": 15.6,
            "net_income": 94140,
            "revenue": 1183230,
            "common_shares": 500000,
            "book_valuer_per_share": 23.1,
            "book_valuer_per_share_4q_avg": 21.05,
            "equity": 1154772,
            "current_ratio": 306.93,
            "debt_ratio": 29.77,
            "inventory_turnover_ratio": 1.49,
            "account_receivable_turnover_ratio": null,
            "reinvestment_rate": null,
            "research_to_sale_ratio": null,
            "price_fair": 212.8,
            "eps_avg_yearly": 6.08,
            "eps_latest_yearly": 7.52,
            "eps_growth_yearly": 247.63
        },
        "20052": {
            "year_quarter": 20052,
            "year": 2005,
            "quarter": 2,
            "eps": 1.27,
            "eps_growth_year": 28.28,
            "eps_4q": 7.48,
            "eps_4q_growth_year": 152.95,
            "roe": 6.77,
            "roe_4q": 44.18,
            "gross_profit": 150743,
            "gross_margin": 13.84,
            "gross_margin_4q_avg": 15.59,
            "net_income": 74142,
            "revenue": 1089244,
            "common_shares": 585000,
            "book_valuer_per_share": 17.73,
            "book_valuer_per_share_4q_avg": 20.2,
            "equity": 1037012,
            "current_ratio": 195.2,
            "debt_ratio": 47.45,
            "inventory_turnover_ratio": 1.53,
            "account_receivable_turnover_ratio": null,
            "reinvestment_rate": null,
            "research_to_sale_ratio": null,
            "price_fair": 208.91,
            "eps_avg_yearly": 5.97,
            "eps_latest_yearly": 5.08,
            "eps_growth_yearly": 205.69
        },
        "20053": {
            "year_quarter": 20053,
            "year": 2005,
            "quarter": 3,
            "eps": 2.59,
            "eps_growth_year": -6.5,
            "eps_4q": 7.74,
            "eps_4q_growth_year": 40.06,
            "roe": 13.51,
            "roe_4q": 42.02,
            "gross_profit": 203803,
            "gross_margin": 14.33,
            "gross_margin_4q_avg": 14.7,
            "net_income": 151244,
            "revenue": 1422573,
            "common_shares": 585000,
            "book_valuer_per_share": 20.54,
            "book_valuer_per_share_4q_avg": 20.65,
            "equity": 1201735,
            "current_ratio": 208.35,
            "debt_ratio": 41.42,
            "inventory_turnover_ratio": 1.78,
            "account_receivable_turnover_ratio": null,
            "reinvestment_rate": null,
            "research_to_sale_ratio": null,
            "price_fair": 224.28,
            "eps_avg_yearly": 6.41,
            "eps_latest_yearly": 10.36,
            "eps_growth_yearly": 226.7
        },
        "20054": {
            "year_quarter": 20054,
            "year": 2005,
            "quarter": 4,
            "eps": 2.57,
            "eps_growth_year": -4.1,
            "eps_4q": 8.04,
            "eps_4q_growth_year": 13.29,
            "roe": 11.77,
            "roe_4q": 40.55,
            "gross_profit": 191031,
            "gross_margin": 13.88,
            "gross_margin_4q_avg": 14.15,
            "net_income": 150069,
            "revenue": 1376800,
            "common_shares": 585000,
            "book_valuer_per_share": 23.04,
            "book_valuer_per_share_4q_avg": 21.1,
            "equity": 1347601,
            "current_ratio": 316.15,
            "debt_ratio": 46.74,
            "inventory_turnover_ratio": 1.74,
            "account_receivable_turnover_ratio": null,
            "reinvestment_rate": null,
            "research_to_sale_ratio": null,
            "price_fair": 236.6,
            "eps_avg_yearly": 6.76,
            "eps_latest_yearly": 10.28,
            "eps_growth_yearly": 205.81
        },
        "20061": {
            "year_quarter": 20061,
            "year": 2006,
            "quarter": 1,
            "eps": 1.65,
            "eps_growth_year": -12.23,
            "eps_4q": 8,
            "eps_4q_growth_year": -2.43,
            "roe": 6.96,
            "roe_4q": 39.010000000000005,
            "gross_profit": 148923,
            "gross_margin": 12.85,
            "gross_margin_4q_avg": 13.73,
            "net_income": 97535,
            "revenue": 1159114,
            "common_shares": 585000,
            "book_valuer_per_share": 24.89,
            "book_valuer_per_share_4q_avg": 21.55,
            "equity": 1455864,
            "current_ratio": 320.11,
            "debt_ratio": 42.38,
            "inventory_turnover_ratio": 1.32,
            "account_receivable_turnover_ratio": null,
            "reinvestment_rate": null,
            "research_to_sale_ratio": null,
            "price_fair": 236.13,
            "eps_avg_yearly": 6.75,
            "eps_latest_yearly": 6.6,
            "eps_growth_yearly": 176.73
        },
        "20062": {
            "year_quarter": 20062,
            "year": 2006,
            "quarter": 2,
            "eps": 1.43,
            "eps_growth_year": 12.6,
            "eps_4q": 6.89,
            "eps_4q_growth_year": -7.81,
            "roe": 7.66,
            "roe_4q": 39.9,
            "gross_profit": 160417,
            "gross_margin": 9.44,
            "gross_margin_4q_avg": 12.63,
            "net_income": 104401,
            "revenue": 1699127,
            "common_shares": 597740,
            "book_valuer_per_share": 21.27,
            "book_valuer_per_share_4q_avg": 22.44,
            "equity": 1271108,
            "current_ratio": 183.15,
            "debt_ratio": 57.64,
            "inventory_turnover_ratio": 1.55,
            "account_receivable_turnover_ratio": null,
            "reinvestment_rate": null,
            "research_to_sale_ratio": null,
            "price_fair": 233.37,
            "eps_avg_yearly": 6.67,
            "eps_latest_yearly": 5.72,
            "eps_growth_yearly": 159.03
        },
        "20063": {
            "year_quarter": 20063,
            "year": 2006,
            "quarter": 3,
            "eps": 2.65,
            "eps_growth_year": 2.32,
            "eps_4q": 7.45,
            "eps_4q_growth_year": -3.69,
            "roe": 13.88,
            "roe_4q": 40.269999999999996,
            "gross_profit": 216346,
            "gross_margin": 7.9,
            "gross_margin_4q_avg": 11.02,
            "net_income": 194270,
            "revenue": 2738975,
            "common_shares": 739436,
            "book_valuer_per_share": 20.66,
            "book_valuer_per_share_4q_avg": 22.47,
            "equity": 1527493,
            "current_ratio": 173.5,
            "debt_ratio": 57.39,
            "inventory_turnover_ratio": 2.46,
            "account_receivable_turnover_ratio": null,
            "reinvestment_rate": null,
            "research_to_sale_ratio": null,
            "price_fair": 243.2,
            "eps_avg_yearly": 6.95,
            "eps_latest_yearly": 10.6,
            "eps_growth_yearly": 172.05
        },
        "20064": {
            "year_quarter": 20064,
            "year": 2006,
            "quarter": 4,
            "eps": 1.39,
            "eps_growth_year": -45.91,
            "eps_4q": 6.61,
            "eps_4q_growth_year": -17.86,
            "roe": 5.61,
            "roe_4q": 34.11,
            "gross_profit": 137120,
            "gross_margin": 6.22,
            "gross_margin_4q_avg": 9.1,
            "net_income": 105586,
            "revenue": 2203496,
            "common_shares": 870997,
            "book_valuer_per_share": 25.67,
            "book_valuer_per_share_4q_avg": 23.12,
            "equity": 2235911,
            "current_ratio": 204.27,
            "debt_ratio": 52.69,
            "inventory_turnover_ratio": 1.98,
            "account_receivable_turnover_ratio": null,
            "reinvestment_rate": 21.24,
            "research_to_sale_ratio": null,
            "price_fair": 239.96,
            "eps_avg_yearly": 6.86,
            "eps_latest_yearly": 5.56,
            "eps_growth_yearly": 147.9
        },
        "20071": {
            "year_quarter": 20071,
            "year": 2007,
            "quarter": 1,
            "eps": 1.12,
            "eps_growth_year": -32.12,
            "eps_4q": 5.76,
            "eps_4q_growth_year": -27.98,
            "roe": 4.15,
            "roe_4q": 31.3,
            "gross_profit": 147600,
            "gross_margin": 7.15,
            "gross_margin_4q_avg": 7.68,
            "net_income": 97529,
            "revenue": 2065584,
            "common_shares": 897366,
            "book_valuer_per_share": 27.51,
            "book_valuer_per_share_4q_avg": 23.78,
            "equity": 2468894,
            "current_ratio": 321.99,
            "debt_ratio": 32.03,
            "inventory_turnover_ratio": 1.79,
            "account_receivable_turnover_ratio": null,
            "reinvestment_rate": -2.42,
            "research_to_sale_ratio": null,
            "price_fair": 234.76,
            "eps_avg_yearly": 6.71,
            "eps_latest_yearly": 4.48,
            "eps_growth_yearly": 133.8
        },
        "20072": {
            "year_quarter": 20072,
            "year": 2007,
            "quarter": 2,
            "eps": 2.35,
            "eps_growth_year": 64.34,
            "eps_4q": 6.82,
            "eps_4q_growth_year": -1.05,
            "roe": 8.55,
            "roe_4q": 32.190000000000005,
            "gross_profit": 218051,
            "gross_margin": 7.35,
            "gross_margin_4q_avg": 7.16,
            "net_income": 208870,
            "revenue": 2966335,
            "common_shares": 912186,
            "book_valuer_per_share": 26.52,
            "book_valuer_per_share_4q_avg": 25.09,
            "equity": 2418924,
            "current_ratio": 173.63,
            "debt_ratio": 51.68,
            "inventory_turnover_ratio": 2.61,
            "account_receivable_turnover_ratio": null,
            "reinvestment_rate": -2.31,
            "research_to_sale_ratio": null,
            "price_fair": 246.75,
            "eps_avg_yearly": 7.05,
            "eps_latest_yearly": 9.4,
            "eps_growth_yearly": 166.49
        },
        "20073": {
            "year_quarter": 20073,
            "year": 2007,
            "quarter": 3,
            "eps": 3.76,
            "eps_growth_year": 41.89,
            "eps_4q": 8.04,
            "eps_4q_growth_year": 7.96,
            "roe": 13.55,
            "roe_4q": 31.86,
            "gross_profit": 487210,
            "gross_margin": 11.74,
            "gross_margin_4q_avg": 8.12,
            "net_income": 361552,
            "revenue": 4149056,
            "common_shares": 1000204,
            "book_valuer_per_share": 29.16,
            "book_valuer_per_share_4q_avg": 27.22,
            "equity": 2916162,
            "current_ratio": 190.47,
            "debt_ratio": 45.39,
            "inventory_turnover_ratio": 3.66,
            "account_receivable_turnover_ratio": null,
            "reinvestment_rate": -1.71,
            "research_to_sale_ratio": null,
            "price_fair": 277.2,
            "eps_avg_yearly": 7.92,
            "eps_latest_yearly": 15.04,
            "eps_growth_yearly": 199.35
        },
        "20074": {
            "year_quarter": 20074,
            "year": 2007,
            "quarter": 4,
            "eps": 3.1,
            "eps_growth_year": 123.02,
            "eps_4q": 9.97,
            "eps_4q_growth_year": 50.92,
            "roe": 10.03,
            "roe_4q": 36.279999999999994,
            "gross_profit": 429554,
            "gross_margin": 10.31,
            "gross_margin_4q_avg": 9.14,
            "net_income": 301421,
            "revenue": 4166217,
            "common_shares": 1012396,
            "book_valuer_per_share": 30.57,
            "book_valuer_per_share_4q_avg": 28.44,
            "equity": 3095393,
            "current_ratio": 180.3,
            "debt_ratio": 49.87,
            "inventory_turnover_ratio": 4.07,
            "account_receivable_turnover_ratio": null,
            "reinvestment_rate": 15.84,
            "research_to_sale_ratio": null,
            "price_fair": 290.15,
            "eps_avg_yearly": 8.29,
            "eps_latest_yearly": 12.4,
            "eps_growth_yearly": 75.32
        },
        "20081": {
            "year_quarter": 20081,
            "year": 2008,
            "quarter": 1,
            "eps": 2.32,
            "eps_growth_year": 107.14,
            "eps_4q": 11.14,
            "eps_4q_growth_year": 93.24,
            "roe": 7.17,
            "roe_4q": 39.3,
            "gross_profit": 553912,
            "gross_margin": 15.15,
            "gross_margin_4q_avg": 11.14,
            "net_income": 229446,
            "revenue": 3655721,
            "common_shares": 1019975,
            "book_valuer_per_share": 32.41,
            "book_valuer_per_share_4q_avg": 29.67,
            "equity": 3306100,
            "current_ratio": 180.52,
            "debt_ratio": 50.66,
            "inventory_turnover_ratio": 3.15,
            "account_receivable_turnover_ratio": null,
            "reinvestment_rate": 15.72,
            "research_to_sale_ratio": null,
            "price_fair": 302.05,
            "eps_avg_yearly": 8.63,
            "eps_latest_yearly": 9.28,
            "eps_growth_yearly": 79.22
        },
        "20082": {
            "year_quarter": 20082,
            "year": 2008,
            "quarter": 2,
            "eps": 3.56,
            "eps_growth_year": 51.49,
            "eps_4q": 12.51,
            "eps_4q_growth_year": 83.44,
            "roe": 11.19,
            "roe_4q": 41.94,
            "gross_profit": 647633,
            "gross_margin": 15.13,
            "gross_margin_4q_avg": 13.08,
            "net_income": 354867,
            "revenue": 4279133,
            "common_shares": 1022297,
            "book_valuer_per_share": 29.71,
            "book_valuer_per_share_4q_avg": 30.46,
            "equity": 3037282,
            "current_ratio": 146.13,
            "debt_ratio": 59.69,
            "inventory_turnover_ratio": 3.22,
            "account_receivable_turnover_ratio": null,
            "reinvestment_rate": 17.11,
            "research_to_sale_ratio": null,
            "price_fair": 324.54,
            "eps_avg_yearly": 9.27,
            "eps_latest_yearly": 14.24,
            "eps_growth_yearly": 91.8
        },
        "20083": {
            "year_quarter": 20083,
            "year": 2008,
            "quarter": 3,
            "eps": 4.09,
            "eps_growth_year": 8.78,
            "eps_4q": 11.94,
            "eps_4q_growth_year": 48.48,
            "roe": 13.78,
            "roe_4q": 42.17,
            "gross_profit": 738391,
            "gross_margin": 13.53,
            "gross_margin_4q_avg": 13.53,
            "net_income": 461210,
            "revenue": 5456531,
            "common_shares": 1152511,
            "book_valuer_per_share": 31.72,
            "book_valuer_per_share_4q_avg": 31.1,
            "equity": 3656195,
            "current_ratio": 153.15,
            "debt_ratio": 58.35,
            "inventory_turnover_ratio": 3.19,
            "account_receivable_turnover_ratio": null,
            "reinvestment_rate": 18.33,
            "research_to_sale_ratio": null,
            "price_fair": 336.09,
            "eps_avg_yearly": 9.6,
            "eps_latest_yearly": 16.36,
            "eps_growth_yearly": 50.57
        },
        "20084": {
            "year_quarter": 20084,
            "year": 2008,
            "quarter": 4,
            "eps": 1.55,
            "eps_growth_year": -50,
            "eps_4q": 10.78,
            "eps_4q_growth_year": 8.16,
            "roe": 4.67,
            "roe_4q": 36.81,
            "gross_profit": 438718,
            "gross_margin": 10.55,
            "gross_margin_4q_avg": 13.59,
            "net_income": 175519,
            "revenue": 4160392,
            "common_shares": 1153541,
            "book_valuer_per_share": 33.41,
            "book_valuer_per_share_4q_avg": 31.81,
            "equity": 3853594,
            "current_ratio": 170.53,
            "debt_ratio": 52.71,
            "inventory_turnover_ratio": 1.89,
            "account_receivable_turnover_ratio": 4.29,
            "reinvestment_rate": 16.71,
            "research_to_sale_ratio": null,
            "price_fair": 326.2,
            "eps_avg_yearly": 9.32,
            "eps_latest_yearly": 6.2,
            "eps_growth_yearly": 35.85
        },
        "20091": {
            "year_quarter": 20091,
            "year": 2009,
            "quarter": 1,
            "eps": 1.42,
            "eps_growth_year": -38.79,
            "eps_4q": 10.07,
            "eps_4q_growth_year": -9.57,
            "roe": 4.12,
            "roe_4q": 33.76,
            "gross_profit": 287240,
            "gross_margin": 8.43,
            "gross_margin_4q_avg": 11.91,
            "net_income": 162786,
            "revenue": 3407328,
            "common_shares": 1153966,
            "book_valuer_per_share": 35.15,
            "book_valuer_per_share_4q_avg": 32.5,
            "equity": 4056226,
            "current_ratio": 201.12,
            "debt_ratio": 45.67,
            "inventory_turnover_ratio": 1.88,
            "account_receivable_turnover_ratio": 1.63,
            "reinvestment_rate": 18.75,
            "research_to_sale_ratio": null,
            "price_fair": 322.18,
            "eps_avg_yearly": 9.21,
            "eps_latest_yearly": 5.68,
            "eps_growth_yearly": 41.22
        },
        "20092": {
            "year_quarter": 20092,
            "year": 2009,
            "quarter": 2,
            "eps": 2.61,
            "eps_growth_year": -26.69,
            "eps_4q": 9.58,
            "eps_4q_growth_year": -23.41,
            "roe": 7.66,
            "roe_4q": 30.230000000000004,
            "gross_profit": 595043,
            "gross_margin": 15.15,
            "gross_margin_4q_avg": 11.92,
            "net_income": 299219,
            "revenue": 3927826,
            "common_shares": 1154191,
            "book_valuer_per_share": 32.51,
            "book_valuer_per_share_4q_avg": 33.2,
            "equity": 3751948,
            "current_ratio": 192.21,
            "debt_ratio": 60.16,
            "inventory_turnover_ratio": 2.5,
            "account_receivable_turnover_ratio": 1.67,
            "reinvestment_rate": 16.48,
            "research_to_sale_ratio": null,
            "price_fair": 333.9,
            "eps_avg_yearly": 9.54,
            "eps_latest_yearly": 10.44,
            "eps_growth_yearly": 70.28
        },
        "20093": {
            "year_quarter": 20093,
            "year": 2009,
            "quarter": 3,
            "eps": 2.58,
            "eps_growth_year": -36.92,
            "eps_4q": 7.63,
            "eps_4q_growth_year": -36.14,
            "roe": 8.24,
            "roe_4q": 24.689999999999998,
            "gross_profit": 643049,
            "gross_margin": 15.21,
            "gross_margin_4q_avg": 12.34,
            "net_income": 325870,
            "revenue": 4228794,
            "common_shares": 1285290,
            "book_valuer_per_share": 32.36,
            "book_valuer_per_share_4q_avg": 33.36,
            "equity": 4159236,
            "current_ratio": 233.17,
            "debt_ratio": 53.05,
            "inventory_turnover_ratio": 2.1,
            "account_receivable_turnover_ratio": 1.67,
            "reinvestment_rate": 15.94,
            "research_to_sale_ratio": null,
            "price_fair": 333.81,
            "eps_avg_yearly": 9.54,
            "eps_latest_yearly": 10.32,
            "eps_growth_yearly": 44.01
        },
        "20094": {
            "year_quarter": 20094,
            "year": 2009,
            "quarter": 4,
            "eps": 2.66,
            "eps_growth_year": 71.61,
            "eps_4q": 8.73,
            "eps_4q_growth_year": -19.04,
            "roe": 7.79,
            "roe_4q": 27.810000000000002,
            "gross_profit": 594531,
            "gross_margin": 15.33,
            "gross_margin_4q_avg": 13.53,
            "net_income": 337700,
            "revenue": 3878896,
            "common_shares": 1289415,
            "book_valuer_per_share": 35.02,
            "book_valuer_per_share_4q_avg": 33.76,
            "equity": 4515661,
            "current_ratio": 266.03,
            "debt_ratio": 48.69,
            "inventory_turnover_ratio": 1.92,
            "account_receivable_turnover_ratio": 3.24,
            "reinvestment_rate": 62.01,
            "research_to_sale_ratio": null,
            "price_fair": 334.6,
            "eps_avg_yearly": 9.56,
            "eps_latest_yearly": 10.64,
            "eps_growth_yearly": 44.98
        },
        "20101": {
            "year_quarter": 20101,
            "year": 2010,
            "quarter": 1,
            "eps": 1.84,
            "eps_growth_year": 29.58,
            "eps_4q": 9.28,
            "eps_4q_growth_year": -7.81,
            "roe": 5.11,
            "roe_4q": 28.8,
            "gross_profit": 481979,
            "gross_margin": 13.01,
            "gross_margin_4q_avg": 14.68,
            "net_income": 236760,
            "revenue": 3704978,
            "common_shares": 1292089,
            "book_valuer_per_share": 36.83,
            "book_valuer_per_share_4q_avg": 34.18,
            "equity": 4758866,
            "current_ratio": 237.79,
            "debt_ratio": 51.72,
            "inventory_turnover_ratio": 1.72,
            "account_receivable_turnover_ratio": 1.42,
            "reinvestment_rate": 63.4,
            "research_to_sale_ratio": 1.81,
            "price_fair": 336.26,
            "eps_avg_yearly": 9.61,
            "eps_latest_yearly": 7.36,
            "eps_growth_yearly": 46.22
        },
        "20102": {
            "year_quarter": 20102,
            "year": 2010,
            "quarter": 2,
            "eps": 3.23,
            "eps_growth_year": 23.64,
            "eps_4q": 10.19,
            "eps_4q_growth_year": 6.35,
            "roe": 9.08,
            "roe_4q": 30.22,
            "gross_profit": 648895,
            "gross_margin": 13.89,
            "gross_margin_4q_avg": 14.36,
            "net_income": 417094,
            "revenue": 4670061,
            "common_shares": 1292490,
            "book_valuer_per_share": 34.29,
            "book_valuer_per_share_4q_avg": 34.63,
            "equity": 4431763,
            "current_ratio": 199.79,
            "debt_ratio": 57.95,
            "inventory_turnover_ratio": 1.91,
            "account_receivable_turnover_ratio": 1.54,
            "reinvestment_rate": 71.91,
            "research_to_sale_ratio": 1.48,
            "price_fair": 352.01,
            "eps_avg_yearly": 10.06,
            "eps_latest_yearly": 12.92,
            "eps_growth_yearly": 68.44
        },
        "20103": {
            "year_quarter": 20103,
            "year": 2010,
            "quarter": 3,
            "eps": 2.55,
            "eps_growth_year": -1.11,
            "eps_4q": 10.21,
            "eps_4q_growth_year": 33.82,
            "roe": 7.2,
            "roe_4q": 29.18,
            "gross_profit": 599190,
            "gross_margin": 12.62,
            "gross_margin_4q_avg": 13.71,
            "net_income": 330429,
            "revenue": 4749317,
            "common_shares": 1295140,
            "book_valuer_per_share": 36.63,
            "book_valuer_per_share_4q_avg": 35.69,
            "equity": 4744189,
            "current_ratio": 239.14,
            "debt_ratio": 51.22,
            "inventory_turnover_ratio": 2.1,
            "account_receivable_turnover_ratio": 1.49,
            "reinvestment_rate": 76.92,
            "research_to_sale_ratio": 1.66,
            "price_fair": 351.14,
            "eps_avg_yearly": 10.03,
            "eps_latest_yearly": 10.2,
            "eps_growth_yearly": 41.85
        },
        "20104": {
            "year_quarter": 20104,
            "year": 2010,
            "quarter": 4,
            "eps": 1.32,
            "eps_growth_year": -50.26,
            "eps_4q": 8.91,
            "eps_4q_growth_year": 2.09,
            "roe": 3.6,
            "roe_4q": 24.990000000000002,
            "gross_profit": 527377,
            "gross_margin": 11.29,
            "gross_margin_4q_avg": 12.7,
            "net_income": 171618,
            "revenue": 4671001,
            "common_shares": 1297090,
            "book_valuer_per_share": 37.02,
            "book_valuer_per_share_4q_avg": 36.19,
            "equity": 4802186,
            "current_ratio": 231.51,
            "debt_ratio": 52.42,
            "inventory_turnover_ratio": 2.32,
            "account_receivable_turnover_ratio": 1.6,
            "reinvestment_rate": 69.27,
            "research_to_sale_ratio": 0.97,
            "price_fair": 350.53,
            "eps_avg_yearly": 10.02,
            "eps_latest_yearly": 5.28,
            "eps_growth_yearly": 41.68
        },
        "20111": {
            "year_quarter": 20111,
            "year": 2011,
            "quarter": 1,
            "eps": 2.21,
            "eps_growth_year": 20.11,
            "eps_4q": 9.29,
            "eps_4q_growth_year": 0.09,
            "roe": 5.78,
            "roe_4q": 25.660000000000004,
            "gross_profit": 506922,
            "gross_margin": 11.14,
            "gross_margin_4q_avg": 12.24,
            "net_income": 286957,
            "revenue": 4551559,
            "common_shares": 1297985,
            "book_valuer_per_share": 39.56,
            "book_valuer_per_share_4q_avg": 36.88,
            "equity": 5135098,
            "current_ratio": 219.72,
            "debt_ratio": 53.92,
            "inventory_turnover_ratio": 2.12,
            "account_receivable_turnover_ratio": 1.59,
            "reinvestment_rate": 81.05,
            "research_to_sale_ratio": 1.32,
            "price_fair": 360.06,
            "eps_avg_yearly": 10.29,
            "eps_latest_yearly": 8.84,
            "eps_growth_yearly": 63.39
        },
        "20112": {
            "year_quarter": 20112,
            "year": 2011,
            "quarter": 2,
            "eps": 2.33,
            "eps_growth_year": -27.72,
            "eps_4q": 8.4,
            "eps_4q_growth_year": -17.56,
            "roe": 6.21,
            "roe_4q": 22.79,
            "gross_profit": 565938,
            "gross_margin": 10.68,
            "gross_margin_4q_avg": 11.43,
            "net_income": 303149,
            "revenue": 5301477,
            "common_shares": 1299635,
            "book_valuer_per_share": 35.57,
            "book_valuer_per_share_4q_avg": 37.2,
            "equity": 4623423,
            "current_ratio": 155.03,
            "debt_ratio": 62.88,
            "inventory_turnover_ratio": 2.03,
            "account_receivable_turnover_ratio": 1.72,
            "reinvestment_rate": 82.29,
            "research_to_sale_ratio": 1.13,
            "price_fair": 359.89,
            "eps_avg_yearly": 10.28,
            "eps_latest_yearly": 9.32,
            "eps_growth_yearly": 37.29
        },
        "20113": {
            "year_quarter": 20113,
            "year": 2011,
            "quarter": 3,
            "eps": 3.83,
            "eps_growth_year": 49.95,
            "eps_4q": 9.68,
            "eps_4q_growth_year": -5.16,
            "roe": 10.02,
            "roe_4q": 25.610000000000003,
            "gross_profit": 723559,
            "gross_margin": 10.77,
            "gross_margin_4q_avg": 10.97,
            "net_income": 497716,
            "revenue": 6718084,
            "common_shares": 1300960,
            "book_valuer_per_share": 40.83,
            "book_valuer_per_share_4q_avg": 38.25,
            "equity": 5311572,
            "current_ratio": 157.3,
            "debt_ratio": 62.24,
            "inventory_turnover_ratio": 2.51,
            "account_receivable_turnover_ratio": 1.67,
            "reinvestment_rate": 90.24,
            "research_to_sale_ratio": 1,
            "price_fair": 360.5,
            "eps_avg_yearly": 10.3,
            "eps_latest_yearly": 15.32,
            "eps_growth_yearly": 38.39
        },
        "20114": {
            "year_quarter": 20114,
            "year": 2011,
            "quarter": 4,
            "eps": 3.32,
            "eps_growth_year": 151.01,
            "eps_4q": 11.67,
            "eps_4q_growth_year": 30.93,
            "roe": 7.78,
            "roe_4q": 29.790000000000003,
            "gross_profit": 709170,
            "gross_margin": 10.22,
            "gross_margin_4q_avg": 10.7,
            "net_income": 432836,
            "revenue": 6940277,
            "common_shares": 1303285,
            "book_valuer_per_share": 44.64,
            "book_valuer_per_share_4q_avg": 40.15,
            "equity": 5817878,
            "current_ratio": 162.96,
            "debt_ratio": 60.29,
            "inventory_turnover_ratio": 2.79,
            "account_receivable_turnover_ratio": 1.56,
            "reinvestment_rate": 89.08,
            "research_to_sale_ratio": 1.29,
            "price_fair": 362.43,
            "eps_avg_yearly": 10.36,
            "eps_latest_yearly": 13.28,
            "eps_growth_yearly": 39.45
        },
        "20121": {
            "year_quarter": 20121,
            "year": 2012,
            "quarter": 1,
            "eps": 2.89,
            "eps_growth_year": 30.77,
            "eps_4q": 10.75,
            "eps_4q_growth_year": 15.72,
            "roe": 6.11,
            "roe_4q": 30.12,
            "gross_profit": 604911,
            "gross_margin": 9.71,
            "gross_margin_4q_avg": 10.35,
            "net_income": 397610,
            "revenue": 6229911,
            "common_shares": 1517110,
            "book_valuer_per_share": 47.47,
            "book_valuer_per_share_4q_avg": 42.13,
            "equity": 7201282,
            "current_ratio": 190.45,
            "debt_ratio": 50.95,
            "inventory_turnover_ratio": 2.47,
            "account_receivable_turnover_ratio": 1.57,
            "reinvestment_rate": 96.94,
            "research_to_sale_ratio": 1.09,
            "price_fair": 367.41,
            "eps_avg_yearly": 10.5,
            "eps_latest_yearly": 11.56,
            "eps_growth_yearly": 42.5
        },
        "20122": {
            "year_quarter": 20122,
            "year": 2012,
            "quarter": 2,
            "eps": 3.01,
            "eps_growth_year": 29,
            "eps_4q": 11.76,
            "eps_4q_growth_year": 39.97,
            "roe": 6.61,
            "roe_4q": 30.52,
            "gross_profit": 819751,
            "gross_margin": 10.61,
            "gross_margin_4q_avg": 10.33,
            "net_income": 456564,
            "revenue": 7726703,
            "common_shares": 1517310,
            "book_valuer_per_share": 43.58,
            "book_valuer_per_share_4q_avg": 44.13,
            "equity": 6613037,
            "current_ratio": 162.83,
            "debt_ratio": 59.26,
            "inventory_turnover_ratio": 2.54,
            "account_receivable_turnover_ratio": 1.74,
            "reinvestment_rate": 14.61,
            "research_to_sale_ratio": 1.03,
            "price_fair": 362.6,
            "eps_avg_yearly": 10.36,
            "eps_latest_yearly": 12.04,
            "eps_growth_yearly": 30.17
        },
        "20123": {
            "year_quarter": 20123,
            "year": 2012,
            "quarter": 3,
            "eps": 2.72,
            "eps_growth_year": -29.01,
            "eps_4q": 11.2,
            "eps_4q_growth_year": 15.65,
            "roe": 6.09,
            "roe_4q": 26.59,
            "gross_profit": 644161,
            "gross_margin": 9.25,
            "gross_margin_4q_avg": 9.95,
            "net_income": 412208,
            "revenue": 6965359,
            "common_shares": 1517685,
            "book_valuer_per_share": 45.56,
            "book_valuer_per_share_4q_avg": 45.31,
            "equity": 6914791,
            "current_ratio": 201.55,
            "debt_ratio": 54.51,
            "inventory_turnover_ratio": 1.93,
            "account_receivable_turnover_ratio": 1.65,
            "reinvestment_rate": 16.75,
            "research_to_sale_ratio": 1.1,
            "price_fair": 341.03,
            "eps_avg_yearly": 10.02,
            "eps_latest_yearly": 10.88,
            "eps_growth_yearly": 24.04
        },
        "20124": {
            "year_quarter": 20124,
            "year": 2012,
            "quarter": 4,
            "eps": 1.68,
            "eps_growth_year": -49.39,
            "eps_4q": 10.01,
            "eps_4q_growth_year": -14.17,
            "roe": 3.63,
            "roe_4q": 22.439999999999998,
            "gross_profit": 494095,
            "gross_margin": 6.9,
            "gross_margin_4q_avg": 9.12,
            "net_income": 255428,
            "revenue": 7161063,
            "common_shares": 1519685,
            "book_valuer_per_share": 47.1,
            "book_valuer_per_share_4q_avg": 45.93,
            "equity": 7157114,
            "current_ratio": 210.2,
            "debt_ratio": 52.28,
            "inventory_turnover_ratio": 2.27,
            "account_receivable_turnover_ratio": 1.84,
            "reinvestment_rate": 20.07,
            "research_to_sale_ratio": 0.99,
            "price_fair": 351.75,
            "eps_avg_yearly": 10.05,
            "eps_latest_yearly": 6.72,
            "eps_growth_yearly": 30.01
        },
        "20131": {
            "year_quarter": 20131,
            "year": 2013,
            "quarter": 1,
            "eps": 1.7,
            "eps_growth_year": -41.18,
            "eps_4q": 9.1,
            "eps_4q_growth_year": -15.4,
            "roe": 3.53,
            "roe_4q": 19.86,
            "gross_profit": 440872,
            "gross_margin": 7.28,
            "gross_margin_4q_avg": 8.51,
            "net_income": 258246,
            "revenue": 6053589,
            "common_shares": 1519685,
            "book_valuer_per_share": 49.21,
            "book_valuer_per_share_4q_avg": 46.36,
            "equity": 7478229,
            "current_ratio": 216.77,
            "debt_ratio": 50.61,
            "inventory_turnover_ratio": 2.53,
            "account_receivable_turnover_ratio": 1.51,
            "reinvestment_rate": 13.22,
            "research_to_sale_ratio": 1.23,
            "price_fair": 354.2,
            "eps_avg_yearly": 10.12,
            "eps_latest_yearly": 6.8,
            "eps_growth_yearly": 32.4
        },
        "20132": {
            "year_quarter": 20132,
            "year": 2013,
            "quarter": 2,
            "eps": 1.03,
            "eps_growth_year": -65.77,
            "eps_4q": 7.12,
            "eps_4q_growth_year": -39.46,
            "roe": 2.21,
            "roe_4q": 15.46,
            "gross_profit": 258324,
            "gross_margin": 5.26,
            "gross_margin_4q_avg": 7.17,
            "net_income": 156324,
            "revenue": 4909850,
            "common_shares": 1519685,
            "book_valuer_per_share": 44.08,
            "book_valuer_per_share_4q_avg": 46.49,
            "equity": 6698878,
            "current_ratio": 185.11,
            "debt_ratio": 56.85,
            "inventory_turnover_ratio": 2.48,
            "account_receivable_turnover_ratio": 1.35,
            "reinvestment_rate": 15.97,
            "research_to_sale_ratio": 1.43,
            "price_fair": 112.82,
            "eps_avg_yearly": 9.73,
            "eps_latest_yearly": 4.12,
            "eps_growth_yearly": 1.6
        },
        "20133": {
            "year_quarter": 20133,
            "year": 2013,
            "quarter": 3,
            "eps": 1.27,
            "eps_growth_year": -53.24,
            "eps_4q": 5.68,
            "eps_4q_growth_year": -49.26,
            "roe": 2.84,
            "roe_4q": 12.21,
            "gross_profit": 341261,
            "gross_margin": 5.31,
            "gross_margin_4q_avg": 6.19,
            "net_income": 193304,
            "revenue": 6430605,
            "common_shares": 1519685,
            "book_valuer_per_share": 45.37,
            "book_valuer_per_share_4q_avg": 46.44,
            "equity": 6894579,
            "current_ratio": 163.74,
            "debt_ratio": 59.09,
            "inventory_turnover_ratio": 2.66,
            "account_receivable_turnover_ratio": 1.66,
            "reinvestment_rate": 20.38,
            "research_to_sale_ratio": 1.17,
            "price_fair": 166.47,
            "eps_avg_yearly": 9.4,
            "eps_latest_yearly": 5.08,
            "eps_growth_yearly": 7.71
        },
        "20134": {
            "year_quarter": 20134,
            "year": 2013,
            "quarter": 4,
            "eps": 1.5,
            "eps_growth_year": -10.82,
            "eps_4q": 5.5,
            "eps_4q_growth_year": -45.09,
            "roe": 3.22,
            "roe_4q": 11.799999999999999,
            "gross_profit": 462065,
            "gross_margin": 5.41,
            "gross_margin_4q_avg": 5.82,
            "net_income": 227791,
            "revenue": 8541986,
            "common_shares": 1519685,
            "book_valuer_per_share": 47.74,
            "book_valuer_per_share_4q_avg": 46.6,
            "equity": 7254581,
            "current_ratio": 162.3,
            "debt_ratio": 59.69,
            "inventory_turnover_ratio": 3.14,
            "account_receivable_turnover_ratio": 1.58,
            "reinvestment_rate": -14.97,
            "research_to_sale_ratio": 0.77,
            "price_fair": 195.5,
            "eps_avg_yearly": 9.11,
            "eps_latest_yearly": 6,
            "eps_growth_yearly": 11.47
        },
        "20141": {
            "year_quarter": 20141,
            "year": 2014,
            "quarter": 1,
            "eps": 1.71,
            "eps_growth_year": 0.59,
            "eps_4q": 5.51,
            "eps_4q_growth_year": -39.48,
            "roe": 3.49,
            "roe_4q": 11.760000000000002,
            "gross_profit": 340657,
            "gross_margin": 5.75,
            "gross_margin_4q_avg": 5.43,
            "net_income": 259202,
            "revenue": 5925126,
            "common_shares": 1519685,
            "book_valuer_per_share": 50.09,
            "book_valuer_per_share_4q_avg": 46.82,
            "equity": 7611539,
            "current_ratio": 175.81,
            "debt_ratio": 55.83,
            "inventory_turnover_ratio": 2.44,
            "account_receivable_turnover_ratio": 1.09,
            "reinvestment_rate": -16.41,
            "research_to_sale_ratio": 1.33,
            "price_fair": 296.51,
            "eps_avg_yearly": 9.08,
            "eps_latest_yearly": 6.84,
            "eps_growth_yearly": 22.67
        },
        "20142": {
            "year_quarter": 20142,
            "year": 2014,
            "quarter": 2,
            "eps": 1.45,
            "eps_growth_year": 40.78,
            "eps_4q": 5.93,
            "eps_4q_growth_year": -16.67,
            "roe": 3.03,
            "roe_4q": 12.58,
            "gross_profit": 389014,
            "gross_margin": 6.04,
            "gross_margin_4q_avg": 5.63,
            "net_income": 221527,
            "revenue": 6438196,
            "common_shares": 1519685,
            "book_valuer_per_share": 46.24,
            "book_valuer_per_share_4q_avg": 47.36,
            "equity": 7026869,
            "current_ratio": 166.32,
            "debt_ratio": 58.71,
            "inventory_turnover_ratio": 3.02,
            "account_receivable_turnover_ratio": 1.49,
            "reinvestment_rate": -30.91,
            "research_to_sale_ratio": 1.15,
            "price_fair": 25.89,
            "eps_avg_yearly": 8.63,
            "eps_latest_yearly": 5.8,
            "eps_growth_yearly": -0.01
        },
        "20143": {
            "year_quarter": 20143,
            "year": 2014,
            "quarter": 3,
            "eps": 1.46,
            "eps_growth_year": 14.96,
            "eps_4q": 6.12,
            "eps_4q_growth_year": 7.8,
            "roe": 3.08,
            "roe_4q": 12.82,
            "gross_profit": 417660,
            "gross_margin": 6.25,
            "gross_margin_4q_avg": 5.86,
            "net_income": 222117,
            "revenue": 6677757,
            "common_shares": 1519685,
            "book_valuer_per_share": 48.7,
            "book_valuer_per_share_4q_avg": 48.19,
            "equity": 7400937,
            "current_ratio": 165.61,
            "debt_ratio": 58.04,
            "inventory_turnover_ratio": 3.08,
            "account_receivable_turnover_ratio": 1.52,
            "reinvestment_rate": -37.54,
            "research_to_sale_ratio": 1.17,
            "price_fair": 128.89,
            "eps_avg_yearly": 8.36,
            "eps_latest_yearly": 5.84,
            "eps_growth_yearly": 5.42
        },
        "20144": {
            "year_quarter": 20144,
            "year": 2014,
            "quarter": 4,
            "eps": 1.47,
            "eps_growth_year": -1.93,
            "eps_4q": 6.09,
            "eps_4q_growth_year": 10.84,
            "roe": 2.93,
            "roe_4q": 12.53,
            "gross_profit": 459649,
            "gross_margin": 6.83,
            "gross_margin_4q_avg": 6.22,
            "net_income": 223389,
            "revenue": 6727580,
            "common_shares": 1519685,
            "book_valuer_per_share": 51.5,
            "book_valuer_per_share_4q_avg": 49.13,
            "equity": 7826317,
            "current_ratio": 173.14,
            "debt_ratio": 56.34,
            "inventory_turnover_ratio": 2.9,
            "account_receivable_turnover_ratio": 1.47,
            "reinvestment_rate": -32.23,
            "research_to_sale_ratio": 1.04,
            "price_fair": 232.13,
            "eps_avg_yearly": 8.4,
            "eps_latest_yearly": 5.88,
            "eps_growth_yearly": 17.65
        },
        "20151": {
            "year_quarter": 20151,
            "year": 2015,
            "quarter": 1,
            "eps": 1,
            "eps_growth_year": -41.52,
            "eps_4q": 5.39,
            "eps_4q_growth_year": -2.11,
            "roe": 1.92,
            "roe_4q": 10.959999999999999,
            "gross_profit": 252431,
            "gross_margin": 4.74,
            "gross_margin_4q_avg": 5.97,
            "net_income": 151970,
            "revenue": 5322705,
            "common_shares": 1519685,
            "book_valuer_per_share": 52.41,
            "book_valuer_per_share_4q_avg": 49.71,
            "equity": 7964924,
            "current_ratio": 192.98,
            "debt_ratio": 51.95,
            "inventory_turnover_ratio": 2.52,
            "account_receivable_turnover_ratio": 1.29,
            "reinvestment_rate": -43.02,
            "research_to_sale_ratio": 0.94,
            "price_fair": 24.28,
            "eps_avg_yearly": 8.09,
            "eps_latest_yearly": 4,
            "eps_growth_yearly": -7.2
        },
        "20152": {
            "year_quarter": 20152,
            "year": 2015,
            "quarter": 2,
            "eps": 0.7,
            "eps_growth_year": -51.72,
            "eps_4q": 4.63,
            "eps_4q_growth_year": -21.93,
            "roe": 1.4,
            "roe_4q": 9.33,
            "gross_profit": 165046,
            "gross_margin": 3.46,
            "gross_margin_4q_avg": 5.32,
            "net_income": 106589,
            "revenue": 4770389,
            "common_shares": 1519685,
            "book_valuer_per_share": 47.53,
            "book_valuer_per_share_4q_avg": 50.04,
            "equity": 7222420,
            "current_ratio": 182.38,
            "debt_ratio": 54.48,
            "inventory_turnover_ratio": 2.53,
            "account_receivable_turnover_ratio": 1.36,
            "reinvestment_rate": -49.89,
            "research_to_sale_ratio": 1.15,
            "price_fair": 23.06,
            "eps_avg_yearly": 7.69,
            "eps_latest_yearly": 2.8,
            "eps_growth_yearly": -16.06
        },
        "20153": {
            "year_quarter": 20153,
            "year": 2015,
            "quarter": 3,
            "eps": 1.51,
            "eps_growth_year": 3.42,
            "eps_4q": 4.81,
            "eps_4q_growth_year": -21.51,
            "roe": 3.11,
            "roe_4q": 9.36,
            "gross_profit": 356177,
            "gross_margin": 6.46,
            "gross_margin_4q_avg": 5.37,
            "net_income": 226963,
            "revenue": 5511266,
            "common_shares": 1519685,
            "book_valuer_per_share": 49.99,
            "book_valuer_per_share_4q_avg": 50.36,
            "equity": 7372983,
            "current_ratio": 185.15,
            "debt_ratio": 56.9,
            "inventory_turnover_ratio": 2.63,
            "account_receivable_turnover_ratio": 1.45,
            "reinvestment_rate": -64.9,
            "research_to_sale_ratio": 1.14,
            "price_fair": 21.32,
            "eps_avg_yearly": 7.11,
            "eps_latest_yearly": 6.04,
            "eps_growth_yearly": -3.22
        },
        "20154": {
            "year_quarter": 20154,
            "year": 2015,
            "quarter": 4,
            "eps": 1.44,
            "eps_growth_year": -2.05,
            "eps_4q": 4.73,
            "eps_4q_growth_year": -22.36,
            "roe": 2.86,
            "roe_4q": 9.29,
            "gross_profit": 371842,
            "gross_margin": 6.18,
            "gross_margin_4q_avg": 5.21,
            "net_income": 212342,
            "revenue": 6012973,
            "common_shares": 1519685,
            "book_valuer_per_share": 50.74,
            "book_valuer_per_share_4q_avg": 50.17,
            "equity": 7482529,
            "current_ratio": 187.97,
            "debt_ratio": 54.92,
            "inventory_turnover_ratio": 2.66,
            "account_receivable_turnover_ratio": 1.47,
            "reinvestment_rate": -83.88,
            "research_to_sale_ratio": 0.95,
            "price_fair": 19.91,
            "eps_avg_yearly": 6.64,
            "eps_latest_yearly": 5.76,
            "eps_growth_yearly": -1.05
        },
        "20161": {
            "year_quarter": 20161,
            "year": 2016,
            "quarter": 1,
            "eps": 0.87,
            "eps_growth_year": -13,
            "eps_4q": 4.57,
            "eps_4q_growth_year": -15.13,
            "roe": 1.71,
            "roe_4q": 9.08,
            "gross_profit": 252304,
            "gross_margin": 5.04,
            "gross_margin_4q_avg": 5.29,
            "net_income": 128657,
            "revenue": 5003692,
            "common_shares": 1519685,
            "book_valuer_per_share": 51,
            "book_valuer_per_share_4q_avg": 49.82,
            "equity": 7521759,
            "current_ratio": 181.25,
            "debt_ratio": 56.24,
            "inventory_turnover_ratio": 2.51,
            "account_receivable_turnover_ratio": 1.3,
            "reinvestment_rate": -106.67,
            "research_to_sale_ratio": 1.14,
            "price_fair": 18.39,
            "eps_avg_yearly": 6.13,
            "eps_latest_yearly": 3.48,
            "eps_growth_yearly": -7.71
        },
        "20162": {
            "year_quarter": 20162,
            "year": 2016,
            "quarter": 2,
            "eps": 0.81,
            "eps_growth_year": 15.71,
            "eps_4q": 4.66,
            "eps_4q_growth_year": 0.69,
            "roe": 1.65,
            "roe_4q": 9.33,
            "gross_profit": 157298,
            "gross_margin": 3.86,
            "gross_margin_4q_avg": 5.39,
            "net_income": 120022,
            "revenue": 4078134,
            "common_shares": 1519685,
            "book_valuer_per_share": 47.46,
            "book_valuer_per_share_4q_avg": 49.8,
            "equity": 6998879,
            "current_ratio": 177.95,
            "debt_ratio": 57.25,
            "inventory_turnover_ratio": 2.23,
            "account_receivable_turnover_ratio": 1.24,
            "reinvestment_rate": 3.75,
            "research_to_sale_ratio": 1.44,
            "price_fair": 16.74,
            "eps_avg_yearly": 5.58,
            "eps_latest_yearly": 3.24,
            "eps_growth_yearly": -10.47
        },
        "20163": {
            "year_quarter": 20163,
            "year": 2016,
            "quarter": 3,
            "eps": 0.81,
            "eps_growth_year": -46.36,
            "eps_4q": 3.94,
            "eps_4q_growth_year": -18.03,
            "roe": 1.72,
            "roe_4q": 7.9399999999999995,
            "gross_profit": 224187,
            "gross_margin": 4.74,
            "gross_margin_4q_avg": 4.96,
            "net_income": 120005,
            "revenue": 4728200,
            "common_shares": 1519685,
            "book_valuer_per_share": 46.92,
            "book_valuer_per_share_4q_avg": 49.03,
            "equity": 6920474,
            "current_ratio": 180.38,
            "debt_ratio": 58.62,
            "inventory_turnover_ratio": 2.87,
            "account_receivable_turnover_ratio": 1.49,
            "reinvestment_rate": -6.45,
            "research_to_sale_ratio": 1.01,
            "price_fair": 15.31,
            "eps_avg_yearly": 5.1,
            "eps_latest_yearly": 3.24,
            "eps_growth_yearly": -8.06
        },
        "20164": {
            "year_quarter": 20164,
            "year": 2016,
            "quarter": 4,
            "eps": 0.71,
            "eps_growth_year": -50.34,
            "eps_4q": 3.21,
            "eps_4q_growth_year": -32.06,
            "roe": 1.52,
            "roe_4q": 6.6000000000000005,
            "gross_profit": 182881,
            "gross_margin": 4.86,
            "gross_margin_4q_avg": 4.63,
            "net_income": 105439,
            "revenue": 3764353,
            "common_shares": 1519685,
            "book_valuer_per_share": 47.27,
            "book_valuer_per_share_4q_avg": 48.16,
            "equity": 6971979,
            "current_ratio": 173.77,
            "debt_ratio": 57.08,
            "inventory_turnover_ratio": 2.35,
            "account_receivable_turnover_ratio": 1.21,
            "reinvestment_rate": 2.65,
            "research_to_sale_ratio": 1.67,
            "price_fair": 14.58,
            "eps_avg_yearly": 4.86,
            "eps_latest_yearly": 2.84,
            "eps_growth_yearly": -1.59
        },
        "20171": {
            "year_quarter": 20171,
            "year": 2017,
            "quarter": 1,
            "eps": 0.62,
            "eps_growth_year": -28.74,
            "eps_4q": 2.96,
            "eps_4q_growth_year": -35.28,
            "roe": 1.33,
            "roe_4q": 6.220000000000001,
            "gross_profit": 163527,
            "gross_margin": 4.62,
            "gross_margin_4q_avg": 4.52,
            "net_income": 91134,
            "revenue": 3541424,
            "common_shares": 1519685,
            "book_valuer_per_share": 45.47,
            "book_valuer_per_share_4q_avg": 46.78,
            "equity": 6706458,
            "current_ratio": 186.01,
            "debt_ratio": 54.65,
            "inventory_turnover_ratio": 2.28,
            "account_receivable_turnover_ratio": 1.3,
            "reinvestment_rate": 8.73,
            "research_to_sale_ratio": 1.56,
            "price_fair": 13.77,
            "eps_avg_yearly": 4.59,
            "eps_latest_yearly": 2.48,
            "eps_growth_yearly": -5.06
        },
        "20172": {
            "year_quarter": 20172,
            "year": 2017,
            "quarter": 2,
            "eps": 0.32,
            "eps_growth_year": -60.49,
            "eps_4q": 2.46,
            "eps_4q_growth_year": -47.2,
            "roe": 0.71,
            "roe_4q": 5.28,
            "gross_profit": 231578,
            "gross_margin": 6.23,
            "gross_margin_4q_avg": 5.11,
            "net_income": 46679,
            "revenue": 3716928,
            "common_shares": 1519685,
            "book_valuer_per_share": 43.62,
            "book_valuer_per_share_4q_avg": 45.82,
            "equity": 6432711,
            "current_ratio": 172.76,
            "debt_ratio": 57.58,
            "inventory_turnover_ratio": 2.48,
            "account_receivable_turnover_ratio": 1.31,
            "reinvestment_rate": 3.72,
            "research_to_sale_ratio": 1.48,
            "price_fair": 13.24,
            "eps_avg_yearly": 4.41,
            "eps_latest_yearly": 1.28,
            "eps_growth_yearly": -7.3
        },
        "20173": {
            "year_quarter": 20173,
            "year": 2017,
            "quarter": 3,
            "eps": 1.1,
            "eps_growth_year": 35.8,
            "eps_4q": 2.74,
            "eps_4q_growth_year": -30.37,
            "roe": 2.48,
            "roe_4q": 6.039999999999999,
            "gross_profit": 281134,
            "gross_margin": 6.76,
            "gross_margin_4q_avg": 5.62,
            "net_income": 161334,
            "revenue": 4158697,
            "common_shares": 1519685,
            "book_valuer_per_share": 44.7,
            "book_valuer_per_share_4q_avg": 45.27,
            "equity": 6592158,
            "current_ratio": 174.44,
            "debt_ratio": 57.34,
            "inventory_turnover_ratio": 2.22,
            "account_receivable_turnover_ratio": 1.31,
            "reinvestment_rate": -6.27,
            "research_to_sale_ratio": 1.38,
            "price_fair": 152.95,
            "eps_avg_yearly": 4.37,
            "eps_latest_yearly": 4.4,
            "eps_growth_yearly": 47.81
        },
        "20174": {
            "year_quarter": 20174,
            "year": 2017,
            "quarter": 4,
            "eps": 0.79,
            "eps_growth_year": 9.88,
            "eps_4q": 2.81,
            "eps_4q_growth_year": -12.47,
            "roe": 1.74,
            "roe_4q": 6.26,
            "gross_profit": 244097,
            "gross_margin": 5.69,
            "gross_margin_4q_avg": 5.83,
            "net_income": 115855,
            "revenue": 4292189,
            "common_shares": 1519685,
            "book_valuer_per_share": 45.37,
            "book_valuer_per_share_4q_avg": 44.79,
            "equity": 6690697,
            "current_ratio": 187.94,
            "debt_ratio": 57.65,
            "inventory_turnover_ratio": 2,
            "account_receivable_turnover_ratio": 1.32,
            "reinvestment_rate": -11.61,
            "research_to_sale_ratio": 1.38,
            "price_fair": 146.74,
            "eps_avg_yearly": 4.19,
            "eps_latest_yearly": 3.16,
            "eps_growth_yearly": 36.24
        },
        "20181": {
            "year_quarter": 20181,
            "year": 2018,
            "quarter": 1,
            "eps": 0.53,
            "eps_growth_year": -14.52,
            "eps_4q": 2.72,
            "eps_4q_growth_year": -8.05,
            "roe": 1.15,
            "roe_4q": 6.079999999999999,
            "gross_profit": 179539,
            "gross_margin": 4.81,
            "gross_margin_4q_avg": 5.87,
            "net_income": 77598,
            "revenue": 3730558,
            "common_shares": 1519685,
            "book_valuer_per_share": 46.38,
            "book_valuer_per_share_4q_avg": 45.02,
            "equity": 6839715,
            "current_ratio": 205.78,
            "debt_ratio": 53.56,
            "inventory_turnover_ratio": 1.72,
            "account_receivable_turnover_ratio": 1.22,
            "reinvestment_rate": -15.04,
            "research_to_sale_ratio": 1.32,
            "price_fair": 134.51,
            "eps_avg_yearly": 3.9,
            "eps_latest_yearly": 2.12,
            "eps_growth_yearly": 24.51
        },
        "20182": {
            "year_quarter": 20182,
            "year": 2018,
            "quarter": 2,
            "eps": 1.09,
            "eps_growth_year": 240.62,
            "eps_4q": 3.5,
            "eps_4q_growth_year": 42.09,
            "roe": 2.39,
            "roe_4q": 7.76,
            "gross_profit": 298612,
            "gross_margin": 6.94,
            "gross_margin_4q_avg": 6.05,
            "net_income": 161375,
            "revenue": 4303722,
            "common_shares": 1519685,
            "book_valuer_per_share": 45.12,
            "book_valuer_per_share_4q_avg": 45.39,
            "equity": 6654671,
            "current_ratio": 183.84,
            "debt_ratio": 58.79,
            "inventory_turnover_ratio": 2.01,
            "account_receivable_turnover_ratio": 1.27,
            "reinvestment_rate": -12.61,
            "research_to_sale_ratio": 1.66,
            "price_fair": 133.26,
            "eps_avg_yearly": 3.81,
            "eps_latest_yearly": 4.36,
            "eps_growth_yearly": 54.73
        },
        "20183": {
            "year_quarter": 20183,
            "year": 2018,
            "quarter": 3,
            "eps": 1.7,
            "eps_growth_year": 54.55,
            "eps_4q": 4.11,
            "eps_4q_growth_year": 49.79,
            "roe": 3.76,
            "roe_4q": 9.040000000000001,
            "gross_profit": 404301,
            "gross_margin": 8.73,
            "gross_margin_4q_avg": 6.54,
            "net_income": 251203,
            "revenue": 4629737,
            "common_shares": 1519685,
            "book_valuer_per_share": 45.56,
            "book_valuer_per_share_4q_avg": 45.61,
            "equity": 6718744,
            "current_ratio": 171.31,
            "debt_ratio": 62.13,
            "inventory_turnover_ratio": 2.17,
            "account_receivable_turnover_ratio": 1.19,
            "reinvestment_rate": -13.73,
            "research_to_sale_ratio": 1.84,
            "price_fair": 135.36,
            "eps_avg_yearly": 3.87,
            "eps_latest_yearly": 6.8,
            "eps_growth_yearly": 68.55
        },
        "20184": {
            "year_quarter": 20184,
            "year": 2018,
            "quarter": 4,
            "eps": 1.03,
            "eps_growth_year": 30.67,
            "eps_4q": 4.35,
            "eps_4q_growth_year": 54.59,
            "roe": 2.22,
            "roe_4q": 9.520000000000001,
            "gross_profit": 445093,
            "gross_margin": 8.52,
            "gross_margin_4q_avg": 7.25,
            "net_income": 151382,
            "revenue": 5222508,
            "common_shares": 1474805,
            "book_valuer_per_share": 46.92,
            "book_valuer_per_share_4q_avg": 46,
            "equity": 6920233,
            "current_ratio": 180.32,
            "debt_ratio": 59.96,
            "inventory_turnover_ratio": 2.35,
            "account_receivable_turnover_ratio": 1.21,
            "reinvestment_rate": -28.39,
            "research_to_sale_ratio": 1.29,
            "price_fair": 131.51,
            "eps_avg_yearly": 3.76,
            "eps_latest_yearly": 4.12,
            "eps_growth_yearly": 58.52
        },
        "20191": {
            "year_quarter": 20191,
            "year": 2019,
            "quarter": 1,
            "eps": 0.71,
            "eps_growth_year": 33.96,
            "eps_4q": 4.54,
            "eps_4q_growth_year": 66.67,
            "roe": 1.49,
            "roe_4q": 9.86,
            "gross_profit": 299480,
            "gross_margin": 7.85,
            "gross_margin_4q_avg": 8.01,
            "net_income": 105151,
            "revenue": 3813587,
            "common_shares": 1474805,
            "book_valuer_per_share": 48.47,
            "book_valuer_per_share_4q_avg": 46.52,
            "equity": 7148709,
            "current_ratio": 195.07,
            "debt_ratio": 58.28,
            "inventory_turnover_ratio": 1.79,
            "account_receivable_turnover_ratio": 0.93,
            "reinvestment_rate": -20.1,
            "research_to_sale_ratio": 1.77,
            "price_fair": 128.98,
            "eps_avg_yearly": 3.69,
            "eps_latest_yearly": 2.84,
            "eps_growth_yearly": 58.75
        },
        "20192": {
            "year_quarter": 20192,
            "year": 2019,
            "quarter": 2,
            "eps": 1.28,
            "eps_growth_year": 17.43,
            "eps_4q": 4.72,
            "eps_4q_growth_year": 34.91,
            "roe": 2.71,
            "roe_4q": 10.18,
            "gross_profit": 333294,
            "gross_margin": 8.1,
            "gross_margin_4q_avg": 8.3,
            "net_income": 188593,
            "revenue": 4113252,
            "common_shares": 1474805,
            "book_valuer_per_share": 45.84,
            "book_valuer_per_share_4q_avg": 46.7,
            "equity": 6760898,
            "current_ratio": 183.18,
            "debt_ratio": 61.4,
            "inventory_turnover_ratio": 2.17,
            "account_receivable_turnover_ratio": 1.16,
            "reinvestment_rate": -16.24,
            "research_to_sale_ratio": 1.82,
            "price_fair": 134.05,
            "eps_avg_yearly": 3.83,
            "eps_latest_yearly": 5.12,
            "eps_growth_yearly": 86.32
        },
        "20193": {
            "year_quarter": 20193,
            "year": 2019,
            "quarter": 3,
            "eps": 1.92,
            "eps_growth_year": 12.94,
            "eps_4q": 4.93,
            "eps_4q_growth_year": 20.04,
            "roe": 4.14,
            "roe_4q": 10.56,
            "gross_profit": 496042,
            "gross_margin": 9.51,
            "gross_margin_4q_avg": 8.5,
            "net_income": 282357,
            "revenue": 5213671,
            "common_shares": 1474805,
            "book_valuer_per_share": 46.69,
            "book_valuer_per_share_4q_avg": 46.98,
            "equity": 6885928,
            "current_ratio": 180.56,
            "debt_ratio": 61.39,
            "inventory_turnover_ratio": 2.92,
            "account_receivable_turnover_ratio": 1.25,
            "reinvestment_rate": -7.23,
            "research_to_sale_ratio": 1.73,
            "price_fair": 137.64,
            "eps_avg_yearly": 3.93,
            "eps_latest_yearly": 7.68,
            "eps_growth_yearly": 69.89
        },
        "20194": {
            "year_quarter": 20194,
            "year": 2019,
            "quarter": 4,
            "eps": 1.7,
            "eps_growth_year": 66.04,
            "eps_4q": 5.61,
            "eps_4q_growth_year": 28.98,
            "roe": 3.62,
            "roe_4q": 11.959999999999999,
            "gross_profit": 466338,
            "gross_margin": 10.05,
            "gross_margin_4q_avg": 8.88,
            "net_income": 251353,
            "revenue": 4639942,
            "common_shares": 1474805,
            "book_valuer_per_share": 47.35,
            "book_valuer_per_share_4q_avg": 47.09,
            "equity": 6983093,
            "current_ratio": 186.03,
            "debt_ratio": 58.58,
            "inventory_turnover_ratio": 2.59,
            "account_receivable_turnover_ratio": 1.07,
            "reinvestment_rate": -3.93,
            "research_to_sale_ratio": 2.13,
            "price_fair": 139.91,
            "eps_avg_yearly": 4,
            "eps_latest_yearly": 6.8,
            "eps_growth_yearly": 68.18
        },
        "20201": {
            "year_quarter": 20201,
            "year": 2020,
            "quarter": 1,
            "eps": 0.63,
            "eps_growth_year": -11.27,
            "eps_4q": 5.52,
            "eps_4q_growth_year": 21.72,
            "roe": 1.31,
            "roe_4q": 11.780000000000001,
            "gross_profit": 264107,
            "gross_margin": 8.91,
            "gross_margin_4q_avg": 9.14,
            "net_income": 92130,
            "revenue": 2965462,
            "common_shares": 1474805,
            "book_valuer_per_share": 47.81,
            "book_valuer_per_share_4q_avg": 46.92,
            "equity": 7050906,
            "current_ratio": 206.08,
            "debt_ratio": 57.99,
            "inventory_turnover_ratio": 1.71,
            "account_receivable_turnover_ratio": 0.85,
            "reinvestment_rate": 0.07,
            "research_to_sale_ratio": 2.49,
            "price_fair": 137.81,
            "eps_avg_yearly": 3.94,
            "eps_latest_yearly": 2.52,
            "eps_growth_yearly": 62.34
        },
        "20202": {
            "year_quarter": 20202,
            "year": 2020,
            "quarter": 2,
            "eps": 3.02,
            "eps_growth_year": 135.94,
            "eps_4q": 7.27,
            "eps_4q_growth_year": 53.99,
            "roe": 6.52,
            "roe_4q": 15.59,
            "gross_profit": 655184,
            "gross_margin": 11.83,
            "gross_margin_4q_avg": 10.08,
            "net_income": 446466,
            "revenue": 5536281,
            "common_shares": 1474805,
            "book_valuer_per_share": 45.01,
            "book_valuer_per_share_4q_avg": 46.72,
            "equity": 6638480,
            "current_ratio": 167.67,
            "debt_ratio": 64.53,
            "inventory_turnover_ratio": 2.76,
            "account_receivable_turnover_ratio": 1.42,
            "reinvestment_rate": 4.45,
            "research_to_sale_ratio": 1.74,
            "price_fair": 157.15,
            "eps_avg_yearly": 4.49,
            "eps_latest_yearly": 12.08,
            "eps_growth_yearly": 158.91
        },
        "20203": {
            "year_quarter": 20203,
            "year": 2020,
            "quarter": 3,
            "eps": 1.86,
            "eps_growth_year": -3.12,
            "eps_4q": 7.21,
            "eps_4q_growth_year": 46.21,
            "roe": 4.01,
            "roe_4q": 15.46,
            "gross_profit": 589726,
            "gross_margin": 10.6,
            "gross_margin_4q_avg": 10.35,
            "net_income": 273692,
            "revenue": 5564053,
            "common_shares": 1474805,
            "book_valuer_per_share": 47.51,
            "book_valuer_per_share_4q_avg": 46.92,
            "equity": 7006421,
            "current_ratio": 171.92,
            "debt_ratio": 62.73,
            "inventory_turnover_ratio": 2.38,
            "account_receivable_turnover_ratio": 1.16,
            "reinvestment_rate": 9.1,
            "research_to_sale_ratio": 1.45,
            "price_fair": 166.34,
            "eps_avg_yearly": 4.75,
            "eps_latest_yearly": 7.44,
            "eps_growth_yearly": 149.31
        },
        "20204": {
            "year_quarter": 20204,
            "year": 2020,
            "quarter": 4,
            "eps": 1.51,
            "eps_growth_year": -11.29,
            "eps_4q": 7.02,
            "eps_4q_growth_year": 25.11,
            "roe": 3.11,
            "roe_4q": 14.95,
            "gross_profit": 561332,
            "gross_margin": 10.63,
            "gross_margin_4q_avg": 10.49,
            "net_income": 222967,
            "revenue": 5282472,
            "common_shares": 1474805,
            "book_valuer_per_share": 49.65,
            "book_valuer_per_share_4q_avg": 47.5,
            "equity": 7322747,
            "current_ratio": 179.83,
            "debt_ratio": 60.93,
            "inventory_turnover_ratio": 2.04,
            "account_receivable_turnover_ratio": 1.15,
            "reinvestment_rate": -3.9,
            "research_to_sale_ratio": 1.47,
            "price_fair": 173.34,
            "eps_avg_yearly": 4.95,
            "eps_latest_yearly": 6.04,
            "eps_growth_yearly": 147.69
        },
        "20211": {
            "year_quarter": 20211,
            "year": 2021,
            "quarter": 1,
            "eps": 1.53,
            "eps_growth_year": 142.86,
            "eps_4q": 7.92,
            "eps_4q_growth_year": 43.42,
            "roe": 3.03,
            "roe_4q": 16.669999999999998,
            "gross_profit": 485487,
            "gross_margin": 9.41,
            "gross_margin_4q_avg": 10.62,
            "net_income": 224961,
            "revenue": 5159854,
            "common_shares": 1474805,
            "book_valuer_per_share": 51.01,
            "book_valuer_per_share_4q_avg": 48.3,
            "equity": 7523462,
            "current_ratio": 187.87,
            "debt_ratio": 59.94,
            "inventory_turnover_ratio": 1.72,
            "account_receivable_turnover_ratio": 1.12,
            "reinvestment_rate": 2.07,
            "research_to_sale_ratio": 1.34,
            "price_fair": 181.3,
            "eps_avg_yearly": 5.18,
            "eps_latest_yearly": 6.12,
            "eps_growth_yearly": 151.19
        },
        "20212": {
            "year_quarter": 20212,
            "year": 2021,
            "quarter": 2,
            "eps": 1.55,
            "eps_growth_year": -48.68,
            "eps_4q": 6.44,
            "eps_4q_growth_year": -11.42,
            "roe": 3,
            "roe_4q": 13.149999999999999,
            "gross_profit": 403564,
            "gross_margin": 8.04,
            "gross_margin_4q_avg": 9.67,
            "net_income": 228182,
            "revenue": 5019003,
            "common_shares": 1474805,
            "book_valuer_per_share": 52.16,
            "book_valuer_per_share_4q_avg": 50.08,
            "equity": 7691890,
            "current_ratio": 172.63,
            "debt_ratio": 61.58,
            "inventory_turnover_ratio": 1.29,
            "account_receivable_turnover_ratio": 1.05,
            "reinvestment_rate": 6.13,
            "research_to_sale_ratio": 1.86,
            "price_fair": 192.06,
            "eps_avg_yearly": 5.49,
            "eps_latest_yearly": 6.2,
            "eps_growth_yearly": 163.61
        },
        "20213": {
            "year_quarter": 20213,
            "year": 2021,
            "quarter": 3,
            "eps": 1.61,
            "eps_growth_year": -13.44,
            "eps_4q": 6.19,
            "eps_4q_growth_year": -14.12,
            "roe": 3.25,
            "roe_4q": 12.389999999999999,
            "gross_profit": 420716,
            "gross_margin": 8.06,
            "gross_margin_4q_avg": 9.04,
            "net_income": 237372,
            "revenue": 5222161,
            "common_shares": 1474805,
            "book_valuer_per_share": 46.94,
            "book_valuer_per_share_4q_avg": 49.94,
            "equity": 6922110,
            "current_ratio": 162.68,
            "debt_ratio": 63.94,
            "inventory_turnover_ratio": 1.25,
            "account_receivable_turnover_ratio": 1.06,
            "reinvestment_rate": 9.31,
            "research_to_sale_ratio": 1.78,
            "price_fair": 196.53,
            "eps_avg_yearly": 5.62,
            "eps_latest_yearly": 6.44,
            "eps_growth_yearly": 103.64
        },
        "20214": {
            "year_quarter": 20214,
            "year": 2021,
            "quarter": 4,
            "eps": 17.55,
            "eps_growth_year": 1060.59,
            "eps_4q": 22.17,
            "eps_4q_growth_year": 215.88,
            "roe": 31.51,
            "roe_4q": 40.790000000000006,
            "gross_profit": 325765,
            "gross_margin": 6.07,
            "gross_margin_4q_avg": 7.9,
            "net_income": 2618504,
            "revenue": 5368496,
            "common_shares": 1492185,
            "book_valuer_per_share": 64.99,
            "book_valuer_per_share_4q_avg": 53.78,
            "equity": 9699103,
            "current_ratio": 190.75,
            "debt_ratio": 54.28,
            "inventory_turnover_ratio": 1.55,
            "account_receivable_turnover_ratio": 1.06,
            "reinvestment_rate": -0.85,
            "research_to_sale_ratio": 2,
            "price_fair": 343.18,
            "eps_avg_yearly": 9.81,
            "eps_latest_yearly": 70.2,
            "eps_growth_yearly": 358.2
        },
        "20221": {
            "year_quarter": 20221,
            "year": 2022,
            "quarter": 1,
            "eps": 0.57,
            "eps_growth_year": -62.75,
            "eps_4q": 21.18,
            "eps_4q_growth_year": 167.46,
            "roe": 0.98,
            "roe_4q": 38.74,
            "gross_profit": 354240,
            "gross_margin": 8.09,
            "gross_margin_4q_avg": 7.57,
            "net_income": 85696,
            "revenue": 4377807,
            "common_shares": 1496355,
            "book_valuer_per_share": 52.3,
            "book_valuer_per_share_4q_avg": 54.1,
            "equity": 7825886,
            "current_ratio": 160.41,
            "debt_ratio": 61.05,
            "inventory_turnover_ratio": 1.25,
            "account_receivable_turnover_ratio": 0.9,
            "reinvestment_rate": 3.64,
            "research_to_sale_ratio": 1.84,
            "price_fair": 343.53,
            "eps_avg_yearly": 9.82,
            "eps_latest_yearly": 2.28,
            "eps_growth_yearly": 342.24
        },
        "20222": {
            "year_quarter": 20222,
            "year": 2022,
            "quarter": 2,
            "eps": 2.34,
            "eps_growth_year": 50.97,
            "eps_4q": 22,
            "eps_4q_growth_year": 241.58,
            "roe": 4.39,
            "roe_4q": 40.13,
            "gross_profit": 387014,
            "gross_margin": 9.07,
            "gross_margin_4q_avg": 7.82,
            "net_income": 350621,
            "revenue": 4267878,
            "common_shares": 1496575,
            "book_valuer_per_share": 54.36,
            "book_valuer_per_share_4q_avg": 54.65,
            "equity": 8135745,
            "current_ratio": 199.91,
            "debt_ratio": 52.95,
            "inventory_turnover_ratio": 1.11,
            "account_receivable_turnover_ratio": 0.98,
            "reinvestment_rate": 4.19,
            "research_to_sale_ratio": 2.49,
            "price_fair": 354.46,
            "eps_avg_yearly": 10.13,
            "eps_latest_yearly": 9.36,
            "eps_growth_yearly": 393.46
        },
        "20223": {
            "year_quarter": 20223,
            "year": 2022,
            "quarter": 3,
            "eps": 1.1,
            "eps_growth_year": -31.68,
            "eps_4q": 21.5,
            "eps_4q_growth_year": 247.14,
            "roe": 1.98,
            "roe_4q": 38.86,
            "gross_profit": 456530,
            "gross_margin": 9.37,
            "gross_margin_4q_avg": 8.15,
            "net_income": 164673,
            "revenue": 4872074,
            "common_shares": 1497315,
            "book_valuer_per_share": 56.63,
            "book_valuer_per_share_4q_avg": 57.07,
            "equity": 8479092,
            "current_ratio": 220.94,
            "debt_ratio": 49.9,
            "inventory_turnover_ratio": 1.38,
            "account_receivable_turnover_ratio": 1.13,
            "reinvestment_rate": 7.27,
            "research_to_sale_ratio": 2.11,
            "price_fair": 349.21,
            "eps_avg_yearly": 9.98,
            "eps_latest_yearly": 4.4,
            "eps_growth_yearly": 366.22
        },
        "20224": {
            "year_quarter": 20224,
            "year": 2022,
            "quarter": 4,
            "eps": 1.31,
            "eps_growth_year": -92.54,
            "eps_4q": 5.31,
            "eps_4q_growth_year": -76.05,
            "roe": 2.3,
            "roe_4q": 9.649999999999999,
            "gross_profit": 499721,
            "gross_margin": 9,
            "gross_margin_4q_avg": 8.88,
            "net_income": 196426,
            "revenue": 5554268,
            "common_shares": 1501555,
            "book_valuer_per_share": 57.03,
            "book_valuer_per_share_4q_avg": 55.08,
            "equity": 8564111,
            "current_ratio": 217.43,
            "debt_ratio": 50.65,
            "inventory_turnover_ratio": 1.9,
            "account_receivable_turnover_ratio": 1.18,
            "reinvestment_rate": 3.16,
            "research_to_sale_ratio": 2,
            "price_fair": 351.66,
            "eps_avg_yearly": 10.05,
            "eps_latest_yearly": 5.24,
            "eps_growth_yearly": 380.85
        },
        "20231": {
            "year_quarter": 20231,
            "year": 2023,
            "quarter": 1,
            "eps": 0.76,
            "eps_growth_year": 33.33,
            "eps_4q": 5.48,
            "eps_4q_growth_year": -74.12,
            "roe": 1.39,
            "roe_4q": 10.059999999999999,
            "gross_profit": 298394,
            "gross_margin": 7.66,
            "gross_margin_4q_avg": 8.78,
            "net_income": 113479,
            "revenue": 3896571,
            "common_shares": 1505315,
            "book_valuer_per_share": 51.88,
            "book_valuer_per_share_4q_avg": 54.98,
            "equity": 7810123,
            "current_ratio": 202.8,
            "debt_ratio": 52.85,
            "inventory_turnover_ratio": 1.63,
            "account_receivable_turnover_ratio": 0.89,
            "reinvestment_rate": 1.62,
            "research_to_sale_ratio": 1.72,
            "price_fair": 352.1,
            "eps_avg_yearly": 10.06,
            "eps_latest_yearly": 3.04,
            "eps_growth_yearly": 378.12
        }
    },
    "months": {
        "2004-01": {
            "month": "2004-01",
            "price": "38.10",
            "revenue": 253921
        },
        "2004-02": {
            "month": "2004-02",
            "price": "39.97",
            "revenue": 273207
        },
        "2004-03": {
            "month": "2004-03",
            "price": "50.92",
            "revenue": 242163
        },
        "2004-04": {
            "month": "2004-04",
            "price": "51.06",
            "revenue": 196200
        },
        "2004-05": {
            "month": "2004-05",
            "price": "42.20",
            "revenue": 245421
        },
        "2004-06": {
            "month": "2004-06",
            "price": "37.52",
            "revenue": 321395
        },
        "2004-07": {
            "month": "2004-07",
            "price": "32.98",
            "revenue": 357860
        },
        "2004-08": {
            "month": "2004-08",
            "price": "26.76",
            "revenue": 271603
        },
        "2004-09": {
            "month": "2004-09",
            "price": "29.83",
            "revenue": 449274
        },
        "2004-10": {
            "month": "2004-10",
            "price": "34.62",
            "revenue": 417142
        },
        "2004-11": {
            "month": "2004-11",
            "price": "45.44",
            "revenue": 484406
        },
        "2004-12": {
            "month": "2004-12",
            "price": "49.48",
            "revenue": 366446
        },
        "2005-01": {
            "month": "2005-01",
            "price": "42.76",
            "revenue": 449547
        },
        "2005-02": {
            "month": "2005-02",
            "price": "52.15",
            "revenue": 285271
        },
        "2005-03": {
            "month": "2005-03",
            "price": "57.66",
            "revenue": 448412
        },
        "2005-04": {
            "month": "2005-04",
            "price": "63.34",
            "revenue": 385183
        },
        "2005-05": {
            "month": "2005-05",
            "price": "60.69",
            "revenue": 382671
        },
        "2005-06": {
            "month": "2005-06",
            "price": "59.48",
            "revenue": 321390
        },
        "2005-07": {
            "month": "2005-07",
            "price": "56.49",
            "revenue": 474624
        },
        "2005-08": {
            "month": "2005-08",
            "price": "67.15",
            "revenue": 414284
        },
        "2005-09": {
            "month": "2005-09",
            "price": "63.94",
            "revenue": 533665
        },
        "2005-10": {
            "month": "2005-10",
            "price": "65.61",
            "revenue": 515511
        },
        "2005-11": {
            "month": "2005-11",
            "price": "65.18",
            "revenue": 470396
        },
        "2005-12": {
            "month": "2005-12",
            "price": "68.82",
            "revenue": 429334
        },
        "2006-01": {
            "month": "2006-01",
            "price": "68.87",
            "revenue": 376797
        },
        "2006-02": {
            "month": "2006-02",
            "price": "66.49",
            "revenue": 389012
        },
        "2006-03": {
            "month": "2006-03",
            "price": "67.69",
            "revenue": 412969
        },
        "2006-04": {
            "month": "2006-04",
            "price": "71.44",
            "revenue": 426545
        },
        "2006-05": {
            "month": "2006-05",
            "price": "75.91",
            "revenue": 633812
        },
        "2006-06": {
            "month": "2006-06",
            "price": "67.17",
            "revenue": 832850
        },
        "2006-07": {
            "month": "2006-07",
            "price": "59.75",
            "revenue": 855017
        },
        "2006-08": {
            "month": "2006-08",
            "price": "60.50",
            "revenue": 910687
        },
        "2006-09": {
            "month": "2006-09",
            "price": "59.60",
            "revenue": 1037055
        },
        "2006-10": {
            "month": "2006-10",
            "price": "59.12",
            "revenue": 575820
        },
        "2006-11": {
            "month": "2006-11",
            "price": "56.37",
            "revenue": 1119621
        },
        "2006-12": {
            "month": "2006-12",
            "price": "57.84",
            "revenue": 888672
        },
        "2007-01": {
            "month": "2007-01",
            "price": "61.42",
            "revenue": 684394
        },
        "2007-02": {
            "month": "2007-02",
            "price": "62.37",
            "revenue": 612026
        },
        "2007-03": {
            "month": "2007-03",
            "price": "65.38",
            "revenue": 925615
        },
        "2007-04": {
            "month": "2007-04",
            "price": "67.60",
            "revenue": 907048
        },
        "2007-05": {
            "month": "2007-05",
            "price": "62.02",
            "revenue": 1314211
        },
        "2007-06": {
            "month": "2007-06",
            "price": "70.58",
            "revenue": 1160403
        },
        "2007-07": {
            "month": "2007-07",
            "price": "89.21",
            "revenue": 1369538
        },
        "2007-08": {
            "month": "2007-08",
            "price": "88.35",
            "revenue": 1372806
        },
        "2007-09": {
            "month": "2007-09",
            "price": "93.57",
            "revenue": 1481995
        },
        "2007-10": {
            "month": "2007-10",
            "price": "97.40",
            "revenue": 1259509
        },
        "2007-11": {
            "month": "2007-11",
            "price": "108.57",
            "revenue": 1654367
        },
        "2007-12": {
            "month": "2007-12",
            "price": "107.22",
            "revenue": 1269348
        },
        "2008-01": {
            "month": "2008-01",
            "price": "87.67",
            "revenue": 1223480
        },
        "2008-02": {
            "month": "2008-02",
            "price": "88.47",
            "revenue": 1135711
        },
        "2008-03": {
            "month": "2008-03",
            "price": "100.00",
            "revenue": 1296530
        },
        "2008-04": {
            "month": "2008-04",
            "price": "119.07",
            "revenue": 1519924
        },
        "2008-05": {
            "month": "2008-05",
            "price": "139.79",
            "revenue": 1377529
        },
        "2008-06": {
            "month": "2008-06",
            "price": "137.50",
            "revenue": 1381680
        },
        "2008-07": {
            "month": "2008-07",
            "price": "125.57",
            "revenue": 1688349
        },
        "2008-08": {
            "month": "2008-08",
            "price": "111.65",
            "revenue": 1897578
        },
        "2008-09": {
            "month": "2008-09",
            "price": "94.00",
            "revenue": 1870604
        },
        "2008-10": {
            "month": "2008-10",
            "price": "77.52",
            "revenue": 1665337
        },
        "2008-11": {
            "month": "2008-11",
            "price": "68.46",
            "revenue": 1501174
        },
        "2008-12": {
            "month": "2008-12",
            "price": "60.10",
            "revenue": 993881
        },
        "2009-01": {
            "month": "2009-01",
            "price": "61.46",
            "revenue": 1033510
        },
        "2009-02": {
            "month": "2009-02",
            "price": "68.83",
            "revenue": 1094632
        },
        "2009-03": {
            "month": "2009-03",
            "price": "74.70",
            "revenue": 1279186
        },
        "2009-04": {
            "month": "2009-04",
            "price": "79.10",
            "revenue": 1235634
        },
        "2009-05": {
            "month": "2009-05",
            "price": "81.14",
            "revenue": 1253682
        },
        "2009-06": {
            "month": "2009-06",
            "price": "81.36",
            "revenue": 1438511
        },
        "2009-07": {
            "month": "2009-07",
            "price": "86.03",
            "revenue": 1353809
        },
        "2009-08": {
            "month": "2009-08",
            "price": "91.56",
            "revenue": 1371834
        },
        "2009-09": {
            "month": "2009-09",
            "price": "102.34",
            "revenue": 1503151
        },
        "2009-10": {
            "month": "2009-10",
            "price": "106.45",
            "revenue": 1302398
        },
        "2009-11": {
            "month": "2009-11",
            "price": "102.22",
            "revenue": 1413167
        },
        "2009-12": {
            "month": "2009-12",
            "price": "104.20",
            "revenue": 1163331
        },
        "2010-01": {
            "month": "2010-01",
            "price": "107.42",
            "revenue": 937518
        },
        "2010-02": {
            "month": "2010-02",
            "price": "93.66",
            "revenue": 1012751
        },
        "2010-03": {
            "month": "2010-03",
            "price": "97.86",
            "revenue": 1754709
        },
        "2010-04": {
            "month": "2010-04",
            "price": "104.03",
            "revenue": 1359020
        },
        "2010-05": {
            "month": "2010-05",
            "price": "93.36",
            "revenue": 1609354
        },
        "2010-06": {
            "month": "2010-06",
            "price": "91.59",
            "revenue": 1701687
        },
        "2010-07": {
            "month": "2010-07",
            "price": "94.00",
            "revenue": 1472932
        },
        "2010-08": {
            "month": "2010-08",
            "price": "91.10",
            "revenue": 1606974
        },
        "2010-09": {
            "month": "2010-09",
            "price": "91.39",
            "revenue": 1669266
        },
        "2010-10": {
            "month": "2010-10",
            "price": "92.59",
            "revenue": 1456964
        },
        "2010-11": {
            "month": "2010-11",
            "price": "93.14",
            "revenue": 1690927
        },
        "2010-12": {
            "month": "2010-12",
            "price": "98.77",
            "revenue": 1523254
        },
        "2011-01": {
            "month": "2011-01",
            "price": "96.14",
            "revenue": 1350330
        },
        "2011-02": {
            "month": "2011-02",
            "price": "93.07",
            "revenue": 1364544
        },
        "2011-03": {
            "month": "2011-03",
            "price": "94.23",
            "revenue": 1836684
        },
        "2011-04": {
            "month": "2011-04",
            "price": "94.59",
            "revenue": 1634865
        },
        "2011-05": {
            "month": "2011-05",
            "price": "105.75",
            "revenue": 1872744
        },
        "2011-06": {
            "month": "2011-06",
            "price": "126.14",
            "revenue": 1793870
        },
        "2011-07": {
            "month": "2011-07",
            "price": "140.24",
            "revenue": 1985968
        },
        "2011-08": {
            "month": "2011-08",
            "price": "122.86",
            "revenue": 2260608
        },
        "2011-09": {
            "month": "2011-09",
            "price": "110.07",
            "revenue": 2471507
        },
        "2011-10": {
            "month": "2011-10",
            "price": "113.28",
            "revenue": 2394784
        },
        "2011-11": {
            "month": "2011-11",
            "price": "109.34",
            "revenue": 2464730
        },
        "2011-12": {
            "month": "2011-12",
            "price": "108.00",
            "revenue": 2080763
        },
        "2012-01": {
            "month": "2012-01",
            "price": "121.80",
            "revenue": 2069794
        },
        "2012-02": {
            "month": "2012-02",
            "price": "162.32",
            "revenue": 1912246
        },
        "2012-03": {
            "month": "2012-03",
            "price": "168.57",
            "revenue": 2247871
        },
        "2012-04": {
            "month": "2012-04",
            "price": "153.72",
            "revenue": 2512455
        },
        "2012-05": {
            "month": "2012-05",
            "price": "157.02",
            "revenue": 2798940
        },
        "2012-06": {
            "month": "2012-06",
            "price": "155.57",
            "revenue": 2415308
        },
        "2012-07": {
            "month": "2012-07",
            "price": "153.34",
            "revenue": 2613528
        },
        "2012-08": {
            "month": "2012-08",
            "price": "146.55",
            "revenue": 2175561
        },
        "2012-09": {
            "month": "2012-09",
            "price": "141.52",
            "revenue": 2176270
        },
        "2012-10": {
            "month": "2012-10",
            "price": "121.09",
            "revenue": 2334754
        },
        "2012-11": {
            "month": "2012-11",
            "price": "107.49",
            "revenue": 2632293
        },
        "2012-12": {
            "month": "2012-12",
            "price": "111.26",
            "revenue": 2194016
        },
        "2013-01": {
            "month": "2013-01",
            "price": "111.11",
            "revenue": 2495321
        },
        "2013-02": {
            "month": "2013-02",
            "price": "111.42",
            "revenue": 1419896
        },
        "2013-03": {
            "month": "2013-03",
            "price": "105.98",
            "revenue": 2138372
        },
        "2013-04": {
            "month": "2013-04",
            "price": "102.16",
            "revenue": 1522217
        },
        "2013-05": {
            "month": "2013-05",
            "price": "100.43",
            "revenue": 1855530
        },
        "2013-06": {
            "month": "2013-06",
            "price": "97.34",
            "revenue": 1532103
        },
        "2013-07": {
            "month": "2013-07",
            "price": "88.13",
            "revenue": 2283348
        },
        "2013-08": {
            "month": "2013-08",
            "price": "81.62",
            "revenue": 2100147
        },
        "2013-09": {
            "month": "2013-09",
            "price": "81.74",
            "revenue": 2047110
        },
        "2013-10": {
            "month": "2013-10",
            "price": "83.40",
            "revenue": 2224412
        },
        "2013-11": {
            "month": "2013-11",
            "price": "78.00",
            "revenue": 3303051
        },
        "2013-12": {
            "month": "2013-12",
            "price": "79.05",
            "revenue": 3014523
        },
        "2014-01": {
            "month": "2014-01",
            "price": "83.88",
            "revenue": 1935963
        },
        "2014-02": {
            "month": "2014-02",
            "price": "79.65",
            "revenue": 1729809
        },
        "2014-03": {
            "month": "2014-03",
            "price": "78.57",
            "revenue": 2259354
        },
        "2014-04": {
            "month": "2014-04",
            "price": "79.50",
            "revenue": 2105783
        },
        "2014-05": {
            "month": "2014-05",
            "price": "81.50",
            "revenue": 2255581
        },
        "2014-06": {
            "month": "2014-06",
            "price": "87.18",
            "revenue": 2076832
        },
        "2014-07": {
            "month": "2014-07",
            "price": "85.46",
            "revenue": 2313892
        },
        "2014-08": {
            "month": "2014-08",
            "price": "85.60",
            "revenue": 2286178
        },
        "2014-09": {
            "month": "2014-09",
            "price": "83.40",
            "revenue": 2077687
        },
        "2014-10": {
            "month": "2014-10",
            "price": "75.43",
            "revenue": 2148431
        },
        "2014-11": {
            "month": "2014-11",
            "price": "74.04",
            "revenue": 2581546
        },
        "2014-12": {
            "month": "2014-12",
            "price": "73.42",
            "revenue": 1997603
        },
        "2015-01": {
            "month": "2015-01",
            "price": "72.58",
            "revenue": 2019308
        },
        "2015-02": {
            "month": "2015-02",
            "price": "73.27",
            "revenue": 1454541
        },
        "2015-03": {
            "month": "2015-03",
            "price": "77.22",
            "revenue": 1848856
        },
        "2015-04": {
            "month": "2015-04",
            "price": "76.02",
            "revenue": 1702783
        },
        "2015-05": {
            "month": "2015-05",
            "price": "70.94",
            "revenue": 1586040
        },
        "2015-06": {
            "month": "2015-06",
            "price": "66.13",
            "revenue": 1481566
        },
        "2015-07": {
            "month": "2015-07",
            "price": "55.38",
            "revenue": 1626064
        },
        "2015-08": {
            "month": "2015-08",
            "price": "48.57",
            "revenue": 1815683
        },
        "2015-09": {
            "month": "2015-09",
            "price": "49.38",
            "revenue": 2069519
        },
        "2015-10": {
            "month": "2015-10",
            "price": "53.20",
            "revenue": 2015494
        },
        "2015-11": {
            "month": "2015-11",
            "price": "52.42",
            "revenue": 2194458
        },
        "2015-12": {
            "month": "2015-12",
            "price": "49.56",
            "revenue": 1803021
        },
        "2016-01": {
            "month": "2016-01",
            "price": "45.11",
            "revenue": 1513197
        },
        "2016-02": {
            "month": "2016-02",
            "price": "47.11",
            "revenue": 1416946
        },
        "2016-03": {
            "month": "2016-03",
            "price": "49.96",
            "revenue": 2073549
        },
        "2016-04": {
            "month": "2016-04",
            "price": "49.95",
            "revenue": 1418087
        },
        "2016-05": {
            "month": "2016-05",
            "price": "46.55",
            "revenue": 1321825
        },
        "2016-06": {
            "month": "2016-06",
            "price": "47.12",
            "revenue": 1338222
        },
        "2016-07": {
            "month": "2016-07",
            "price": "44.59",
            "revenue": 1424052
        },
        "2016-08": {
            "month": "2016-08",
            "price": "43.71",
            "revenue": 1597407
        },
        "2016-09": {
            "month": "2016-09",
            "price": "42.34",
            "revenue": 1706741
        },
        "2016-10": {
            "month": "2016-10",
            "price": "42.00",
            "revenue": 1215013
        },
        "2016-11": {
            "month": "2016-11",
            "price": "37.38",
            "revenue": 1349286
        },
        "2016-12": {
            "month": "2016-12",
            "price": "37.56",
            "revenue": 1200054
        },
        "2017-01": {
            "month": "2017-01",
            "price": "36.90",
            "revenue": 1047496
        },
        "2017-02": {
            "month": "2017-02",
            "price": "38.63",
            "revenue": 1088442
        },
        "2017-03": {
            "month": "2017-03",
            "price": "41.07",
            "revenue": 1405486
        },
        "2017-04": {
            "month": "2017-04",
            "price": "40.74",
            "revenue": 1027972
        },
        "2017-05": {
            "month": "2017-05",
            "price": "40.02",
            "revenue": 1252260
        },
        "2017-06": {
            "month": "2017-06",
            "price": "41.17",
            "revenue": 1436696
        },
        "2017-07": {
            "month": "2017-07",
            "price": "39.42",
            "revenue": 1349723
        },
        "2017-08": {
            "month": "2017-08",
            "price": "38.32",
            "revenue": 1428985
        },
        "2017-09": {
            "month": "2017-09",
            "price": "39.92",
            "revenue": 1379989
        },
        "2017-10": {
            "month": "2017-10",
            "price": "49.26",
            "revenue": 1357112
        },
        "2017-11": {
            "month": "2017-11",
            "price": "48.17",
            "revenue": 1560094
        },
        "2017-12": {
            "month": "2017-12",
            "price": "45.14",
            "revenue": 1374983
        },
        "2018-01": {
            "month": "2018-01",
            "price": "46.30",
            "revenue": 1139469
        },
        "2018-02": {
            "month": "2018-02",
            "price": "42.62",
            "revenue": 1163825
        },
        "2018-03": {
            "month": "2018-03",
            "price": "42.54",
            "revenue": 1427264
        },
        "2018-04": {
            "month": "2018-04",
            "price": "40.62",
            "revenue": 1267262
        },
        "2018-05": {
            "month": "2018-05",
            "price": "39.87",
            "revenue": 1627555
        },
        "2018-06": {
            "month": "2018-06",
            "price": "41.14",
            "revenue": 1408905
        },
        "2018-07": {
            "month": "2018-07",
            "price": "38.06",
            "revenue": 1197999
        },
        "2018-08": {
            "month": "2018-08",
            "price": "39.64",
            "revenue": 1678298
        },
        "2018-09": {
            "month": "2018-09",
            "price": "43.21",
            "revenue": 1753440
        },
        "2018-10": {
            "month": "2018-10",
            "price": "39.52",
            "revenue": 1538913
        },
        "2018-11": {
            "month": "2018-11",
            "price": "40.87",
            "revenue": 1865703
        },
        "2018-12": {
            "month": "2018-12",
            "price": "44.23",
            "revenue": 1817892
        },
        "2019-01": {
            "month": "2019-01",
            "price": "46.48",
            "revenue": 1359511
        },
        "2019-02": {
            "month": "2019-02",
            "price": "50.91",
            "revenue": 966399
        },
        "2019-03": {
            "month": "2019-03",
            "price": "50.79",
            "revenue": 1487677
        },
        "2019-04": {
            "month": "2019-04",
            "price": "51.12",
            "revenue": 1268691
        },
        "2019-05": {
            "month": "2019-05",
            "price": "48.61",
            "revenue": 1457754
        },
        "2019-06": {
            "month": "2019-06",
            "price": "50.04",
            "revenue": 1386807
        },
        "2019-07": {
            "month": "2019-07",
            "price": "48.39",
            "revenue": 1410331
        },
        "2019-08": {
            "month": "2019-08",
            "price": "47.99",
            "revenue": 1861111
        },
        "2019-09": {
            "month": "2019-09",
            "price": "51.74",
            "revenue": 1942229
        },
        "2019-10": {
            "month": "2019-10",
            "price": "57.77",
            "revenue": 1803137
        },
        "2019-11": {
            "month": "2019-11",
            "price": "63.63",
            "revenue": 1520274
        },
        "2019-12": {
            "month": "2019-12",
            "price": "61.35",
            "revenue": 1316531
        },
        "2020-01": {
            "month": "2020-01",
            "price": "60.95",
            "revenue": 706709
        },
        "2020-02": {
            "month": "2020-02",
            "price": "60.89",
            "revenue": 622137
        },
        "2020-03": {
            "month": "2020-03",
            "price": "62.51",
            "revenue": 1636616
        },
        "2020-04": {
            "month": "2020-04",
            "price": "67.74",
            "revenue": 1878736
        },
        "2020-05": {
            "month": "2020-05",
            "price": "76.32",
            "revenue": 1838896
        },
        "2020-06": {
            "month": "2020-06",
            "price": "80.91",
            "revenue": 1818649
        },
        "2020-07": {
            "month": "2020-07",
            "price": "77.90",
            "revenue": 1703387
        },
        "2020-08": {
            "month": "2020-08",
            "price": "81.68",
            "revenue": 1960276
        },
        "2020-09": {
            "month": "2020-09",
            "price": "81.52",
            "revenue": 1900390
        },
        "2020-10": {
            "month": "2020-10",
            "price": "79.41",
            "revenue": 1901639
        },
        "2020-11": {
            "month": "2020-11",
            "price": "80.61",
            "revenue": 1636270
        },
        "2020-12": {
            "month": "2020-12",
            "price": "84.34",
            "revenue": 1744563
        },
        "2021-01": {
            "month": "2021-01",
            "price": "88.42",
            "revenue": 1705754
        },
        "2021-02": {
            "month": "2021-02",
            "price": "100.07",
            "revenue": 1534941
        },
        "2021-03": {
            "month": "2021-03",
            "price": "118.07",
            "revenue": 1919159
        },
        "2021-04": {
            "month": "2021-04",
            "price": "121.58",
            "revenue": 1808087
        },
        "2021-05": {
            "month": "2021-05",
            "price": "107.86",
            "revenue": 1633897
        },
        "2021-06": {
            "month": "2021-06",
            "price": "107.52",
            "revenue": 1577019
        },
        "2021-07": {
            "month": "2021-07",
            "price": "109.50",
            "revenue": 1483258
        },
        "2021-08": {
            "month": "2021-08",
            "price": "95.78",
            "revenue": 2010829
        },
        "2021-09": {
            "month": "2021-09",
            "price": "96.02",
            "revenue": 1728074
        },
        "2021-10": {
            "month": "2021-10",
            "price": "93.83",
            "revenue": 1308958
        },
        "2021-11": {
            "month": "2021-11",
            "price": "96.74",
            "revenue": 2077816
        },
        "2021-12": {
            "month": "2021-12",
            "price": "100.23",
            "revenue": 1981722
        },
        "2022-01": {
            "month": "2022-01",
            "price": "103.89",
            "revenue": 1283337
        },
        "2022-02": {
            "month": "2022-02",
            "price": "101.74",
            "revenue": 1396644
        },
        "2022-03": {
            "month": "2022-03",
            "price": "111.74",
            "revenue": 1697826
        },
        "2022-04": {
            "month": "2022-04",
            "price": "88.36",
            "revenue": 1015398
        },
        "2022-05": {
            "month": "2022-05",
            "price": "78.00",
            "revenue": 1669371
        },
        "2022-06": {
            "month": "2022-06",
            "price": "77.20",
            "revenue": 1583109
        },
        "2022-07": {
            "month": "2022-07",
            "price": "69.65",
            "revenue": 1636245
        },
        "2022-08": {
            "month": "2022-08",
            "price": "77.11",
            "revenue": 1455931
        },
        "2022-09": {
            "month": "2022-09",
            "price": "74.74",
            "revenue": 1779898
        },
        "2022-10": {
            "month": "2022-10",
            "price": "69.76",
            "revenue": 1707936
        },
        "2022-11": {
            "month": "2022-11",
            "price": "72.30",
            "revenue": 1913201
        },
        "2022-12": {
            "month": "2022-12",
            "price": "74.43",
            "revenue": 1933131
        },
        "2023-01": {
            "month": "2023-01",
            "price": "74.60",
            "revenue": 1203996
        },
        "2023-02": {
            "month": "2023-02",
            "price": "78.90",
            "revenue": 1092145
        },
        "2023-03": {
            "month": "2023-03",
            "price": "81.75",
            "revenue": 1600430
        },
        "2023-04": {
            "month": "2023-04",
            "price": "77.15",
            "revenue": 1161301
        }
    }
}
