{
    "summary": {
        "stock_name": "茂訊",
        "stock_id": "3213",
        "category": "電腦及週邊設備",
        "main_business": "各式電腦軟硬體之研究設計規劃製作銷售(特許業務除外)<br>各式電腦零組件之研究銷售<br>電腦主機及週邊設備零組件之製造加工及買賣業務",
        "website_url": "http://www.crete.com.tw/",
        "ceo": "沈頤同",
        "pe_ratio": 14,
        "report_year_from": 2002,
        "report_year_to": 2023,
        "age": 21,
        "eps_negative_percentage": 0,
        "eps_growth_avg": {
            "last_all": 11.39,
            "last_2y": 16.44,
            "last_4y": 11.44,
            "last_8y": 12.93,
            "last_12y": 5.33,
            "last_16y": 3,
            "last_20y": null,
            "at_2006_last_3y": 45.07,
            "at_2007_last_3y": 28.14,
            "at_2008_last_3y": 17.82,
            "at_2009_last_3y": -4.57,
            "at_2010_last_3y": -9.25,
            "at_2011_last_3y": -8.56,
            "at_2012_last_3y": -14.61,
            "at_2013_last_3y": -11.75,
            "at_2014_last_3y": -3.47,
            "at_2015_last_3y": -3.49,
            "at_2016_last_3y": 13.35,
            "at_2017_last_3y": 14.79,
            "at_2018_last_3y": -0.95,
            "at_2019_last_3y": 11.63,
            "at_2020_last_3y": 12.93,
            "at_2021_last_3y": 30.35,
            "at_2022_last_3y": 25.55,
            "at_2023_last_3y": 25.55,
            "at_2006_last_all": 45.07,
            "at_2007_last_all": 36.04,
            "at_2008_last_all": 24.68,
            "at_2009_last_all": 22.64,
            "at_2010_last_all": 17.91,
            "at_2011_last_all": 16.22,
            "at_2012_last_all": 8.96,
            "at_2013_last_all": 10.14,
            "at_2014_last_all": 10.79,
            "at_2015_last_all": 10.15,
            "at_2016_last_all": 10.22,
            "at_2017_last_all": 11.38,
            "at_2018_last_all": 7.85,
            "at_2019_last_all": 10.5,
            "at_2020_last_all": 10.82,
            "at_2021_last_all": 15.37,
            "at_2022_last_all": 11.39,
            "at_2023_last_all": 11.39
        },
        "latest_eps": 4.45,
        "latest_price": 61.7,
        "latest_roe": 11.58,
        "latest_gross_margin": 19.52,
        "latest_equity": 2372545,
        "latest_revenue": 634611,
        "latest_gross_profit": 123875,
        "latest_net_income": 48163,
        "latest_debt_ratio": 27.77,
        "latest_current_ratio": 302.76,
        "latest_account_receivable_turnover_ratio": 5.03,
        "latest_inventory_turnover_ratio": 0.47,
        "latest_reinvestment_rate": -5.19,
        "latest_research_to_sale_ratio": 2.72
    },
    "eps_dividends": {
        "2001": {
            "cash": 0,
            "stock": 0,
            "eps": 0
        },
        "2002": {
            "cash": 0,
            "stock": 0,
            "eps": 2.41
        },
        "2003": {
            "cash": 1.5,
            "stock": 1.5,
            "eps": 4.04
        },
        "2004": {
            "cash": 1.5,
            "stock": 1.5,
            "eps": 4.41
        },
        "2005": {
            "cash": 2,
            "stock": 1,
            "eps": 9.16
        },
        "2006": {
            "cash": 5.6,
            "stock": 1,
            "eps": 9.48
        },
        "2007": {
            "cash": 5.7,
            "stock": 1,
            "eps": 9.47
        },
        "2008": {
            "cash": 6,
            "stock": 1,
            "eps": 6.43
        },
        "2009": {
            "cash": 4.5,
            "stock": 0.5,
            "eps": 7.1
        },
        "2010": {
            "cash": 6,
            "stock": 0.6,
            "eps": 6.02
        },
        "2011": {
            "cash": 4,
            "stock": 1.5,
            "eps": 6.18
        },
        "2012": {
            "cash": 4,
            "stock": 0.5,
            "eps": 2.7
        },
        "2013": {
            "cash": 2,
            "stock": 0,
            "eps": 3.29
        },
        "2014": {
            "cash": 2.6,
            "stock": 0,
            "eps": 3.88
        },
        "2015": {
            "cash": 3.1,
            "stock": 0,
            "eps": 3.98
        },
        "2016": {
            "cash": 3.1,
            "stock": 0,
            "eps": 4.42
        },
        "2017": {
            "cash": 3.4,
            "stock": 0,
            "eps": 5.64
        },
        "2018": {
            "cash": 4,
            "stock": 0,
            "eps": 3.1
        },
        "2019": {
            "cash": 2.8,
            "stock": 0,
            "eps": 4.74
        },
        "2020": {
            "cash": 4.2,
            "stock": 0,
            "eps": 5.51
        },
        "2021": {
            "cash": 4.5,
            "stock": 0,
            "eps": 10.87
        },
        "2022": {
            "cash": 3.7,
            "stock": 0,
            "eps": 3.89
        },
        "2023": {
            "cash": 3.6,
            "stock": 0,
            "eps": 0.78
        }
    },
    "dividends": {
        "2003-07-31": {
            "cash": 1.5,
            "stock": 1.5
        },
        "2004-04-08": {
            "cash": 1.5,
            "stock": 1.5
        },
        "2005-03-31": {
            "cash": 2,
            "stock": 1
        },
        "2006-03-31": {
            "cash": 5.6,
            "stock": 1
        },
        "2007-03-30": {
            "cash": 5.7,
            "stock": 1
        },
        "2008-03-31": {
            "cash": 6,
            "stock": 1
        },
        "2009-03-31": {
            "cash": 4.5,
            "stock": 0.5
        },
        "2010-03-30": {
            "cash": 6,
            "stock": 0.6
        },
        "2011-03-31": {
            "cash": 4,
            "stock": 1.5
        },
        "2012-03-19": {
            "cash": 4,
            "stock": 0.5
        },
        "2013-06-06": {
            "cash": 2,
            "stock": 0
        },
        "2014-06-19": {
            "cash": 2.6,
            "stock": 0
        },
        "2015-08-04": {
            "cash": 3.1,
            "stock": 0
        },
        "2016-08-04": {
            "cash": 3.1,
            "stock": 0
        },
        "2017-08-10": {
            "cash": 3.4,
            "stock": 0
        },
        "2018-08-03": {
            "cash": 4,
            "stock": 0
        },
        "2019-08-02": {
            "cash": 2.8,
            "stock": 0
        },
        "2020-08-03": {
            "cash": 4.2,
            "stock": 0
        },
        "2021-08-27": {
            "cash": 4.5,
            "stock": 0
        },
        "2022-07-22": {
            "cash": 3.7,
            "stock": 0
        },
        "2023-08-03": {
            "cash": 3.6,
            "stock": 0
        }
    },
    "prices": {
        "200101": "無",
        "200102": "無",
        "200103": "無",
        "200104": "無",
        "200105": "無",
        "200106": "無",
        "200107": "無",
        "200108": "無",
        "200109": "無",
        "200110": "無",
        "200111": "無",
        "200112": "無",
        "200201": "無",
        "200202": "無",
        "200203": "無",
        "200204": "無",
        "200205": "無",
        "200206": "無",
        "200207": "無",
        "200208": "無",
        "200209": "無",
        "200210": "無",
        "200211": "無",
        "200212": "無",
        "200301": "無",
        "200302": "無",
        "200303": "無",
        "200304": "無",
        "200305": "無",
        "200306": "無",
        "200307": "無",
        "200308": "無",
        "200309": "38.90",
        "200310": "無",
        "200311": "33.00",
        "200312": "31.00",
        "200401": "30.66",
        "200402": "32.97",
        "200403": "35.50",
        "200404": "31.06",
        "200405": "28.71",
        "200406": "28.00",
        "200407": "無",
        "200408": "23.80",
        "200409": "25.51",
        "200410": "25.78",
        "200411": "21.40",
        "200412": "21.87",
        "200501": "31.03",
        "200502": "44.28",
        "200503": "49.93",
        "200504": "44.67",
        "200505": "42.43",
        "200506": "44.01",
        "200507": "52.50",
        "200508": "66.00",
        "200509": "78.49",
        "200510": "77.71",
        "200511": "74.62",
        "200512": "82.84",
        "200601": "105.34",
        "200602": "101.11",
        "200603": "106.50",
        "200604": "117.71",
        "200605": "116.45",
        "200606": "100.81",
        "200607": "98.60",
        "200608": "104.54",
        "200609": "103.66",
        "200610": "103.34",
        "200611": "101.24",
        "200612": "98.39",
        "200701": "101.79",
        "200702": "101.21",
        "200703": "100.01",
        "200704": "99.92",
        "200705": "93.54",
        "200706": "111.26",
        "200707": "189.11",
        "200708": "163.78",
        "200709": "161.50",
        "200710": "137.89",
        "200711": "114.50",
        "200712": "115.69",
        "200801": "105.32",
        "200802": "91.44",
        "200803": "95.28",
        "200804": "112.52",
        "200805": "112.57",
        "200806": "97.29",
        "200807": "86.18",
        "200808": "74.91",
        "200809": "59.86",
        "200810": "44.18",
        "200811": "37.41",
        "200812": "40.09",
        "200901": "42.41",
        "200902": "45.05",
        "200903": "51.42",
        "200904": "62.44",
        "200905": "84.32",
        "200906": "79.89",
        "200907": "91.54",
        "200908": "91.22",
        "200909": "92.94",
        "200910": "89.30",
        "200911": "86.45",
        "200912": "89.79",
        "201001": "85.30",
        "201002": "77.64",
        "201003": "80.08",
        "201004": "83.41",
        "201005": "78.28",
        "201006": "77.93",
        "201007": "80.48",
        "201008": "67.84",
        "201009": "66.41",
        "201010": "66.75",
        "201011": "63.57",
        "201012": "66.26",
        "201101": "66.96",
        "201102": "67.38",
        "201103": "65.90",
        "201104": "67.19",
        "201105": "68.34",
        "201106": "69.16",
        "201107": "69.62",
        "201108": "53.49",
        "201109": "50.12",
        "201110": "52.87",
        "201111": "54.14",
        "201112": "53.14",
        "201201": "54.59",
        "201202": "60.39",
        "201203": "60.29",
        "201204": "56.67",
        "201205": "53.20",
        "201206": "50.08",
        "201207": "47.10",
        "201208": "40.16",
        "201209": "38.86",
        "201210": "34.69",
        "201211": "30.72",
        "201212": "32.56",
        "201301": "32.84",
        "201302": "34.20",
        "201303": "34.24",
        "201304": "34.99",
        "201305": "33.75",
        "201306": "32.36",
        "201307": "35.17",
        "201308": "33.05",
        "201309": "35.39",
        "201310": "35.36",
        "201311": "35.35",
        "201312": "39.31",
        "201401": "43.15",
        "201402": "42.82",
        "201403": "49.58",
        "201404": "49.26",
        "201405": "45.73",
        "201406": "45.23",
        "201407": "41.87",
        "201408": "41.04",
        "201409": "42.67",
        "201410": "40.50",
        "201411": "40.58",
        "201412": "41.80",
        "201501": "42.22",
        "201502": "43.19",
        "201503": "46.22",
        "201504": "48.73",
        "201505": "49.96",
        "201506": "48.84",
        "201507": "39.83",
        "201508": "36.71",
        "201509": "38.98",
        "201510": "40.26",
        "201511": "41.79",
        "201512": "42.85",
        "201601": "40.37",
        "201602": "39.37",
        "201603": "40.32",
        "201604": "38.76",
        "201605": "37.81",
        "201606": "37.04",
        "201607": "34.27",
        "201608": "34.66",
        "201609": "35.19",
        "201610": "35.27",
        "201611": "35.04",
        "201612": "36.73",
        "201701": "41.07",
        "201702": "43.66",
        "201703": "48.51",
        "201704": "48.67",
        "201705": "49.75",
        "201706": "50.36",
        "201707": "51.10",
        "201708": "58.03",
        "201709": "59.08",
        "201710": "59.85",
        "201711": "55.82",
        "201712": "55.64",
        "201801": "56.78",
        "201802": "55.15",
        "201803": "53.42",
        "201804": "52.33",
        "201805": "47.75",
        "201806": "47.38",
        "201807": "43.54",
        "201808": "43.47",
        "201809": "42.82",
        "201810": "39.26",
        "201811": "36.99",
        "201812": "37.53",
        "201901": "37.27",
        "201902": "39.85",
        "201903": "42.16",
        "201904": "44.20",
        "201905": "42.33",
        "201906": "43.16",
        "201907": "43.33",
        "201908": "42.29",
        "201909": "45.91",
        "201910": "45.31",
        "201911": "46.78",
        "201912": "47.43",
        "202001": "46.16",
        "202002": "44.75",
        "202003": "40.38",
        "202004": "46.26",
        "202005": "48.88",
        "202006": "50.34",
        "202007": "45.79",
        "202008": "45.50",
        "202009": "46.48",
        "202010": "46.26",
        "202011": "47.19",
        "202012": "48.99",
        "202101": "49.91",
        "202102": "50.65",
        "202103": "55.48",
        "202104": "59.39",
        "202105": "56.36",
        "202106": "60.82",
        "202107": "61.08",
        "202108": "60.17",
        "202109": "60.08",
        "202110": "58.52",
        "202111": "60.58",
        "202112": "60.64",
        "202201": "60.04",
        "202202": "61.10",
        "202203": "59.55",
        "202204": "53.06",
        "202205": "49.71",
        "202206": "48.55",
        "202207": "41.00",
        "202208": "43.01",
        "202209": "43.45",
        "202210": "40.35",
        "202211": "43.00",
        "202212": "44.29",
        "202301": "44.47",
        "202302": "45.58",
        "202303": "49.97",
        "202304": "51.75",
        "202305": "52.43",
        "202306": "56.46"
    },
    "quarters": {
        "20011": {
            "year_quarter": 20011,
            "year": 2001,
            "quarter": 1,
            "eps": null,
            "eps_growth_year": null,
            "eps_4q": null,
            "eps_4q_growth_year": null,
            "roe": null,
            "roe_4q": 0,
            "gross_profit": null,
            "gross_margin": null,
            "gross_margin_4q_avg": 0,
            "net_income": null,
            "revenue": null,
            "common_shares": null,
            "book_valuer_per_share": null,
            "book_valuer_per_share_4q_avg": 0,
            "equity": null,
            "current_ratio": null,
            "debt_ratio": null,
            "inventory_turnover_ratio": null,
            "account_receivable_turnover_ratio": null,
            "reinvestment_rate": null,
            "research_to_sale_ratio": null,
            "price_fair": 0,
            "eps_avg_yearly": 0,
            "eps_latest_yearly": 0,
            "eps_growth_yearly": 0
        },
        "20012": {
            "year_quarter": 20012,
            "year": 2001,
            "quarter": 2,
            "eps": null,
            "eps_growth_year": null,
            "eps_4q": null,
            "eps_4q_growth_year": null,
            "roe": null,
            "roe_4q": 0,
            "gross_profit": null,
            "gross_margin": null,
            "gross_margin_4q_avg": 0,
            "net_income": null,
            "revenue": null,
            "common_shares": null,
            "book_valuer_per_share": null,
            "book_valuer_per_share_4q_avg": 0,
            "equity": null,
            "current_ratio": null,
            "debt_ratio": null,
            "inventory_turnover_ratio": null,
            "account_receivable_turnover_ratio": null,
            "reinvestment_rate": null,
            "research_to_sale_ratio": null,
            "price_fair": 0,
            "eps_avg_yearly": 0,
            "eps_latest_yearly": 0,
            "eps_growth_yearly": 0
        },
        "20013": {
            "year_quarter": 20013,
            "year": 2001,
            "quarter": 3,
            "eps": null,
            "eps_growth_year": null,
            "eps_4q": null,
            "eps_4q_growth_year": null,
            "roe": null,
            "roe_4q": 0,
            "gross_profit": null,
            "gross_margin": null,
            "gross_margin_4q_avg": 0,
            "net_income": null,
            "revenue": null,
            "common_shares": null,
            "book_valuer_per_share": null,
            "book_valuer_per_share_4q_avg": 0,
            "equity": null,
            "current_ratio": null,
            "debt_ratio": null,
            "inventory_turnover_ratio": null,
            "account_receivable_turnover_ratio": null,
            "reinvestment_rate": null,
            "research_to_sale_ratio": null,
            "price_fair": 0,
            "eps_avg_yearly": 0,
            "eps_latest_yearly": 0,
            "eps_growth_yearly": 0
        },
        "20014": {
            "year_quarter": 20014,
            "year": 2001,
            "quarter": 4,
            "eps": null,
            "eps_growth_year": null,
            "eps_4q": null,
            "eps_4q_growth_year": null,
            "roe": null,
            "roe_4q": 0,
            "gross_profit": null,
            "gross_margin": null,
            "gross_margin_4q_avg": 0,
            "net_income": null,
            "revenue": null,
            "common_shares": 168000,
            "book_valuer_per_share": 10.21,
            "book_valuer_per_share_4q_avg": 2.55,
            "equity": 173692,
            "current_ratio": 153.38,
            "debt_ratio": 55.16,
            "inventory_turnover_ratio": null,
            "account_receivable_turnover_ratio": null,
            "reinvestment_rate": null,
            "research_to_sale_ratio": null,
            "price_fair": 0,
            "eps_avg_yearly": 0,
            "eps_latest_yearly": 0,
            "eps_growth_yearly": 0
        },
        "20021": {
            "year_quarter": 20021,
            "year": 2002,
            "quarter": 1,
            "eps": null,
            "eps_growth_year": null,
            "eps_4q": null,
            "eps_4q_growth_year": null,
            "roe": null,
            "roe_4q": 0,
            "gross_profit": null,
            "gross_margin": null,
            "gross_margin_4q_avg": 0,
            "net_income": null,
            "revenue": null,
            "common_shares": null,
            "book_valuer_per_share": null,
            "book_valuer_per_share_4q_avg": 2.55,
            "equity": null,
            "current_ratio": null,
            "debt_ratio": null,
            "inventory_turnover_ratio": null,
            "account_receivable_turnover_ratio": null,
            "reinvestment_rate": null,
            "research_to_sale_ratio": null,
            "price_fair": 0,
            "eps_avg_yearly": 0,
            "eps_latest_yearly": 0,
            "eps_growth_yearly": 0
        },
        "20022": {
            "year_quarter": 20022,
            "year": 2002,
            "quarter": 2,
            "eps": null,
            "eps_growth_year": null,
            "eps_4q": null,
            "eps_4q_growth_year": null,
            "roe": null,
            "roe_4q": 0,
            "gross_profit": null,
            "gross_margin": null,
            "gross_margin_4q_avg": 0,
            "net_income": null,
            "revenue": null,
            "common_shares": null,
            "book_valuer_per_share": null,
            "book_valuer_per_share_4q_avg": 2.55,
            "equity": null,
            "current_ratio": null,
            "debt_ratio": null,
            "inventory_turnover_ratio": null,
            "account_receivable_turnover_ratio": null,
            "reinvestment_rate": null,
            "research_to_sale_ratio": null,
            "price_fair": 0,
            "eps_avg_yearly": 0,
            "eps_latest_yearly": 0,
            "eps_growth_yearly": 0
        },
        "20023": {
            "year_quarter": 20023,
            "year": 2002,
            "quarter": 3,
            "eps": 1.57,
            "eps_growth_year": null,
            "eps_4q": null,
            "eps_4q_growth_year": null,
            "roe": 11.04,
            "roe_4q": 11.04,
            "gross_profit": 55101,
            "gross_margin": 20.34,
            "gross_margin_4q_avg": 5.09,
            "net_income": 27871,
            "revenue": 270893,
            "common_shares": 188000,
            "book_valuer_per_share": 13.43,
            "book_valuer_per_share_4q_avg": 5.91,
            "equity": 252398,
            "current_ratio": 180.45,
            "debt_ratio": 45.46,
            "inventory_turnover_ratio": 1.65,
            "account_receivable_turnover_ratio": null,
            "reinvestment_rate": null,
            "research_to_sale_ratio": null,
            "price_fair": 0,
            "eps_avg_yearly": 0,
            "eps_latest_yearly": 0,
            "eps_growth_yearly": 0
        },
        "20024": {
            "year_quarter": 20024,
            "year": 2002,
            "quarter": 4,
            "eps": 0.84,
            "eps_growth_year": null,
            "eps_4q": null,
            "eps_4q_growth_year": null,
            "roe": 5.69,
            "roe_4q": 16.73,
            "gross_profit": 58481,
            "gross_margin": 20.35,
            "gross_margin_4q_avg": 10.17,
            "net_income": 15033,
            "revenue": 287326,
            "common_shares": 188000,
            "book_valuer_per_share": 14.32,
            "book_valuer_per_share_4q_avg": 6.94,
            "equity": 275818,
            "current_ratio": 215.95,
            "debt_ratio": 44.7,
            "inventory_turnover_ratio": 1.6,
            "account_receivable_turnover_ratio": null,
            "reinvestment_rate": null,
            "research_to_sale_ratio": null,
            "price_fair": 10.08,
            "eps_avg_yearly": 3.36,
            "eps_latest_yearly": 3.36,
            "eps_growth_yearly": -185.99
        },
        "20031": {
            "year_quarter": 20031,
            "year": 2003,
            "quarter": 1,
            "eps": 2.04,
            "eps_growth_year": null,
            "eps_4q": null,
            "eps_4q_growth_year": null,
            "roe": 13.16,
            "roe_4q": 29.89,
            "gross_profit": 59768,
            "gross_margin": 22.46,
            "gross_margin_4q_avg": 15.79,
            "net_income": 38378,
            "revenue": 266110,
            "common_shares": 188000,
            "book_valuer_per_share": 16.36,
            "book_valuer_per_share_4q_avg": 11.03,
            "equity": 307525,
            "current_ratio": 382.22,
            "debt_ratio": 29.7,
            "inventory_turnover_ratio": 1.4,
            "account_receivable_turnover_ratio": null,
            "reinvestment_rate": null,
            "research_to_sale_ratio": null,
            "price_fair": 201.6,
            "eps_avg_yearly": 5.76,
            "eps_latest_yearly": 8.16,
            "eps_growth_yearly": 192.72
        },
        "20032": {
            "year_quarter": 20032,
            "year": 2003,
            "quarter": 2,
            "eps": -0.28,
            "eps_growth_year": null,
            "eps_4q": 4.05,
            "eps_4q_growth_year": null,
            "roe": -1.7,
            "roe_4q": 28.19,
            "gross_profit": 40067,
            "gross_margin": 18.63,
            "gross_margin_4q_avg": 20.45,
            "net_income": -5171,
            "revenue": 215103,
            "common_shares": 188000,
            "book_valuer_per_share": 16.08,
            "book_valuer_per_share_4q_avg": 15.05,
            "equity": 302332,
            "current_ratio": 280.08,
            "debt_ratio": 36.86,
            "inventory_turnover_ratio": 1.21,
            "account_receivable_turnover_ratio": null,
            "reinvestment_rate": null,
            "research_to_sale_ratio": null,
            "price_fair": 201.6,
            "eps_avg_yearly": 5.76,
            "eps_latest_yearly": 8.16,
            "eps_growth_yearly": 192.72
        },
        "20033": {
            "year_quarter": 20033,
            "year": 2003,
            "quarter": 3,
            "eps": 0.34,
            "eps_growth_year": -78.34,
            "eps_4q": 2.26,
            "eps_4q_growth_year": null,
            "roe": 2.95,
            "roe_4q": 20.1,
            "gross_profit": 42289,
            "gross_margin": 14.19,
            "gross_margin_4q_avg": 18.91,
            "net_income": 8542,
            "revenue": 298067,
            "common_shares": 188000,
            "book_valuer_per_share": 14.7,
            "book_valuer_per_share_4q_avg": 15.37,
            "equity": 276396,
            "current_ratio": 207.39,
            "debt_ratio": 46.43,
            "inventory_turnover_ratio": 1.69,
            "account_receivable_turnover_ratio": null,
            "reinvestment_rate": null,
            "research_to_sale_ratio": null,
            "price_fair": 201.6,
            "eps_avg_yearly": 5.76,
            "eps_latest_yearly": 8.16,
            "eps_growth_yearly": 192.72
        },
        "20034": {
            "year_quarter": 20034,
            "year": 2003,
            "quarter": 4,
            "eps": 1.94,
            "eps_growth_year": 130.95,
            "eps_4q": 3.87,
            "eps_4q_growth_year": null,
            "roe": 14.07,
            "roe_4q": 28.48,
            "gross_profit": 57429,
            "gross_margin": 21.12,
            "gross_margin_4q_avg": 19.1,
            "net_income": 41870,
            "revenue": 271864,
            "common_shares": 216200,
            "book_valuer_per_share": 14.72,
            "book_valuer_per_share_4q_avg": 15.47,
            "equity": 318857,
            "current_ratio": 182.24,
            "debt_ratio": 51.01,
            "inventory_turnover_ratio": 1.1,
            "account_receivable_turnover_ratio": null,
            "reinvestment_rate": null,
            "research_to_sale_ratio": null,
            "price_fair": 224.93,
            "eps_avg_yearly": 6.43,
            "eps_latest_yearly": 7.76,
            "eps_growth_yearly": 755.93
        },
        "20041": {
            "year_quarter": 20041,
            "year": 2004,
            "quarter": 1,
            "eps": 0.61,
            "eps_growth_year": -70.1,
            "eps_4q": 2.71,
            "eps_4q_growth_year": null,
            "roe": 4.05,
            "roe_4q": 19.37,
            "gross_profit": 48910,
            "gross_margin": 18.89,
            "gross_margin_4q_avg": 18.21,
            "net_income": 13157,
            "revenue": 258979,
            "common_shares": 216200,
            "book_valuer_per_share": 15.32,
            "book_valuer_per_share_4q_avg": 15.21,
            "equity": 331315,
            "current_ratio": 175.32,
            "debt_ratio": 47.59,
            "inventory_turnover_ratio": 0.93,
            "account_receivable_turnover_ratio": null,
            "reinvestment_rate": null,
            "research_to_sale_ratio": null,
            "price_fair": 190.05,
            "eps_avg_yearly": 5.43,
            "eps_latest_yearly": 2.44,
            "eps_growth_yearly": 498.39
        },
        "20042": {
            "year_quarter": 20042,
            "year": 2004,
            "quarter": 2,
            "eps": 1.76,
            "eps_growth_year": null,
            "eps_4q": 4.7,
            "eps_4q_growth_year": 16.06,
            "roe": 11.53,
            "roe_4q": 32.6,
            "gross_profit": 75296,
            "gross_margin": 23.61,
            "gross_margin_4q_avg": 19.45,
            "net_income": 38074,
            "revenue": 318933,
            "common_shares": 216200,
            "book_valuer_per_share": 15.22,
            "book_valuer_per_share_4q_avg": 14.99,
            "equity": 329056,
            "current_ratio": 165.95,
            "debt_ratio": 51.27,
            "inventory_turnover_ratio": 1.2,
            "account_receivable_turnover_ratio": null,
            "reinvestment_rate": null,
            "research_to_sale_ratio": null,
            "price_fair": 201.32,
            "eps_avg_yearly": 5.75,
            "eps_latest_yearly": 7.04,
            "eps_growth_yearly": 549.53
        },
        "20043": {
            "year_quarter": 20043,
            "year": 2004,
            "quarter": 3,
            "eps": 0.43,
            "eps_growth_year": 26.47,
            "eps_4q": 4.08,
            "eps_4q_growth_year": 80.41,
            "roe": 3.28,
            "roe_4q": 32.93,
            "gross_profit": 73556,
            "gross_margin": 17.46,
            "gross_margin_4q_avg": 20.27,
            "net_income": 10976,
            "revenue": 421301,
            "common_shares": 252810,
            "book_valuer_per_share": 13.45,
            "book_valuer_per_share_4q_avg": 14.68,
            "equity": 340102,
            "current_ratio": 167.19,
            "debt_ratio": 51.97,
            "inventory_turnover_ratio": 1.68,
            "account_receivable_turnover_ratio": null,
            "reinvestment_rate": null,
            "research_to_sale_ratio": null,
            "price_fair": 177.8,
            "eps_avg_yearly": 5.08,
            "eps_latest_yearly": 1.72,
            "eps_growth_yearly": 407.57
        },
        "20044": {
            "year_quarter": 20044,
            "year": 2004,
            "quarter": 4,
            "eps": 1.61,
            "eps_growth_year": -17.01,
            "eps_4q": 4.07,
            "eps_4q_growth_year": 5.14,
            "roe": 11.26,
            "roe_4q": 30.12,
            "gross_profit": 96959,
            "gross_margin": 24.2,
            "gross_margin_4q_avg": 21.04,
            "net_income": 40654,
            "revenue": 400740,
            "common_shares": 252810,
            "book_valuer_per_share": 15.07,
            "book_valuer_per_share_4q_avg": 14.77,
            "equity": 382126,
            "current_ratio": 180.44,
            "debt_ratio": 49.59,
            "inventory_turnover_ratio": 1.37,
            "account_receivable_turnover_ratio": null,
            "reinvestment_rate": null,
            "research_to_sale_ratio": null,
            "price_fair": 184.6,
            "eps_avg_yearly": 5.27,
            "eps_latest_yearly": 6.44,
            "eps_growth_yearly": 506.15
        },
        "20051": {
            "year_quarter": 20051,
            "year": 2005,
            "quarter": 1,
            "eps": 1.3,
            "eps_growth_year": 113.11,
            "eps_4q": 4.84,
            "eps_4q_growth_year": 78.71,
            "roe": 8.24,
            "roe_4q": 34.31,
            "gross_profit": 76721,
            "gross_margin": 20.28,
            "gross_margin_4q_avg": 21.39,
            "net_income": 32956,
            "revenue": 378350,
            "common_shares": 256846,
            "book_valuer_per_share": 16.27,
            "book_valuer_per_share_4q_avg": 15,
            "equity": 417971,
            "current_ratio": 234.79,
            "debt_ratio": 39.96,
            "inventory_turnover_ratio": 1.44,
            "account_receivable_turnover_ratio": null,
            "reinvestment_rate": null,
            "research_to_sale_ratio": null,
            "price_fair": 184.28,
            "eps_avg_yearly": 5.27,
            "eps_latest_yearly": 5.2,
            "eps_growth_yearly": 433.26
        },
        "20052": {
            "year_quarter": 20052,
            "year": 2005,
            "quarter": 2,
            "eps": 1.1,
            "eps_growth_year": -37.5,
            "eps_4q": 4.06,
            "eps_4q_growth_year": -13.63,
            "roe": 7.81,
            "roe_4q": 30.590000000000003,
            "gross_profit": 74074,
            "gross_margin": 24.35,
            "gross_margin_4q_avg": 21.57,
            "net_income": 31452,
            "revenue": 304184,
            "common_shares": 257875,
            "book_valuer_per_share": 15.04,
            "book_valuer_per_share_4q_avg": 14.96,
            "equity": 387799,
            "current_ratio": 195.43,
            "debt_ratio": 41.75,
            "inventory_turnover_ratio": 1.16,
            "account_receivable_turnover_ratio": null,
            "reinvestment_rate": null,
            "research_to_sale_ratio": null,
            "price_fair": 180.91,
            "eps_avg_yearly": 5.17,
            "eps_latest_yearly": 4.4,
            "eps_growth_yearly": 378.28
        },
        "20053": {
            "year_quarter": 20053,
            "year": 2005,
            "quarter": 3,
            "eps": 2.73,
            "eps_growth_year": 534.88,
            "eps_4q": 6.4,
            "eps_4q_growth_year": 56.91,
            "roe": 18.32,
            "roe_4q": 45.629999999999995,
            "gross_profit": 136189,
            "gross_margin": 28.33,
            "gross_margin_4q_avg": 24.29,
            "net_income": 78200,
            "revenue": 480724,
            "common_shares": 287762,
            "book_valuer_per_share": 16.19,
            "book_valuer_per_share_4q_avg": 15.64,
            "equity": 465819,
            "current_ratio": 332.41,
            "debt_ratio": 26.33,
            "inventory_turnover_ratio": 1.65,
            "account_receivable_turnover_ratio": null,
            "reinvestment_rate": null,
            "research_to_sale_ratio": null,
            "price_fair": 201.04,
            "eps_avg_yearly": 5.74,
            "eps_latest_yearly": 10.92,
            "eps_growth_yearly": 399.72
        },
        "20054": {
            "year_quarter": 20054,
            "year": 2005,
            "quarter": 4,
            "eps": 4.03,
            "eps_growth_year": 150.31,
            "eps_4q": 9,
            "eps_4q_growth_year": 120.86,
            "roe": 22.09,
            "roe_4q": 56.46,
            "gross_profit": 190051,
            "gross_margin": 34.28,
            "gross_margin_4q_avg": 26.81,
            "net_income": 115705,
            "revenue": 554333,
            "common_shares": 287762,
            "book_valuer_per_share": 20.22,
            "book_valuer_per_share_4q_avg": 16.93,
            "equity": 581944,
            "current_ratio": 342.02,
            "debt_ratio": 26.64,
            "inventory_turnover_ratio": 1.69,
            "account_receivable_turnover_ratio": null,
            "reinvestment_rate": null,
            "research_to_sale_ratio": null,
            "price_fair": 234.05,
            "eps_avg_yearly": 6.69,
            "eps_latest_yearly": 16.12,
            "eps_growth_yearly": 380.7
        },
        "20061": {
            "year_quarter": 20061,
            "year": 2006,
            "quarter": 1,
            "eps": 2.45,
            "eps_growth_year": 88.46,
            "eps_4q": 10.21,
            "eps_4q_growth_year": 111.06,
            "roe": 11.44,
            "roe_4q": 59.660000000000004,
            "gross_profit": 135133,
            "gross_margin": 30.79,
            "gross_margin_4q_avg": 29.44,
            "net_income": 71129,
            "revenue": 438946,
            "common_shares": 294505,
            "book_valuer_per_share": 22.45,
            "book_valuer_per_share_4q_avg": 18.48,
            "equity": 661295,
            "current_ratio": 427.24,
            "debt_ratio": 22.17,
            "inventory_turnover_ratio": 1.39,
            "account_receivable_turnover_ratio": null,
            "reinvestment_rate": null,
            "research_to_sale_ratio": null,
            "price_fair": 243.13,
            "eps_avg_yearly": 6.95,
            "eps_latest_yearly": 9.8,
            "eps_growth_yearly": 335.91
        },
        "20062": {
            "year_quarter": 20062,
            "year": 2006,
            "quarter": 2,
            "eps": 2.57,
            "eps_growth_year": 133.64,
            "eps_4q": 11.6,
            "eps_4q_growth_year": 185.94,
            "roe": 12.51,
            "roe_4q": 64.36,
            "gross_profit": 129285,
            "gross_margin": 32.64,
            "gross_margin_4q_avg": 31.51,
            "net_income": 75393,
            "revenue": 396143,
            "common_shares": 296938,
            "book_valuer_per_share": 18.31,
            "book_valuer_per_share_4q_avg": 19.29,
            "equity": 543835,
            "current_ratio": 192.4,
            "debt_ratio": 46.02,
            "inventory_turnover_ratio": 1.11,
            "account_receivable_turnover_ratio": null,
            "reinvestment_rate": 19.4,
            "research_to_sale_ratio": null,
            "price_fair": 252.11,
            "eps_avg_yearly": 7.2,
            "eps_latest_yearly": 10.28,
            "eps_growth_yearly": 311.58
        },
        "20063": {
            "year_quarter": 20063,
            "year": 2006,
            "quarter": 3,
            "eps": 2.38,
            "eps_growth_year": -12.82,
            "eps_4q": 10.37,
            "eps_4q_growth_year": 62.06,
            "roe": 13.39,
            "roe_4q": 59.42999999999999,
            "gross_profit": 143877,
            "gross_margin": 29.69,
            "gross_margin_4q_avg": 31.85,
            "net_income": 78129,
            "revenue": 484528,
            "common_shares": 332126,
            "book_valuer_per_share": 18.75,
            "book_valuer_per_share_4q_avg": 19.93,
            "equity": 622740,
            "current_ratio": 416.89,
            "debt_ratio": 22.57,
            "inventory_turnover_ratio": 1.27,
            "account_receivable_turnover_ratio": null,
            "reinvestment_rate": 2.7,
            "research_to_sale_ratio": null,
            "price_fair": 257.9,
            "eps_avg_yearly": 7.37,
            "eps_latest_yearly": 9.52,
            "eps_growth_yearly": 287.21
        },
        "20064": {
            "year_quarter": 20064,
            "year": 2006,
            "quarter": 4,
            "eps": 2.08,
            "eps_growth_year": -48.39,
            "eps_4q": 8.89,
            "eps_4q_growth_year": -1.22,
            "roe": 10.44,
            "roe_4q": 47.779999999999994,
            "gross_profit": 148219,
            "gross_margin": 34.86,
            "gross_margin_4q_avg": 32,
            "net_income": 68643,
            "revenue": 425190,
            "common_shares": 332126,
            "book_valuer_per_share": 20.86,
            "book_valuer_per_share_4q_avg": 20.09,
            "equity": 692699,
            "current_ratio": 371.42,
            "debt_ratio": 24.91,
            "inventory_turnover_ratio": 0.85,
            "account_receivable_turnover_ratio": null,
            "reinvestment_rate": 2.02,
            "research_to_sale_ratio": null,
            "price_fair": 270.3,
            "eps_avg_yearly": 7.72,
            "eps_latest_yearly": 8.32,
            "eps_growth_yearly": 296.89
        },
        "20071": {
            "year_quarter": 20071,
            "year": 2007,
            "quarter": 1,
            "eps": 1.92,
            "eps_growth_year": -21.63,
            "eps_4q": 8.57,
            "eps_4q_growth_year": -16.11,
            "roe": 8.81,
            "roe_4q": 45.15,
            "gross_profit": 144050,
            "gross_margin": 34.21,
            "gross_margin_4q_avg": 32.85,
            "net_income": 64173,
            "revenue": 421075,
            "common_shares": 338150,
            "book_valuer_per_share": 22.57,
            "book_valuer_per_share_4q_avg": 20.12,
            "equity": 763366,
            "current_ratio": 418.48,
            "debt_ratio": 22.72,
            "inventory_turnover_ratio": 0.84,
            "account_receivable_turnover_ratio": null,
            "reinvestment_rate": 2.27,
            "research_to_sale_ratio": null,
            "price_fair": 269.1,
            "eps_avg_yearly": 7.69,
            "eps_latest_yearly": 7.68,
            "eps_growth_yearly": 253.88
        },
        "20072": {
            "year_quarter": 20072,
            "year": 2007,
            "quarter": 2,
            "eps": 2.87,
            "eps_growth_year": 11.67,
            "eps_4q": 8.49,
            "eps_4q_growth_year": -26.85,
            "roe": 15.31,
            "roe_4q": 47.95,
            "gross_profit": 187938,
            "gross_margin": 37.39,
            "gross_margin_4q_avg": 34.04,
            "net_income": 107745,
            "revenue": 502653,
            "common_shares": 338736,
            "book_valuer_per_share": 19.03,
            "book_valuer_per_share_4q_avg": 20.3,
            "equity": 644469,
            "current_ratio": 204.95,
            "debt_ratio": 42.46,
            "inventory_turnover_ratio": 1.05,
            "account_receivable_turnover_ratio": null,
            "reinvestment_rate": 1.83,
            "research_to_sale_ratio": null,
            "price_fair": 277.95,
            "eps_avg_yearly": 7.94,
            "eps_latest_yearly": 11.48,
            "eps_growth_yearly": 250.15
        },
        "20073": {
            "year_quarter": 20073,
            "year": 2007,
            "quarter": 3,
            "eps": 1.85,
            "eps_growth_year": -22.27,
            "eps_4q": 8.26,
            "eps_4q_growth_year": -20.29,
            "roe": 10.23,
            "roe_4q": 44.79,
            "gross_profit": 151361,
            "gross_margin": 25.59,
            "gross_margin_4q_avg": 33.01,
            "net_income": 69384,
            "revenue": 591461,
            "common_shares": 377035,
            "book_valuer_per_share": 18.88,
            "book_valuer_per_share_4q_avg": 20.34,
            "equity": 711943,
            "current_ratio": 307.69,
            "debt_ratio": 28.95,
            "inventory_turnover_ratio": 1.21,
            "account_receivable_turnover_ratio": null,
            "reinvestment_rate": 1.87,
            "research_to_sale_ratio": null,
            "price_fair": 276.76,
            "eps_avg_yearly": 7.91,
            "eps_latest_yearly": 7.4,
            "eps_growth_yearly": 225.63
        },
        "20074": {
            "year_quarter": 20074,
            "year": 2007,
            "quarter": 4,
            "eps": 2.83,
            "eps_growth_year": 36.06,
            "eps_4q": 9.26,
            "eps_4q_growth_year": 4.17,
            "roe": 13.87,
            "roe_4q": 48.220000000000006,
            "gross_profit": 188147,
            "gross_margin": 34.94,
            "gross_margin_4q_avg": 33.03,
            "net_income": 106231,
            "revenue": 538529,
            "common_shares": 377035,
            "book_valuer_per_share": 21.74,
            "book_valuer_per_share_4q_avg": 20.56,
            "equity": 819595,
            "current_ratio": 346.7,
            "debt_ratio": 26.97,
            "inventory_turnover_ratio": 0.8,
            "account_receivable_turnover_ratio": null,
            "reinvestment_rate": 0.54,
            "research_to_sale_ratio": null,
            "price_fair": 284.55,
            "eps_avg_yearly": 8.13,
            "eps_latest_yearly": 11.32,
            "eps_growth_yearly": 121.22
        },
        "20081": {
            "year_quarter": 20081,
            "year": 2008,
            "quarter": 1,
            "eps": 1.52,
            "eps_growth_year": -20.83,
            "eps_4q": 9.01,
            "eps_4q_growth_year": 5.13,
            "roe": 6.77,
            "roe_4q": 46.18,
            "gross_profit": 136552,
            "gross_margin": 28.4,
            "gross_margin_4q_avg": 31.58,
            "net_income": 57530,
            "revenue": 480794,
            "common_shares": 379166,
            "book_valuer_per_share": 23.2,
            "book_valuer_per_share_4q_avg": 20.71,
            "equity": 879728,
            "current_ratio": 345.19,
            "debt_ratio": 27.32,
            "inventory_turnover_ratio": 0.75,
            "account_receivable_turnover_ratio": null,
            "reinvestment_rate": -2.93,
            "research_to_sale_ratio": null,
            "price_fair": 292.51,
            "eps_avg_yearly": 8.36,
            "eps_latest_yearly": 6.08,
            "eps_growth_yearly": 126.79
        },
        "20082": {
            "year_quarter": 20082,
            "year": 2008,
            "quarter": 2,
            "eps": 1.39,
            "eps_growth_year": -51.57,
            "eps_4q": 6.9,
            "eps_4q_growth_year": -18.77,
            "roe": 7.58,
            "roe_4q": 38.45,
            "gross_profit": 110642,
            "gross_margin": 26.14,
            "gross_margin_4q_avg": 28.77,
            "net_income": 58864,
            "revenue": 423187,
            "common_shares": 379166,
            "book_valuer_per_share": 17.75,
            "book_valuer_per_share_4q_avg": 20.39,
            "equity": 672925,
            "current_ratio": 208.08,
            "debt_ratio": 42.94,
            "inventory_turnover_ratio": 0.68,
            "account_receivable_turnover_ratio": null,
            "reinvestment_rate": 0.16,
            "research_to_sale_ratio": null,
            "price_fair": 289.28,
            "eps_avg_yearly": 8.27,
            "eps_latest_yearly": 5.56,
            "eps_growth_yearly": 77.52
        },
        "20083": {
            "year_quarter": 20083,
            "year": 2008,
            "quarter": 3,
            "eps": 1.67,
            "eps_growth_year": -9.73,
            "eps_4q": 6.93,
            "eps_4q_growth_year": -16.12,
            "roe": 9.99,
            "roe_4q": 38.21,
            "gross_profit": 147019,
            "gross_margin": 24.85,
            "gross_margin_4q_avg": 28.58,
            "net_income": 70660,
            "revenue": 591559,
            "common_shares": 422297,
            "book_valuer_per_share": 17.58,
            "book_valuer_per_share_4q_avg": 20.07,
            "equity": 742195,
            "current_ratio": 334.23,
            "debt_ratio": 27.61,
            "inventory_turnover_ratio": 0.97,
            "account_receivable_turnover_ratio": null,
            "reinvestment_rate": 0.14,
            "research_to_sale_ratio": null,
            "price_fair": 300.13,
            "eps_avg_yearly": 8.58,
            "eps_latest_yearly": 6.68,
            "eps_growth_yearly": 101.45
        },
        "20084": {
            "year_quarter": 20084,
            "year": 2008,
            "quarter": 4,
            "eps": 1.85,
            "eps_growth_year": -34.63,
            "eps_4q": 6.28,
            "eps_4q_growth_year": -32.14,
            "roe": 10.03,
            "roe_4q": 34.370000000000005,
            "gross_profit": 153733,
            "gross_margin": 32.07,
            "gross_margin_4q_avg": 27.87,
            "net_income": 78068,
            "revenue": 479393,
            "common_shares": 422297,
            "book_valuer_per_share": 19.3,
            "book_valuer_per_share_4q_avg": 19.46,
            "equity": 815228,
            "current_ratio": 332.28,
            "debt_ratio": 27.93,
            "inventory_turnover_ratio": 0.71,
            "account_receivable_turnover_ratio": 6.61,
            "reinvestment_rate": -0.22,
            "research_to_sale_ratio": null,
            "price_fair": 302.23,
            "eps_avg_yearly": 8.64,
            "eps_latest_yearly": 7.4,
            "eps_growth_yearly": 35.54
        },
        "20091": {
            "year_quarter": 20091,
            "year": 2009,
            "quarter": 1,
            "eps": 1.7,
            "eps_growth_year": 11.84,
            "eps_4q": 6.59,
            "eps_4q_growth_year": -26.82,
            "roe": 8.46,
            "roe_4q": 36.06,
            "gross_profit": 129722,
            "gross_margin": 26.25,
            "gross_margin_4q_avg": 27.33,
            "net_income": 72147,
            "revenue": 494132,
            "common_shares": 424821,
            "book_valuer_per_share": 20.95,
            "book_valuer_per_share_4q_avg": 18.9,
            "equity": 890072,
            "current_ratio": 364.08,
            "debt_ratio": 25.98,
            "inventory_turnover_ratio": 0.81,
            "account_receivable_turnover_ratio": 3.71,
            "reinvestment_rate": -0.21,
            "research_to_sale_ratio": null,
            "price_fair": 305.73,
            "eps_avg_yearly": 8.74,
            "eps_latest_yearly": 6.8,
            "eps_growth_yearly": 38.33
        },
        "20092": {
            "year_quarter": 20092,
            "year": 2009,
            "quarter": 2,
            "eps": 2.05,
            "eps_growth_year": 47.48,
            "eps_4q": 7.01,
            "eps_4q_growth_year": 1.7,
            "roe": 10.74,
            "roe_4q": 39.220000000000006,
            "gross_profit": 187093,
            "gross_margin": 32.73,
            "gross_margin_4q_avg": 28.98,
            "net_income": 91235,
            "revenue": 571545,
            "common_shares": 424821,
            "book_valuer_per_share": 19.03,
            "book_valuer_per_share_4q_avg": 19.22,
            "equity": 808271,
            "current_ratio": 222.06,
            "debt_ratio": 41.2,
            "inventory_turnover_ratio": 0.94,
            "account_receivable_turnover_ratio": 4.42,
            "reinvestment_rate": 0.16,
            "research_to_sale_ratio": null,
            "price_fair": 314.04,
            "eps_avg_yearly": 8.97,
            "eps_latest_yearly": 8.2,
            "eps_growth_yearly": 47.32
        },
        "20093": {
            "year_quarter": 20093,
            "year": 2009,
            "quarter": 3,
            "eps": 1.76,
            "eps_growth_year": 5.39,
            "eps_4q": 7.16,
            "eps_4q_growth_year": 3.32,
            "roe": 9.28,
            "roe_4q": 38.51,
            "gross_profit": 162012,
            "gross_margin": 24.81,
            "gross_margin_4q_avg": 28.97,
            "net_income": 78673,
            "revenue": 652985,
            "common_shares": 448708,
            "book_valuer_per_share": 19.76,
            "book_valuer_per_share_4q_avg": 19.76,
            "equity": 886722,
            "current_ratio": 322.77,
            "debt_ratio": 28.91,
            "inventory_turnover_ratio": 1.26,
            "account_receivable_turnover_ratio": 5.21,
            "reinvestment_rate": 0.17,
            "research_to_sale_ratio": null,
            "price_fair": 146.11,
            "eps_avg_yearly": 8.73,
            "eps_latest_yearly": 7.04,
            "eps_growth_yearly": 6.74
        },
        "20094": {
            "year_quarter": 20094,
            "year": 2009,
            "quarter": 4,
            "eps": 1.59,
            "eps_growth_year": -14.05,
            "eps_4q": 6.98,
            "eps_4q_growth_year": 11.13,
            "roe": 7.71,
            "roe_4q": 36.19,
            "gross_profit": 129874,
            "gross_margin": 25.93,
            "gross_margin_4q_avg": 27.43,
            "net_income": 71231,
            "revenue": 500856,
            "common_shares": 448709,
            "book_valuer_per_share": 21.39,
            "book_valuer_per_share_4q_avg": 20.28,
            "equity": 959932,
            "current_ratio": 301.92,
            "debt_ratio": 29.75,
            "inventory_turnover_ratio": 0.9,
            "account_receivable_turnover_ratio": 11.44,
            "reinvestment_rate": 9.14,
            "research_to_sale_ratio": null,
            "price_fair": 24.36,
            "eps_avg_yearly": 8.12,
            "eps_latest_yearly": 6.36,
            "eps_growth_yearly": -7.58
        },
        "20101": {
            "year_quarter": 20101,
            "year": 2010,
            "quarter": 1,
            "eps": 1.26,
            "eps_growth_year": -25.88,
            "eps_4q": 6.64,
            "eps_4q_growth_year": 0.69,
            "roe": 5.73,
            "roe_4q": 33.46,
            "gross_profit": 119841,
            "gross_margin": 26.61,
            "gross_margin_4q_avg": 27.52,
            "net_income": 56668,
            "revenue": 450415,
            "common_shares": 448709,
            "book_valuer_per_share": 22.66,
            "book_valuer_per_share_4q_avg": 20.71,
            "equity": 1016841,
            "current_ratio": 322.2,
            "debt_ratio": 28.21,
            "inventory_turnover_ratio": 0.79,
            "account_receivable_turnover_ratio": 5.04,
            "reinvestment_rate": 9.05,
            "research_to_sale_ratio": 3.1,
            "price_fair": 23.47,
            "eps_avg_yearly": 7.82,
            "eps_latest_yearly": 5.04,
            "eps_growth_yearly": -2.97
        },
        "20102": {
            "year_quarter": 20102,
            "year": 2010,
            "quarter": 2,
            "eps": 1.71,
            "eps_growth_year": -16.8,
            "eps_4q": 6.02,
            "eps_4q_growth_year": -14.15,
            "roe": 8.77,
            "roe_4q": 31.490000000000002,
            "gross_profit": 137611,
            "gross_margin": 26.89,
            "gross_margin_4q_avg": 26.06,
            "net_income": 81650,
            "revenue": 511739,
            "common_shares": 448709,
            "book_valuer_per_share": 18.86,
            "book_valuer_per_share_4q_avg": 20.67,
            "equity": 846116,
            "current_ratio": 206.76,
            "debt_ratio": 42.6,
            "inventory_turnover_ratio": 0.94,
            "account_receivable_turnover_ratio": 5.77,
            "reinvestment_rate": 8.66,
            "research_to_sale_ratio": 3.03,
            "price_fair": 112.09,
            "eps_avg_yearly": 7.61,
            "eps_latest_yearly": 6.84,
            "eps_growth_yearly": 4.73
        },
        "20103": {
            "year_quarter": 20103,
            "year": 2010,
            "quarter": 3,
            "eps": 1.31,
            "eps_growth_year": -25.47,
            "eps_4q": 5.69,
            "eps_4q_growth_year": -20.56,
            "roe": 7.16,
            "roe_4q": 29.37,
            "gross_profit": 140312,
            "gross_margin": 20.63,
            "gross_margin_4q_avg": 25.02,
            "net_income": 62794,
            "revenue": 680098,
            "common_shares": 478703,
            "book_valuer_per_share": 18.98,
            "book_valuer_per_share_4q_avg": 20.47,
            "equity": 908410,
            "current_ratio": 294.09,
            "debt_ratio": 30.04,
            "inventory_turnover_ratio": 1.31,
            "account_receivable_turnover_ratio": 6.41,
            "reinvestment_rate": 8.55,
            "research_to_sale_ratio": 2.55,
            "price_fair": 73.4,
            "eps_avg_yearly": 7.34,
            "eps_latest_yearly": 5.24,
            "eps_growth_yearly": 0.73
        },
        "20104": {
            "year_quarter": 20104,
            "year": 2010,
            "quarter": 4,
            "eps": 1.74,
            "eps_growth_year": 9.63,
            "eps_4q": 5.94,
            "eps_4q_growth_year": -14.86,
            "roe": 8.77,
            "roe_4q": 30.43,
            "gross_profit": 138983,
            "gross_margin": 25.66,
            "gross_margin_4q_avg": 24.95,
            "net_income": 83443,
            "revenue": 541673,
            "common_shares": 478703,
            "book_valuer_per_share": 20.77,
            "book_valuer_per_share_4q_avg": 20.32,
            "equity": 994048,
            "current_ratio": 317.53,
            "debt_ratio": 28.19,
            "inventory_turnover_ratio": 0.9,
            "account_receivable_turnover_ratio": 4.71,
            "reinvestment_rate": 5.24,
            "research_to_sale_ratio": 2.62,
            "price_fair": 160.27,
            "eps_avg_yearly": 7.26,
            "eps_latest_yearly": 6.96,
            "eps_growth_yearly": 12.09
        },
        "20111": {
            "year_quarter": 20111,
            "year": 2011,
            "quarter": 1,
            "eps": 1.23,
            "eps_growth_year": -2.38,
            "eps_4q": 5.99,
            "eps_4q_growth_year": -9.76,
            "roe": 5.75,
            "roe_4q": 30.45,
            "gross_profit": 117515,
            "gross_margin": 23.45,
            "gross_margin_4q_avg": 24.16,
            "net_income": 58813,
            "revenue": 501132,
            "common_shares": 478703,
            "book_valuer_per_share": 22,
            "book_valuer_per_share_4q_avg": 20.15,
            "equity": 1052987,
            "current_ratio": 351.59,
            "debt_ratio": 26,
            "inventory_turnover_ratio": 0.77,
            "account_receivable_turnover_ratio": 5.87,
            "reinvestment_rate": 5.26,
            "research_to_sale_ratio": 2.78,
            "price_fair": 118.19,
            "eps_avg_yearly": 7.08,
            "eps_latest_yearly": 4.92,
            "eps_growth_yearly": 6.69
        },
        "20112": {
            "year_quarter": 20112,
            "year": 2011,
            "quarter": 2,
            "eps": 1.34,
            "eps_growth_year": -21.29,
            "eps_4q": 5.04,
            "eps_4q_growth_year": -16.23,
            "roe": 7.39,
            "roe_4q": 29.07,
            "gross_profit": 148453,
            "gross_margin": 26.46,
            "gross_margin_4q_avg": 24.05,
            "net_income": 74375,
            "revenue": 561024,
            "common_shares": 478703,
            "book_valuer_per_share": 20.03,
            "book_valuer_per_share_4q_avg": 20.45,
            "equity": 958891,
            "current_ratio": 251.96,
            "debt_ratio": 36.16,
            "inventory_turnover_ratio": 0.78,
            "account_receivable_turnover_ratio": 7.38,
            "reinvestment_rate": 5.21,
            "research_to_sale_ratio": 3.1,
            "price_fair": 20.1,
            "eps_avg_yearly": 6.7,
            "eps_latest_yearly": 5.36,
            "eps_growth_yearly": -3.45
        },
        "20113": {
            "year_quarter": 20113,
            "year": 2011,
            "quarter": 3,
            "eps": 1.99,
            "eps_growth_year": 51.78,
            "eps_4q": 5.9,
            "eps_4q_growth_year": 3.73,
            "roe": 10.88,
            "roe_4q": 32.79,
            "gross_profit": 182400,
            "gross_margin": 25.63,
            "gross_margin_4q_avg": 25.3,
            "net_income": 110301,
            "revenue": 711684,
            "common_shares": 554014,
            "book_valuer_per_share": 19.29,
            "book_valuer_per_share_4q_avg": 20.52,
            "equity": 1068928,
            "current_ratio": 362.61,
            "debt_ratio": 26.02,
            "inventory_turnover_ratio": 1,
            "account_receivable_turnover_ratio": 6.92,
            "reinvestment_rate": 5.1,
            "research_to_sale_ratio": 2.47,
            "price_fair": 185.65,
            "eps_avg_yearly": 6.74,
            "eps_latest_yearly": 7.96,
            "eps_growth_yearly": 17.57
        },
        "20114": {
            "year_quarter": 20114,
            "year": 2011,
            "quarter": 4,
            "eps": 1.62,
            "eps_growth_year": -7.06,
            "eps_4q": 6.02,
            "eps_4q_growth_year": 1.19,
            "roe": 8.07,
            "roe_4q": 32.09,
            "gross_profit": 160938,
            "gross_margin": 29.28,
            "gross_margin_4q_avg": 26.21,
            "net_income": 89754,
            "revenue": 549608,
            "common_shares": 554014,
            "book_valuer_per_share": 20.87,
            "book_valuer_per_share_4q_avg": 20.55,
            "equity": 1156196,
            "current_ratio": 409.53,
            "debt_ratio": 24.2,
            "inventory_turnover_ratio": 0.7,
            "account_receivable_turnover_ratio": 5.34,
            "reinvestment_rate": 11.67,
            "research_to_sale_ratio": 3.32,
            "price_fair": 19.3,
            "eps_avg_yearly": 6.43,
            "eps_latest_yearly": 6.48,
            "eps_growth_yearly": -0.33
        },
        "20121": {
            "year_quarter": 20121,
            "year": 2012,
            "quarter": 1,
            "eps": 0.86,
            "eps_growth_year": -30.08,
            "eps_4q": 5.81,
            "eps_4q_growth_year": -2.99,
            "roe": 4.02,
            "roe_4q": 30.36,
            "gross_profit": 105262,
            "gross_margin": 24.11,
            "gross_margin_4q_avg": 26.37,
            "net_income": 47438,
            "revenue": 436556,
            "common_shares": 554014,
            "book_valuer_per_share": 21.73,
            "book_valuer_per_share_4q_avg": 20.48,
            "equity": 1203959,
            "current_ratio": 414.42,
            "debt_ratio": 23.8,
            "inventory_turnover_ratio": 0.55,
            "account_receivable_turnover_ratio": 6.03,
            "reinvestment_rate": 11.89,
            "research_to_sale_ratio": 3.19,
            "price_fair": 18.8,
            "eps_avg_yearly": 6.27,
            "eps_latest_yearly": 3.44,
            "eps_growth_yearly": -0.48
        },
        "20122": {
            "year_quarter": 20122,
            "year": 2012,
            "quarter": 2,
            "eps": 0.34,
            "eps_growth_year": -74.44,
            "eps_4q": 4.56,
            "eps_4q_growth_year": -9.58,
            "roe": 1.8,
            "roe_4q": 24.770000000000003,
            "gross_profit": 77244,
            "gross_margin": 18.24,
            "gross_margin_4q_avg": 24.32,
            "net_income": 20136,
            "revenue": 423389,
            "common_shares": 554014,
            "book_valuer_per_share": 18.6,
            "book_valuer_per_share_4q_avg": 20.12,
            "equity": 1030445,
            "current_ratio": 278.98,
            "debt_ratio": 32.97,
            "inventory_turnover_ratio": 0.58,
            "account_receivable_turnover_ratio": 6.65,
            "reinvestment_rate": 6.77,
            "research_to_sale_ratio": 3.77,
            "price_fair": 18.02,
            "eps_avg_yearly": 6.01,
            "eps_latest_yearly": 1.36,
            "eps_growth_yearly": -13.46
        },
        "20123": {
            "year_quarter": 20123,
            "year": 2012,
            "quarter": 3,
            "eps": 0.68,
            "eps_growth_year": -65.93,
            "eps_4q": 3.36,
            "eps_4q_growth_year": -43.08,
            "roe": 3.79,
            "roe_4q": 17.68,
            "gross_profit": 107924,
            "gross_margin": 17.72,
            "gross_margin_4q_avg": 22.34,
            "net_income": 39802,
            "revenue": 609131,
            "common_shares": 586855,
            "book_valuer_per_share": 18.22,
            "book_valuer_per_share_4q_avg": 19.86,
            "equity": 1069533,
            "current_ratio": 465.56,
            "debt_ratio": 21.11,
            "inventory_turnover_ratio": 0.85,
            "account_receivable_turnover_ratio": 8.67,
            "reinvestment_rate": 6.98,
            "research_to_sale_ratio": 2.95,
            "price_fair": 95.02,
            "eps_avg_yearly": 5.76,
            "eps_latest_yearly": 2.72,
            "eps_growth_yearly": 6.5
        },
        "20124": {
            "year_quarter": 20124,
            "year": 2012,
            "quarter": 4,
            "eps": 0.82,
            "eps_growth_year": -49.37,
            "eps_4q": 2.65,
            "eps_4q_growth_year": -55.94,
            "roe": 4.4,
            "roe_4q": 14.010000000000002,
            "gross_profit": 97024,
            "gross_margin": 23.9,
            "gross_margin_4q_avg": 20.99,
            "net_income": 48140,
            "revenue": 406041,
            "common_shares": 586855,
            "book_valuer_per_share": 19.03,
            "book_valuer_per_share_4q_avg": 19.4,
            "equity": 1116835,
            "current_ratio": 608,
            "debt_ratio": 17.57,
            "inventory_turnover_ratio": 0.52,
            "account_receivable_turnover_ratio": 6.35,
            "reinvestment_rate": 14.02,
            "research_to_sale_ratio": 4.93,
            "price_fair": 104.26,
            "eps_avg_yearly": 5.5,
            "eps_latest_yearly": 3.28,
            "eps_growth_yearly": 8.96
        },
        "20131": {
            "year_quarter": 20131,
            "year": 2013,
            "quarter": 1,
            "eps": 0.63,
            "eps_growth_year": -26.74,
            "eps_4q": 2.47,
            "eps_4q_growth_year": -57.51,
            "roe": 3.27,
            "roe_4q": 13.260000000000002,
            "gross_profit": 83109,
            "gross_margin": 21.27,
            "gross_margin_4q_avg": 20.28,
            "net_income": 36779,
            "revenue": 390754,
            "common_shares": 586855,
            "book_valuer_per_share": 19.25,
            "book_valuer_per_share_4q_avg": 18.78,
            "equity": 1129453,
            "current_ratio": 545.54,
            "debt_ratio": 20.62,
            "inventory_turnover_ratio": 0.54,
            "account_receivable_turnover_ratio": 7.1,
            "reinvestment_rate": 17.22,
            "research_to_sale_ratio": 6.22,
            "price_fair": 79.48,
            "eps_avg_yearly": 5.23,
            "eps_latest_yearly": 2.52,
            "eps_growth_yearly": 5.19
        },
        "20132": {
            "year_quarter": 20132,
            "year": 2013,
            "quarter": 2,
            "eps": 0.93,
            "eps_growth_year": 171.04,
            "eps_4q": 3.05,
            "eps_4q_growth_year": -33.07,
            "roe": 4.95,
            "roe_4q": 16.41,
            "gross_profit": 126196,
            "gross_margin": 27.64,
            "gross_margin_4q_avg": 22.63,
            "net_income": 54411,
            "revenue": 456504,
            "common_shares": 586855,
            "book_valuer_per_share": 18.22,
            "book_valuer_per_share_4q_avg": 18.68,
            "equity": 1069026,
            "current_ratio": 311.21,
            "debt_ratio": 30.6,
            "inventory_turnover_ratio": 0.63,
            "account_receivable_turnover_ratio": 6.23,
            "reinvestment_rate": 19.46,
            "research_to_sale_ratio": 4.59,
            "price_fair": 108.7,
            "eps_avg_yearly": 4.95,
            "eps_latest_yearly": 3.72,
            "eps_growth_yearly": 11.95
        },
        "20133": {
            "year_quarter": 20133,
            "year": 2013,
            "quarter": 3,
            "eps": 0.61,
            "eps_growth_year": -10.06,
            "eps_4q": 2.98,
            "eps_4q_growth_year": -11.22,
            "roe": 3.28,
            "roe_4q": 15.9,
            "gross_profit": 90892,
            "gross_margin": 15.82,
            "gross_margin_4q_avg": 22.16,
            "net_income": 35677,
            "revenue": 574395,
            "common_shares": 586855,
            "book_valuer_per_share": 18.82,
            "book_valuer_per_share_4q_avg": 18.83,
            "equity": 1104301,
            "current_ratio": 391.84,
            "debt_ratio": 25.31,
            "inventory_turnover_ratio": 0.93,
            "account_receivable_turnover_ratio": 7.42,
            "reinvestment_rate": 21.77,
            "research_to_sale_ratio": 2.66,
            "price_fair": 78.76,
            "eps_avg_yearly": 4.67,
            "eps_latest_yearly": 2.44,
            "eps_growth_yearly": 6.88
        },
        "20134": {
            "year_quarter": 20134,
            "year": 2013,
            "quarter": 4,
            "eps": 1.12,
            "eps_growth_year": 36.61,
            "eps_4q": 3.28,
            "eps_4q_growth_year": 23.86,
            "roe": 5.77,
            "roe_4q": 17.27,
            "gross_profit": 140891,
            "gross_margin": 26.55,
            "gross_margin_4q_avg": 22.82,
            "net_income": 65762,
            "revenue": 530568,
            "common_shares": 586855,
            "book_valuer_per_share": 20.01,
            "book_valuer_per_share_4q_avg": 19.08,
            "equity": 1174496,
            "current_ratio": 380.19,
            "debt_ratio": 26.3,
            "inventory_turnover_ratio": 0.7,
            "account_receivable_turnover_ratio": 11.03,
            "reinvestment_rate": 9.02,
            "research_to_sale_ratio": 2.98,
            "price_fair": 159.16,
            "eps_avg_yearly": 4.55,
            "eps_latest_yearly": 4.48,
            "eps_growth_yearly": 30.2
        },
        "20141": {
            "year_quarter": 20141,
            "year": 2014,
            "quarter": 1,
            "eps": 0.95,
            "eps_growth_year": 50.79,
            "eps_4q": 3.6,
            "eps_4q_growth_year": 45.99,
            "roe": 4.63,
            "roe_4q": 18.63,
            "gross_profit": 129013,
            "gross_margin": 26.66,
            "gross_margin_4q_avg": 24.17,
            "net_income": 55624,
            "revenue": 483927,
            "common_shares": 586855,
            "book_valuer_per_share": 20.97,
            "book_valuer_per_share_4q_avg": 19.51,
            "equity": 1230430,
            "current_ratio": 471.84,
            "debt_ratio": 22.59,
            "inventory_turnover_ratio": 0.65,
            "account_receivable_turnover_ratio": 12.3,
            "reinvestment_rate": 6.88,
            "research_to_sale_ratio": 4.1,
            "price_fair": 156.45,
            "eps_avg_yearly": 4.47,
            "eps_latest_yearly": 3.8,
            "eps_growth_yearly": 31.59
        },
        "20142": {
            "year_quarter": 20142,
            "year": 2014,
            "quarter": 2,
            "eps": 0.49,
            "eps_growth_year": -47.31,
            "eps_4q": 3.16,
            "eps_4q_growth_year": 3.67,
            "roe": 2.45,
            "roe_4q": 16.13,
            "gross_profit": 92785,
            "gross_margin": 21.25,
            "gross_margin_4q_avg": 22.57,
            "net_income": 28635,
            "revenue": 436731,
            "common_shares": 586855,
            "book_valuer_per_share": 18.86,
            "book_valuer_per_share_4q_avg": 19.67,
            "equity": 1106827,
            "current_ratio": 323.08,
            "debt_ratio": 30.26,
            "inventory_turnover_ratio": 0.66,
            "account_receivable_turnover_ratio": 9.75,
            "reinvestment_rate": 7.42,
            "research_to_sale_ratio": 4.42,
            "price_fair": 85.63,
            "eps_avg_yearly": 4.17,
            "eps_latest_yearly": 1.96,
            "eps_growth_yearly": 10.56
        },
        "20143": {
            "year_quarter": 20143,
            "year": 2014,
            "quarter": 3,
            "eps": 1.03,
            "eps_growth_year": 68.85,
            "eps_4q": 3.59,
            "eps_4q_growth_year": 20.42,
            "roe": 5.35,
            "roe_4q": 18.2,
            "gross_profit": 128229,
            "gross_margin": 18.87,
            "gross_margin_4q_avg": 23.33,
            "net_income": 60717,
            "revenue": 679586,
            "common_shares": 586855,
            "book_valuer_per_share": 19.8,
            "book_valuer_per_share_4q_avg": 19.91,
            "equity": 1162069,
            "current_ratio": 452.34,
            "debt_ratio": 23.42,
            "inventory_turnover_ratio": 1.05,
            "account_receivable_turnover_ratio": 10.14,
            "reinvestment_rate": 7.07,
            "research_to_sale_ratio": 2.9,
            "price_fair": 143.33,
            "eps_avg_yearly": 4.1,
            "eps_latest_yearly": 4.12,
            "eps_growth_yearly": 43.96
        },
        "20144": {
            "year_quarter": 20144,
            "year": 2014,
            "quarter": 4,
            "eps": 1.41,
            "eps_growth_year": 25.86,
            "eps_4q": 3.88,
            "eps_4q_growth_year": 18.23,
            "roe": 6.88,
            "roe_4q": 19.31,
            "gross_profit": 171138,
            "gross_margin": 31.59,
            "gross_margin_4q_avg": 24.59,
            "net_income": 82771,
            "revenue": 541821,
            "common_shares": 586855,
            "book_valuer_per_share": 21.22,
            "book_valuer_per_share_4q_avg": 20.21,
            "equity": 1245177,
            "current_ratio": 467.76,
            "debt_ratio": 22.85,
            "inventory_turnover_ratio": 0.67,
            "account_receivable_turnover_ratio": 7.46,
            "reinvestment_rate": 10.51,
            "research_to_sale_ratio": 4.34,
            "price_fair": 140.44,
            "eps_avg_yearly": 4.01,
            "eps_latest_yearly": 5.64,
            "eps_growth_yearly": 44.98
        },
        "20151": {
            "year_quarter": 20151,
            "year": 2015,
            "quarter": 1,
            "eps": 1.37,
            "eps_growth_year": 44.21,
            "eps_4q": 4.31,
            "eps_4q_growth_year": 19.53,
            "roe": 6.29,
            "roe_4q": 20.97,
            "gross_profit": 145288,
            "gross_margin": 29.18,
            "gross_margin_4q_avg": 25.22,
            "net_income": 80657,
            "revenue": 497903,
            "common_shares": 586855,
            "book_valuer_per_share": 22.49,
            "book_valuer_per_share_4q_avg": 20.59,
            "equity": 1320130,
            "current_ratio": 473.17,
            "debt_ratio": 22.61,
            "inventory_turnover_ratio": 0.62,
            "account_receivable_turnover_ratio": 7.71,
            "reinvestment_rate": 10.3,
            "research_to_sale_ratio": 3.27,
            "price_fair": 141.66,
            "eps_avg_yearly": 4.05,
            "eps_latest_yearly": 5.48,
            "eps_growth_yearly": 51.59
        },
        "20152": {
            "year_quarter": 20152,
            "year": 2015,
            "quarter": 2,
            "eps": 0.5,
            "eps_growth_year": 2.04,
            "eps_4q": 4.32,
            "eps_4q_growth_year": 36.44,
            "roe": 2.35,
            "roe_4q": 20.869999999999997,
            "gross_profit": 96440,
            "gross_margin": 23.01,
            "gross_margin_4q_avg": 25.66,
            "net_income": 29227,
            "revenue": 419086,
            "common_shares": 586855,
            "book_valuer_per_share": 19.94,
            "book_valuer_per_share_4q_avg": 20.86,
            "equity": 1170417,
            "current_ratio": 303.08,
            "debt_ratio": 32.28,
            "inventory_turnover_ratio": 0.58,
            "account_receivable_turnover_ratio": 5.95,
            "reinvestment_rate": 10.31,
            "research_to_sale_ratio": 3.92,
            "price_fair": 134.31,
            "eps_avg_yearly": 3.84,
            "eps_latest_yearly": 2,
            "eps_growth_yearly": 33.48
        },
        "20153": {
            "year_quarter": 20153,
            "year": 2015,
            "quarter": 3,
            "eps": 0.93,
            "eps_growth_year": -9.71,
            "eps_4q": 4.21,
            "eps_4q_growth_year": 17.38,
            "roe": 4.56,
            "roe_4q": 20.08,
            "gross_profit": 133136,
            "gross_margin": 19.94,
            "gross_margin_4q_avg": 25.93,
            "net_income": 54701,
            "revenue": 667568,
            "common_shares": 586855,
            "book_valuer_per_share": 20.92,
            "book_valuer_per_share_4q_avg": 21.14,
            "equity": 1227814,
            "current_ratio": 464.62,
            "debt_ratio": 23.1,
            "inventory_turnover_ratio": 0.95,
            "account_receivable_turnover_ratio": 7.92,
            "reinvestment_rate": 11.22,
            "research_to_sale_ratio": 3.07,
            "price_fair": 125.04,
            "eps_avg_yearly": 3.57,
            "eps_latest_yearly": 3.72,
            "eps_growth_yearly": 42.85
        },
        "20154": {
            "year_quarter": 20154,
            "year": 2015,
            "quarter": 4,
            "eps": 1.18,
            "eps_growth_year": -16.65,
            "eps_4q": 3.98,
            "eps_4q_growth_year": 2.56,
            "roe": 5.48,
            "roe_4q": 18.68,
            "gross_profit": 138482,
            "gross_margin": 28.46,
            "gross_margin_4q_avg": 25.15,
            "net_income": 68993,
            "revenue": 486539,
            "common_shares": 586855,
            "book_valuer_per_share": 21.96,
            "book_valuer_per_share_4q_avg": 21.33,
            "equity": 1288636,
            "current_ratio": 497.65,
            "debt_ratio": 21.98,
            "inventory_turnover_ratio": 0.61,
            "account_receivable_turnover_ratio": 4.91,
            "reinvestment_rate": 2.04,
            "research_to_sale_ratio": 3.37,
            "price_fair": 121.19,
            "eps_avg_yearly": 3.46,
            "eps_latest_yearly": 4.72,
            "eps_growth_yearly": 54.22
        },
        "20161": {
            "year_quarter": 20161,
            "year": 2016,
            "quarter": 1,
            "eps": 0.42,
            "eps_growth_year": -69.34,
            "eps_4q": 3.02,
            "eps_4q_growth_year": -29.85,
            "roe": 1.88,
            "roe_4q": 14.27,
            "gross_profit": 85802,
            "gross_margin": 21.72,
            "gross_margin_4q_avg": 23.28,
            "net_income": 24404,
            "revenue": 395029,
            "common_shares": 586855,
            "book_valuer_per_share": 22.39,
            "book_valuer_per_share_4q_avg": 21.3,
            "equity": 1314014,
            "current_ratio": 452.61,
            "debt_ratio": 23.43,
            "inventory_turnover_ratio": 0.54,
            "account_receivable_turnover_ratio": 5.53,
            "reinvestment_rate": 0.03,
            "research_to_sale_ratio": 4.33,
            "price_fair": 117.34,
            "eps_avg_yearly": 3.35,
            "eps_latest_yearly": 1.68,
            "eps_growth_yearly": 49.85
        },
        "20162": {
            "year_quarter": 20162,
            "year": 2016,
            "quarter": 2,
            "eps": 0.58,
            "eps_growth_year": 16,
            "eps_4q": 3.1,
            "eps_4q_growth_year": -28.13,
            "roe": 2.75,
            "roe_4q": 14.669999999999998,
            "gross_profit": 93361,
            "gross_margin": 22.22,
            "gross_margin_4q_avg": 23.09,
            "net_income": 34010,
            "revenue": 420121,
            "common_shares": 586855,
            "book_valuer_per_share": 19.83,
            "book_valuer_per_share_4q_avg": 21.28,
            "equity": 1163769,
            "current_ratio": 266.83,
            "debt_ratio": 35.99,
            "inventory_turnover_ratio": 0.57,
            "account_receivable_turnover_ratio": 8.07,
            "reinvestment_rate": 8.29,
            "research_to_sale_ratio": 3.51,
            "price_fair": 119.44,
            "eps_avg_yearly": 3.41,
            "eps_latest_yearly": 2.32,
            "eps_growth_yearly": 74.49
        },
        "20163": {
            "year_quarter": 20163,
            "year": 2016,
            "quarter": 3,
            "eps": 1.02,
            "eps_growth_year": 9.68,
            "eps_4q": 3.19,
            "eps_4q_growth_year": -24.26,
            "roe": 5.03,
            "roe_4q": 15.14,
            "gross_profit": 147068,
            "gross_margin": 20.68,
            "gross_margin_4q_avg": 23.27,
            "net_income": 59931,
            "revenue": 711246,
            "common_shares": 586855,
            "book_valuer_per_share": 20.8,
            "book_valuer_per_share_4q_avg": 21.25,
            "equity": 1220451,
            "current_ratio": 353.69,
            "debt_ratio": 28.61,
            "inventory_turnover_ratio": 0.94,
            "account_receivable_turnover_ratio": 8.23,
            "reinvestment_rate": 6.4,
            "research_to_sale_ratio": 2.41,
            "price_fair": 122.41,
            "eps_avg_yearly": 3.5,
            "eps_latest_yearly": 4.08,
            "eps_growth_yearly": 68.46
        },
        "20164": {
            "year_quarter": 20164,
            "year": 2016,
            "quarter": 4,
            "eps": 2.4,
            "eps_growth_year": 104.25,
            "eps_4q": 4.42,
            "eps_4q_growth_year": 11,
            "roe": 11.04,
            "roe_4q": 20.7,
            "gross_profit": 219792,
            "gross_margin": 35.1,
            "gross_margin_4q_avg": 24.93,
            "net_income": 140921,
            "revenue": 626225,
            "common_shares": 586855,
            "book_valuer_per_share": 22.71,
            "book_valuer_per_share_4q_avg": 21.43,
            "equity": 1332995,
            "current_ratio": 404.03,
            "debt_ratio": 26.23,
            "inventory_turnover_ratio": 0.71,
            "account_receivable_turnover_ratio": 7.22,
            "reinvestment_rate": -2.73,
            "research_to_sale_ratio": 2.99,
            "price_fair": 136.24,
            "eps_avg_yearly": 3.89,
            "eps_latest_yearly": 9.6,
            "eps_growth_yearly": 97.13
        },
        "20171": {
            "year_quarter": 20171,
            "year": 2017,
            "quarter": 1,
            "eps": 1.29,
            "eps_growth_year": 207.14,
            "eps_4q": 5.29,
            "eps_4q_growth_year": 75.15,
            "roe": 5.45,
            "roe_4q": 24.27,
            "gross_profit": 155477,
            "gross_margin": 27.92,
            "gross_margin_4q_avg": 26.48,
            "net_income": 75046,
            "revenue": 556807,
            "common_shares": 586855,
            "book_valuer_per_share": 23.96,
            "book_valuer_per_share_4q_avg": 21.83,
            "equity": 1420457,
            "current_ratio": 389.22,
            "debt_ratio": 26.01,
            "inventory_turnover_ratio": 0.74,
            "account_receivable_turnover_ratio": 8.44,
            "reinvestment_rate": -0.17,
            "research_to_sale_ratio": 2.67,
            "price_fair": 142.01,
            "eps_avg_yearly": 4.06,
            "eps_latest_yearly": 5.16,
            "eps_growth_yearly": 91.36
        },
        "20172": {
            "year_quarter": 20172,
            "year": 2017,
            "quarter": 2,
            "eps": 1.58,
            "eps_growth_year": 172.41,
            "eps_4q": 6.29,
            "eps_4q_growth_year": 102.75,
            "roe": 6.71,
            "roe_4q": 28.23,
            "gross_profit": 155813,
            "gross_margin": 28.02,
            "gross_margin_4q_avg": 27.93,
            "net_income": 91831,
            "revenue": 556107,
            "common_shares": 586855,
            "book_valuer_per_share": 22.21,
            "book_valuer_per_share_4q_avg": 22.42,
            "equity": 1317127,
            "current_ratio": 263.92,
            "debt_ratio": 35.92,
            "inventory_turnover_ratio": 0.67,
            "account_receivable_turnover_ratio": 5.56,
            "reinvestment_rate": 0.5,
            "research_to_sale_ratio": 3.02,
            "price_fair": 147.7,
            "eps_avg_yearly": 4.22,
            "eps_latest_yearly": 6.32,
            "eps_growth_yearly": 85.08
        },
        "20173": {
            "year_quarter": 20173,
            "year": 2017,
            "quarter": 3,
            "eps": 1.21,
            "eps_growth_year": 18.63,
            "eps_4q": 6.48,
            "eps_4q_growth_year": 103.09,
            "roe": 5.34,
            "roe_4q": 28.54,
            "gross_profit": 153152,
            "gross_margin": 19.86,
            "gross_margin_4q_avg": 27.73,
            "net_income": 72295,
            "revenue": 771298,
            "common_shares": 586855,
            "book_valuer_per_share": 23.46,
            "book_valuer_per_share_4q_avg": 23.09,
            "equity": 1391572,
            "current_ratio": 360.77,
            "debt_ratio": 27.39,
            "inventory_turnover_ratio": 0.96,
            "account_receivable_turnover_ratio": 6.33,
            "reinvestment_rate": 0.67,
            "research_to_sale_ratio": 2.43,
            "price_fair": 152.95,
            "eps_avg_yearly": 4.37,
            "eps_latest_yearly": 4.84,
            "eps_growth_yearly": 87.83
        },
        "20174": {
            "year_quarter": 20174,
            "year": 2017,
            "quarter": 4,
            "eps": 1.56,
            "eps_growth_year": -34.95,
            "eps_4q": 5.64,
            "eps_4q_growth_year": 27.75,
            "roe": 6.24,
            "roe_4q": 23.74,
            "gross_profit": 182408,
            "gross_margin": 27.47,
            "gross_margin_4q_avg": 25.82,
            "net_income": 88922,
            "revenue": 664143,
            "common_shares": 586855,
            "book_valuer_per_share": 24.67,
            "book_valuer_per_share_4q_avg": 23.58,
            "equity": 1459739,
            "current_ratio": 377.88,
            "debt_ratio": 26.82,
            "inventory_turnover_ratio": 0.77,
            "account_receivable_turnover_ratio": 4.74,
            "reinvestment_rate": 0.96,
            "research_to_sale_ratio": 2.96,
            "price_fair": 156.8,
            "eps_avg_yearly": 4.48,
            "eps_latest_yearly": 6.24,
            "eps_growth_yearly": 74.16
        },
        "20181": {
            "year_quarter": 20181,
            "year": 2018,
            "quarter": 1,
            "eps": 0.37,
            "eps_growth_year": -71.32,
            "eps_4q": 4.73,
            "eps_4q_growth_year": -10.7,
            "roe": 1.38,
            "roe_4q": 19.67,
            "gross_profit": 93147,
            "gross_margin": 18.8,
            "gross_margin_4q_avg": 23.54,
            "net_income": 20333,
            "revenue": 495521,
            "common_shares": 586855,
            "book_valuer_per_share": 25,
            "book_valuer_per_share_4q_avg": 23.84,
            "equity": 1477725,
            "current_ratio": 410.08,
            "debt_ratio": 24.99,
            "inventory_turnover_ratio": 0.66,
            "account_receivable_turnover_ratio": 4.68,
            "reinvestment_rate": -4.6,
            "research_to_sale_ratio": 3.59,
            "price_fair": 151.73,
            "eps_avg_yearly": 4.34,
            "eps_latest_yearly": 1.48,
            "eps_growth_yearly": 58.88
        },
        "20182": {
            "year_quarter": 20182,
            "year": 2018,
            "quarter": 2,
            "eps": 0.76,
            "eps_growth_year": -51.9,
            "eps_4q": 3.91,
            "eps_4q_growth_year": -37.82,
            "roe": 3.25,
            "roe_4q": 16.21,
            "gross_profit": 109990,
            "gross_margin": 19.66,
            "gross_margin_4q_avg": 21.45,
            "net_income": 44931,
            "revenue": 559539,
            "common_shares": 586855,
            "book_valuer_per_share": 21.77,
            "book_valuer_per_share_4q_avg": 23.73,
            "equity": 1287895,
            "current_ratio": 254.66,
            "debt_ratio": 36.83,
            "inventory_turnover_ratio": 0.71,
            "account_receivable_turnover_ratio": 7.52,
            "reinvestment_rate": -3.4,
            "research_to_sale_ratio": 2.93,
            "price_fair": 154.09,
            "eps_avg_yearly": 4.4,
            "eps_latest_yearly": 3.04,
            "eps_growth_yearly": 97.34
        },
        "20183": {
            "year_quarter": 20183,
            "year": 2018,
            "quarter": 3,
            "eps": 1.07,
            "eps_growth_year": -11.57,
            "eps_4q": 3.77,
            "eps_4q_growth_year": -41.88,
            "roe": 4.72,
            "roe_4q": 15.59,
            "gross_profit": 158510,
            "gross_margin": 19.19,
            "gross_margin_4q_avg": 21.28,
            "net_income": 62195,
            "revenue": 826086,
            "common_shares": 586855,
            "book_valuer_per_share": 22.82,
            "book_valuer_per_share_4q_avg": 23.57,
            "equity": 1348914,
            "current_ratio": 363.68,
            "debt_ratio": 26.15,
            "inventory_turnover_ratio": 1.04,
            "account_receivable_turnover_ratio": 8.99,
            "reinvestment_rate": 3.6,
            "research_to_sale_ratio": 2.68,
            "price_fair": 154.44,
            "eps_avg_yearly": 4.41,
            "eps_latest_yearly": 4.28,
            "eps_growth_yearly": 79.98
        },
        "20184": {
            "year_quarter": 20184,
            "year": 2018,
            "quarter": 4,
            "eps": 0.9,
            "eps_growth_year": -42.58,
            "eps_4q": 3.1,
            "eps_4q_growth_year": -45.01,
            "roe": 3.66,
            "roe_4q": 13.009999999999998,
            "gross_profit": 131305,
            "gross_margin": 24.35,
            "gross_margin_4q_avg": 20.5,
            "net_income": 50439,
            "revenue": 539244,
            "common_shares": 586855,
            "book_valuer_per_share": 23.9,
            "book_valuer_per_share_4q_avg": 23.37,
            "equity": 1410239,
            "current_ratio": 348.84,
            "debt_ratio": 26.55,
            "inventory_turnover_ratio": 0.6,
            "account_receivable_turnover_ratio": 6.97,
            "reinvestment_rate": 4.35,
            "research_to_sale_ratio": 4.17,
            "price_fair": 149.98,
            "eps_avg_yearly": 4.29,
            "eps_latest_yearly": 3.6,
            "eps_growth_yearly": 66.79
        },
        "20191": {
            "year_quarter": 20191,
            "year": 2019,
            "quarter": 1,
            "eps": 0.79,
            "eps_growth_year": 113.51,
            "eps_4q": 3.52,
            "eps_4q_growth_year": -25.48,
            "roe": 3.15,
            "roe_4q": 14.780000000000001,
            "gross_profit": 135299,
            "gross_margin": 21.53,
            "gross_margin_4q_avg": 21.18,
            "net_income": 45117,
            "revenue": 628335,
            "common_shares": 586855,
            "book_valuer_per_share": 24.66,
            "book_valuer_per_share_4q_avg": 23.29,
            "equity": 1453535,
            "current_ratio": 312.86,
            "debt_ratio": 30,
            "inventory_turnover_ratio": 0.71,
            "account_receivable_turnover_ratio": 6.35,
            "reinvestment_rate": 3.11,
            "research_to_sale_ratio": 3.35,
            "price_fair": 144.9,
            "eps_avg_yearly": 4.14,
            "eps_latest_yearly": 3.16,
            "eps_growth_yearly": 64.44
        },
        "20192": {
            "year_quarter": 20192,
            "year": 2019,
            "quarter": 2,
            "eps": 1.07,
            "eps_growth_year": 40.79,
            "eps_4q": 3.83,
            "eps_4q_growth_year": -2.1,
            "roe": 4.51,
            "roe_4q": 16.04,
            "gross_profit": 138523,
            "gross_margin": 22.75,
            "gross_margin_4q_avg": 21.96,
            "net_income": 63303,
            "revenue": 608993,
            "common_shares": 586855,
            "book_valuer_per_share": 22.9,
            "book_valuer_per_share_4q_avg": 23.57,
            "equity": 1354329,
            "current_ratio": 230.12,
            "debt_ratio": 38.27,
            "inventory_turnover_ratio": 0.68,
            "account_receivable_turnover_ratio": 5.17,
            "reinvestment_rate": 4.12,
            "research_to_sale_ratio": 3.63,
            "price_fair": 149.89,
            "eps_avg_yearly": 4.28,
            "eps_latest_yearly": 4.28,
            "eps_growth_yearly": 89.18
        },
        "20193": {
            "year_quarter": 20193,
            "year": 2019,
            "quarter": 3,
            "eps": 0.85,
            "eps_growth_year": -20.56,
            "eps_4q": 3.61,
            "eps_4q_growth_year": -4.19,
            "roe": 3.48,
            "roe_4q": 14.8,
            "gross_profit": 137542,
            "gross_margin": 16.96,
            "gross_margin_4q_avg": 21.4,
            "net_income": 47914,
            "revenue": 810941,
            "common_shares": 586855,
            "book_valuer_per_share": 23.67,
            "book_valuer_per_share_4q_avg": 23.78,
            "equity": 1397503,
            "current_ratio": 269.84,
            "debt_ratio": 33.24,
            "inventory_turnover_ratio": 0.9,
            "account_receivable_turnover_ratio": 6.96,
            "reinvestment_rate": 3.57,
            "research_to_sale_ratio": 2.83,
            "price_fair": 149.19,
            "eps_avg_yearly": 4.26,
            "eps_latest_yearly": 3.4,
            "eps_growth_yearly": 62.54
        },
        "20194": {
            "year_quarter": 20194,
            "year": 2019,
            "quarter": 4,
            "eps": 2.03,
            "eps_growth_year": 126.02,
            "eps_4q": 4.74,
            "eps_4q_growth_year": 52.77,
            "roe": 8.4,
            "roe_4q": 19.54,
            "gross_profit": 228306,
            "gross_margin": 29.5,
            "gross_margin_4q_avg": 22.69,
            "net_income": 122149,
            "revenue": 773953,
            "common_shares": 586855,
            "book_valuer_per_share": 25.52,
            "book_valuer_per_share_4q_avg": 24.19,
            "equity": 1509397,
            "current_ratio": 284.66,
            "debt_ratio": 32.33,
            "inventory_turnover_ratio": 0.7,
            "account_receivable_turnover_ratio": 5.89,
            "reinvestment_rate": 5.63,
            "research_to_sale_ratio": 2.54,
            "price_fair": 156.63,
            "eps_avg_yearly": 4.48,
            "eps_latest_yearly": 8.12,
            "eps_growth_yearly": 90.52
        },
        "20201": {
            "year_quarter": 20201,
            "year": 2020,
            "quarter": 1,
            "eps": 0.42,
            "eps_growth_year": -46.84,
            "eps_4q": 4.37,
            "eps_4q_growth_year": 23.97,
            "roe": 1.53,
            "roe_4q": 17.92,
            "gross_profit": 112510,
            "gross_margin": 17.72,
            "gross_margin_4q_avg": 21.73,
            "net_income": 23233,
            "revenue": 635107,
            "common_shares": 586855,
            "book_valuer_per_share": 25.84,
            "book_valuer_per_share_4q_avg": 24.48,
            "equity": 1527039,
            "current_ratio": 300.52,
            "debt_ratio": 31.13,
            "inventory_turnover_ratio": 0.65,
            "account_receivable_turnover_ratio": 5.98,
            "reinvestment_rate": 4.47,
            "research_to_sale_ratio": 2.65,
            "price_fair": 156.63,
            "eps_avg_yearly": 4.48,
            "eps_latest_yearly": 1.68,
            "eps_growth_yearly": 86.8
        },
        "20202": {
            "year_quarter": 20202,
            "year": 2020,
            "quarter": 2,
            "eps": 1.02,
            "eps_growth_year": -4.67,
            "eps_4q": 4.31,
            "eps_4q_growth_year": 12.64,
            "roe": 4.32,
            "roe_4q": 17.73,
            "gross_profit": 152338,
            "gross_margin": 23.95,
            "gross_margin_4q_avg": 22.03,
            "net_income": 62047,
            "revenue": 635990,
            "common_shares": 586855,
            "book_valuer_per_share": 22.72,
            "book_valuer_per_share_4q_avg": 24.44,
            "equity": 1345962,
            "current_ratio": 222.08,
            "debt_ratio": 40.28,
            "inventory_turnover_ratio": 0.57,
            "account_receivable_turnover_ratio": 6.57,
            "reinvestment_rate": 4.45,
            "research_to_sale_ratio": 3.25,
            "price_fair": 160.48,
            "eps_avg_yearly": 4.59,
            "eps_latest_yearly": 4.08,
            "eps_growth_yearly": 112.99
        },
        "20203": {
            "year_quarter": 20203,
            "year": 2020,
            "quarter": 3,
            "eps": 1.73,
            "eps_growth_year": 103.53,
            "eps_4q": 5.19,
            "eps_4q_growth_year": 43.87,
            "roe": 7.2,
            "roe_4q": 21.45,
            "gross_profit": 209209,
            "gross_margin": 21.85,
            "gross_margin_4q_avg": 23.26,
            "net_income": 100526,
            "revenue": 957524,
            "common_shares": 586855,
            "book_valuer_per_share": 24.47,
            "book_valuer_per_share_4q_avg": 24.64,
            "equity": 1448011,
            "current_ratio": 298.47,
            "debt_ratio": 30.77,
            "inventory_turnover_ratio": 0.82,
            "account_receivable_turnover_ratio": 6.07,
            "reinvestment_rate": 5.61,
            "research_to_sale_ratio": 1.75,
            "price_fair": 166.69,
            "eps_avg_yearly": 4.76,
            "eps_latest_yearly": 6.92,
            "eps_growth_yearly": 111.42
        },
        "20204": {
            "year_quarter": 20204,
            "year": 2020,
            "quarter": 4,
            "eps": 2.34,
            "eps_growth_year": 15.5,
            "eps_4q": 5.51,
            "eps_4q_growth_year": 16.2,
            "roe": 9.36,
            "roe_4q": 22.41,
            "gross_profit": 207255,
            "gross_margin": 27.74,
            "gross_margin_4q_avg": 22.82,
            "net_income": 143690,
            "revenue": 747205,
            "common_shares": 586855,
            "book_valuer_per_share": 27.34,
            "book_valuer_per_share_4q_avg": 25.09,
            "equity": 1622589,
            "current_ratio": 320.87,
            "debt_ratio": 29.55,
            "inventory_turnover_ratio": 0.59,
            "account_receivable_turnover_ratio": 3.91,
            "reinvestment_rate": 11.93,
            "research_to_sale_ratio": 2.41,
            "price_fair": 166.16,
            "eps_avg_yearly": 4.75,
            "eps_latest_yearly": 9.36,
            "eps_growth_yearly": 86.42
        },
        "20211": {
            "year_quarter": 20211,
            "year": 2021,
            "quarter": 1,
            "eps": 0.72,
            "eps_growth_year": 71.43,
            "eps_4q": 5.81,
            "eps_4q_growth_year": 33.07,
            "roe": 2.44,
            "roe_4q": 23.32,
            "gross_profit": 138798,
            "gross_margin": 22.38,
            "gross_margin_4q_avg": 23.98,
            "net_income": 40435,
            "revenue": 620259,
            "common_shares": 586855,
            "book_valuer_per_share": 28.64,
            "book_valuer_per_share_4q_avg": 25.79,
            "equity": 1696709,
            "current_ratio": 305.03,
            "debt_ratio": 30.77,
            "inventory_turnover_ratio": 0.54,
            "account_receivable_turnover_ratio": 4.02,
            "reinvestment_rate": 7.31,
            "research_to_sale_ratio": 2.18,
            "price_fair": 161.18,
            "eps_avg_yearly": 4.61,
            "eps_latest_yearly": 2.88,
            "eps_growth_yearly": 80.67
        },
        "20212": {
            "year_quarter": 20212,
            "year": 2021,
            "quarter": 2,
            "eps": 7.65,
            "eps_growth_year": 650,
            "eps_4q": 12.44,
            "eps_4q_growth_year": 188.36,
            "roe": 23.96,
            "roe_4q": 42.96000000000001,
            "gross_profit": 176208,
            "gross_margin": 20.51,
            "gross_margin_4q_avg": 23.12,
            "net_income": 457208,
            "revenue": 859029,
            "common_shares": 586855,
            "book_valuer_per_share": 35.87,
            "book_valuer_per_share_4q_avg": 29.08,
            "equity": 2119488,
            "current_ratio": 317.46,
            "debt_ratio": 28.93,
            "inventory_turnover_ratio": 0.79,
            "account_receivable_turnover_ratio": 7.28,
            "reinvestment_rate": -6.02,
            "research_to_sale_ratio": 3.26,
            "price_fair": 214.29,
            "eps_avg_yearly": 6.12,
            "eps_latest_yearly": 30.6,
            "eps_growth_yearly": 315.68
        },
        "20213": {
            "year_quarter": 20213,
            "year": 2021,
            "quarter": 3,
            "eps": 2.02,
            "eps_growth_year": 16.76,
            "eps_4q": 12.73,
            "eps_4q_growth_year": 145.12,
            "roe": 5.69,
            "roe_4q": 41.45,
            "gross_profit": 199402,
            "gross_margin": 24.24,
            "gross_margin_4q_avg": 23.72,
            "net_income": 118824,
            "revenue": 822663,
            "common_shares": 586855,
            "book_valuer_per_share": 34.83,
            "book_valuer_per_share_4q_avg": 31.67,
            "equity": 2058315,
            "current_ratio": 324.63,
            "debt_ratio": 27.89,
            "inventory_turnover_ratio": 0.76,
            "account_receivable_turnover_ratio": 5.84,
            "reinvestment_rate": -6.95,
            "research_to_sale_ratio": 1.63,
            "price_fair": 221.38,
            "eps_avg_yearly": 6.33,
            "eps_latest_yearly": 8.08,
            "eps_growth_yearly": 303.13
        },
        "20214": {
            "year_quarter": 20214,
            "year": 2021,
            "quarter": 4,
            "eps": 0.48,
            "eps_growth_year": -79.35,
            "eps_4q": 10.87,
            "eps_4q_growth_year": 97.42,
            "roe": 1.33,
            "roe_4q": 33.42,
            "gross_profit": 101197,
            "gross_margin": 20.01,
            "gross_margin_4q_avg": 21.79,
            "net_income": 27908,
            "revenue": 505754,
            "common_shares": 586855,
            "book_valuer_per_share": 36.23,
            "book_valuer_per_share_4q_avg": 33.89,
            "equity": 2140190,
            "current_ratio": 312.56,
            "debt_ratio": 27.65,
            "inventory_turnover_ratio": 0.47,
            "account_receivable_turnover_ratio": 4.22,
            "reinvestment_rate": -6.37,
            "research_to_sale_ratio": 2.08,
            "price_fair": 211.93,
            "eps_avg_yearly": 6.06,
            "eps_latest_yearly": 1.92,
            "eps_growth_yearly": 276.84
        },
        "20221": {
            "year_quarter": 20221,
            "year": 2022,
            "quarter": 1,
            "eps": 0.23,
            "eps_growth_year": -68.06,
            "eps_4q": 10.38,
            "eps_4q_growth_year": 78.67,
            "roe": 0.69,
            "roe_4q": 31.67,
            "gross_profit": 72997,
            "gross_margin": 13.35,
            "gross_margin_4q_avg": 19.53,
            "net_income": 15204,
            "revenue": 546663,
            "common_shares": 586855,
            "book_valuer_per_share": 38.24,
            "book_valuer_per_share_4q_avg": 36.29,
            "equity": 2260249,
            "current_ratio": 313.93,
            "debt_ratio": 27.26,
            "inventory_turnover_ratio": 0.5,
            "account_receivable_turnover_ratio": 7.47,
            "reinvestment_rate": -0.81,
            "research_to_sale_ratio": 2.88,
            "price_fair": 210.7,
            "eps_avg_yearly": 6.02,
            "eps_latest_yearly": 0.92,
            "eps_growth_yearly": 282.89
        },
        "20222": {
            "year_quarter": 20222,
            "year": 2022,
            "quarter": 2,
            "eps": 0.61,
            "eps_growth_year": -92.03,
            "eps_4q": 3.34,
            "eps_4q_growth_year": -73.12,
            "roe": 1.86,
            "roe_4q": 9.57,
            "gross_profit": 130670,
            "gross_margin": 18.7,
            "gross_margin_4q_avg": 19.08,
            "net_income": 39490,
            "revenue": 698788,
            "common_shares": 586855,
            "book_valuer_per_share": 33.7,
            "book_valuer_per_share_4q_avg": 35.75,
            "equity": 1992124,
            "current_ratio": 233.86,
            "debt_ratio": 34.19,
            "inventory_turnover_ratio": 0.55,
            "account_receivable_turnover_ratio": 8.98,
            "reinvestment_rate": -1.6,
            "research_to_sale_ratio": 2.46,
            "price_fair": 209.39,
            "eps_avg_yearly": 5.98,
            "eps_latest_yearly": 2.44,
            "eps_growth_yearly": 297.84
        },
        "20223": {
            "year_quarter": 20223,
            "year": 2022,
            "quarter": 3,
            "eps": 1.31,
            "eps_growth_year": -35.15,
            "eps_4q": 2.63,
            "eps_4q_growth_year": -79.35,
            "roe": 3.8,
            "roe_4q": 7.68,
            "gross_profit": 160761,
            "gross_margin": 21.11,
            "gross_margin_4q_avg": 18.29,
            "net_income": 78089,
            "revenue": 761576,
            "common_shares": 586855,
            "book_valuer_per_share": 35.78,
            "book_valuer_per_share_4q_avg": 35.99,
            "equity": 2115257,
            "current_ratio": 312.58,
            "debt_ratio": 26.97,
            "inventory_turnover_ratio": 0.56,
            "account_receivable_turnover_ratio": 5.53,
            "reinvestment_rate": -6.23,
            "research_to_sale_ratio": 2.21,
            "price_fair": 211.49,
            "eps_avg_yearly": 6.04,
            "eps_latest_yearly": 5.24,
            "eps_growth_yearly": 316.33
        },
        "20224": {
            "year_quarter": 20224,
            "year": 2022,
            "quarter": 4,
            "eps": 1.74,
            "eps_growth_year": 260.64,
            "eps_4q": 3.89,
            "eps_4q_growth_year": -64.23,
            "roe": 4.52,
            "roe_4q": 10.87,
            "gross_profit": 193747,
            "gross_margin": 27.63,
            "gross_margin_4q_avg": 20.2,
            "net_income": 102597,
            "revenue": 701339,
            "common_shares": 586855,
            "book_valuer_per_share": 41.12,
            "book_valuer_per_share_4q_avg": 37.21,
            "equity": 2429068,
            "current_ratio": 303.82,
            "debt_ratio": 26.74,
            "inventory_turnover_ratio": 0.47,
            "account_receivable_turnover_ratio": 4.64,
            "reinvestment_rate": -6.11,
            "research_to_sale_ratio": 2.86,
            "price_fair": 218.84,
            "eps_avg_yearly": 6.25,
            "eps_latest_yearly": 6.96,
            "eps_growth_yearly": 328.51
        },
        "20231": {
            "year_quarter": 20231,
            "year": 2023,
            "quarter": 1,
            "eps": 0.78,
            "eps_growth_year": 239.13,
            "eps_4q": 4.45,
            "eps_4q_growth_year": -57.15,
            "roe": 2.01,
            "roe_4q": 12.189999999999998,
            "gross_profit": 123875,
            "gross_margin": 19.52,
            "gross_margin_4q_avg": 21.74,
            "net_income": 48163,
            "revenue": 634611,
            "common_shares": 586855,
            "book_valuer_per_share": 40.06,
            "book_valuer_per_share_4q_avg": 37.67,
            "equity": 2372545,
            "current_ratio": 302.76,
            "debt_ratio": 27.77,
            "inventory_turnover_ratio": 0.47,
            "account_receivable_turnover_ratio": 5.03,
            "reinvestment_rate": -5.19,
            "research_to_sale_ratio": 2.72,
            "price_fair": 218.75,
            "eps_avg_yearly": 6.25,
            "eps_latest_yearly": 3.12,
            "eps_growth_yearly": 317.77
        }
    },
    "months": {
        "2003-09": {
            "month": "2003-09",
            "price": "38.90",
            "revenue": 88960
        },
        "2003-11": {
            "month": "2003-11",
            "price": "33.00",
            "revenue": 66718
        },
        "2003-12": {
            "month": "2003-12",
            "price": "31.00",
            "revenue": 130661
        },
        "2004-01": {
            "month": "2004-01",
            "price": "30.66",
            "revenue": 76953
        },
        "2004-02": {
            "month": "2004-02",
            "price": "32.97",
            "revenue": 91941
        },
        "2004-03": {
            "month": "2004-03",
            "price": "35.50",
            "revenue": 90547
        },
        "2004-04": {
            "month": "2004-04",
            "price": "31.06",
            "revenue": 124892
        },
        "2004-05": {
            "month": "2004-05",
            "price": "28.71",
            "revenue": 89843
        },
        "2004-06": {
            "month": "2004-06",
            "price": "28.00",
            "revenue": 104261
        },
        "2004-08": {
            "month": "2004-08",
            "price": "23.80",
            "revenue": 141217
        },
        "2004-09": {
            "month": "2004-09",
            "price": "25.51",
            "revenue": 143191
        },
        "2004-10": {
            "month": "2004-10",
            "price": "25.78",
            "revenue": 118687
        },
        "2004-11": {
            "month": "2004-11",
            "price": "21.40",
            "revenue": 122904
        },
        "2004-12": {
            "month": "2004-12",
            "price": "21.87",
            "revenue": 156231
        },
        "2005-01": {
            "month": "2005-01",
            "price": "31.03",
            "revenue": 126970
        },
        "2005-02": {
            "month": "2005-02",
            "price": "44.28",
            "revenue": 127660
        },
        "2005-03": {
            "month": "2005-03",
            "price": "49.93",
            "revenue": 123720
        },
        "2005-04": {
            "month": "2005-04",
            "price": "44.67",
            "revenue": 113586
        },
        "2005-05": {
            "month": "2005-05",
            "price": "42.43",
            "revenue": 95972
        },
        "2005-06": {
            "month": "2005-06",
            "price": "44.01",
            "revenue": 90922
        },
        "2005-07": {
            "month": "2005-07",
            "price": "52.50",
            "revenue": 161567
        },
        "2005-08": {
            "month": "2005-08",
            "price": "66.00",
            "revenue": 166707
        },
        "2005-09": {
            "month": "2005-09",
            "price": "78.49",
            "revenue": 156154
        },
        "2005-10": {
            "month": "2005-10",
            "price": "77.71",
            "revenue": 166120
        },
        "2005-11": {
            "month": "2005-11",
            "price": "74.62",
            "revenue": 163255
        },
        "2005-12": {
            "month": "2005-12",
            "price": "82.84",
            "revenue": 224958
        },
        "2006-01": {
            "month": "2006-01",
            "price": "105.34",
            "revenue": 144068
        },
        "2006-02": {
            "month": "2006-02",
            "price": "101.11",
            "revenue": 133335
        },
        "2006-03": {
            "month": "2006-03",
            "price": "106.50",
            "revenue": 161542
        },
        "2006-04": {
            "month": "2006-04",
            "price": "117.71",
            "revenue": 144368
        },
        "2006-05": {
            "month": "2006-05",
            "price": "116.45",
            "revenue": 130182
        },
        "2006-06": {
            "month": "2006-06",
            "price": "100.81",
            "revenue": 121593
        },
        "2006-07": {
            "month": "2006-07",
            "price": "98.60",
            "revenue": 133477
        },
        "2006-08": {
            "month": "2006-08",
            "price": "104.54",
            "revenue": 182645
        },
        "2006-09": {
            "month": "2006-09",
            "price": "103.66",
            "revenue": 168406
        },
        "2006-10": {
            "month": "2006-10",
            "price": "103.34",
            "revenue": 135017
        },
        "2006-11": {
            "month": "2006-11",
            "price": "101.24",
            "revenue": 122891
        },
        "2006-12": {
            "month": "2006-12",
            "price": "98.39",
            "revenue": 167282
        },
        "2007-01": {
            "month": "2007-01",
            "price": "101.79",
            "revenue": 145427
        },
        "2007-02": {
            "month": "2007-02",
            "price": "101.21",
            "revenue": 137985
        },
        "2007-03": {
            "month": "2007-03",
            "price": "100.01",
            "revenue": 137663
        },
        "2007-04": {
            "month": "2007-04",
            "price": "99.92",
            "revenue": 109842
        },
        "2007-05": {
            "month": "2007-05",
            "price": "93.54",
            "revenue": 196216
        },
        "2007-06": {
            "month": "2007-06",
            "price": "111.26",
            "revenue": 196595
        },
        "2007-07": {
            "month": "2007-07",
            "price": "189.11",
            "revenue": 169639
        },
        "2007-08": {
            "month": "2007-08",
            "price": "163.78",
            "revenue": 244702
        },
        "2007-09": {
            "month": "2007-09",
            "price": "161.50",
            "revenue": 177119
        },
        "2007-10": {
            "month": "2007-10",
            "price": "137.89",
            "revenue": 147419
        },
        "2007-11": {
            "month": "2007-11",
            "price": "114.50",
            "revenue": 171920
        },
        "2007-12": {
            "month": "2007-12",
            "price": "115.69",
            "revenue": 216639
        },
        "2008-01": {
            "month": "2008-01",
            "price": "105.32",
            "revenue": 156313
        },
        "2008-02": {
            "month": "2008-02",
            "price": "91.44",
            "revenue": 155525
        },
        "2008-03": {
            "month": "2008-03",
            "price": "95.28",
            "revenue": 168957
        },
        "2008-04": {
            "month": "2008-04",
            "price": "112.52",
            "revenue": 158146
        },
        "2008-05": {
            "month": "2008-05",
            "price": "112.57",
            "revenue": 128547
        },
        "2008-06": {
            "month": "2008-06",
            "price": "97.29",
            "revenue": 136494
        },
        "2008-07": {
            "month": "2008-07",
            "price": "86.18",
            "revenue": 171060
        },
        "2008-08": {
            "month": "2008-08",
            "price": "74.91",
            "revenue": 222535
        },
        "2008-09": {
            "month": "2008-09",
            "price": "59.86",
            "revenue": 197964
        },
        "2008-10": {
            "month": "2008-10",
            "price": "44.18",
            "revenue": 156593
        },
        "2008-11": {
            "month": "2008-11",
            "price": "37.41",
            "revenue": 153877
        },
        "2008-12": {
            "month": "2008-12",
            "price": "40.09",
            "revenue": 168921
        },
        "2009-01": {
            "month": "2009-01",
            "price": "42.41",
            "revenue": 171973
        },
        "2009-02": {
            "month": "2009-02",
            "price": "45.05",
            "revenue": 157614
        },
        "2009-03": {
            "month": "2009-03",
            "price": "51.42",
            "revenue": 164546
        },
        "2009-04": {
            "month": "2009-04",
            "price": "62.44",
            "revenue": 210279
        },
        "2009-05": {
            "month": "2009-05",
            "price": "84.32",
            "revenue": 167898
        },
        "2009-06": {
            "month": "2009-06",
            "price": "79.89",
            "revenue": 193366
        },
        "2009-07": {
            "month": "2009-07",
            "price": "91.54",
            "revenue": 225569
        },
        "2009-08": {
            "month": "2009-08",
            "price": "91.22",
            "revenue": 237396
        },
        "2009-09": {
            "month": "2009-09",
            "price": "92.94",
            "revenue": 190021
        },
        "2009-10": {
            "month": "2009-10",
            "price": "89.30",
            "revenue": 184864
        },
        "2009-11": {
            "month": "2009-11",
            "price": "86.45",
            "revenue": 167127
        },
        "2009-12": {
            "month": "2009-12",
            "price": "89.79",
            "revenue": 148864
        },
        "2010-01": {
            "month": "2010-01",
            "price": "85.30",
            "revenue": 152304
        },
        "2010-02": {
            "month": "2010-02",
            "price": "77.64",
            "revenue": 152399
        },
        "2010-03": {
            "month": "2010-03",
            "price": "80.08",
            "revenue": 145712
        },
        "2010-04": {
            "month": "2010-04",
            "price": "83.41",
            "revenue": 191950
        },
        "2010-05": {
            "month": "2010-05",
            "price": "78.28",
            "revenue": 161328
        },
        "2010-06": {
            "month": "2010-06",
            "price": "77.93",
            "revenue": 158461
        },
        "2010-07": {
            "month": "2010-07",
            "price": "80.48",
            "revenue": 174506
        },
        "2010-08": {
            "month": "2010-08",
            "price": "67.84",
            "revenue": 256369
        },
        "2010-09": {
            "month": "2010-09",
            "price": "66.41",
            "revenue": 249223
        },
        "2010-10": {
            "month": "2010-10",
            "price": "66.75",
            "revenue": 181260
        },
        "2010-11": {
            "month": "2010-11",
            "price": "63.57",
            "revenue": 169652
        },
        "2010-12": {
            "month": "2010-12",
            "price": "66.26",
            "revenue": 190761
        },
        "2011-01": {
            "month": "2011-01",
            "price": "66.96",
            "revenue": 196614
        },
        "2011-02": {
            "month": "2011-02",
            "price": "67.38",
            "revenue": 145167
        },
        "2011-03": {
            "month": "2011-03",
            "price": "65.90",
            "revenue": 159241
        },
        "2011-04": {
            "month": "2011-04",
            "price": "67.19",
            "revenue": 197061
        },
        "2011-05": {
            "month": "2011-05",
            "price": "68.34",
            "revenue": 158270
        },
        "2011-06": {
            "month": "2011-06",
            "price": "69.16",
            "revenue": 205802
        },
        "2011-07": {
            "month": "2011-07",
            "price": "69.62",
            "revenue": 228429
        },
        "2011-08": {
            "month": "2011-08",
            "price": "53.49",
            "revenue": 216445
        },
        "2011-09": {
            "month": "2011-09",
            "price": "50.12",
            "revenue": 266810
        },
        "2011-10": {
            "month": "2011-10",
            "price": "52.87",
            "revenue": 193983
        },
        "2011-11": {
            "month": "2011-11",
            "price": "54.14",
            "revenue": 167943
        },
        "2011-12": {
            "month": "2011-12",
            "price": "53.14",
            "revenue": 187763
        },
        "2012-01": {
            "month": "2012-01",
            "price": "54.59",
            "revenue": 175425
        },
        "2012-02": {
            "month": "2012-02",
            "price": "60.39",
            "revenue": 120380
        },
        "2012-03": {
            "month": "2012-03",
            "price": "60.29",
            "revenue": 140751
        },
        "2012-04": {
            "month": "2012-04",
            "price": "56.67",
            "revenue": 136873
        },
        "2012-05": {
            "month": "2012-05",
            "price": "53.20",
            "revenue": 131478
        },
        "2012-06": {
            "month": "2012-06",
            "price": "50.08",
            "revenue": 155038
        },
        "2012-07": {
            "month": "2012-07",
            "price": "47.10",
            "revenue": 167120
        },
        "2012-08": {
            "month": "2012-08",
            "price": "40.16",
            "revenue": 225696
        },
        "2012-09": {
            "month": "2012-09",
            "price": "38.86",
            "revenue": 216316
        },
        "2012-10": {
            "month": "2012-10",
            "price": "34.69",
            "revenue": 147908
        },
        "2012-11": {
            "month": "2012-11",
            "price": "30.72",
            "revenue": 126137
        },
        "2012-12": {
            "month": "2012-12",
            "price": "32.56",
            "revenue": 131996
        },
        "2013-01": {
            "month": "2013-01",
            "price": "32.84",
            "revenue": 114518
        },
        "2013-02": {
            "month": "2013-02",
            "price": "34.20",
            "revenue": 120754
        },
        "2013-03": {
            "month": "2013-03",
            "price": "34.24",
            "revenue": 155481
        },
        "2013-04": {
            "month": "2013-04",
            "price": "34.99",
            "revenue": 118356
        },
        "2013-05": {
            "month": "2013-05",
            "price": "33.75",
            "revenue": 136838
        },
        "2013-06": {
            "month": "2013-06",
            "price": "32.36",
            "revenue": 201309
        },
        "2013-07": {
            "month": "2013-07",
            "price": "35.17",
            "revenue": 150435
        },
        "2013-08": {
            "month": "2013-08",
            "price": "33.05",
            "revenue": 222175
        },
        "2013-09": {
            "month": "2013-09",
            "price": "35.39",
            "revenue": 201785
        },
        "2013-10": {
            "month": "2013-10",
            "price": "35.36",
            "revenue": 193872
        },
        "2013-11": {
            "month": "2013-11",
            "price": "35.35",
            "revenue": 174817
        },
        "2013-12": {
            "month": "2013-12",
            "price": "39.31",
            "revenue": 161879
        },
        "2014-01": {
            "month": "2014-01",
            "price": "43.15",
            "revenue": 157552
        },
        "2014-02": {
            "month": "2014-02",
            "price": "42.82",
            "revenue": 161514
        },
        "2014-03": {
            "month": "2014-03",
            "price": "49.58",
            "revenue": 164861
        },
        "2014-04": {
            "month": "2014-04",
            "price": "49.26",
            "revenue": 139731
        },
        "2014-05": {
            "month": "2014-05",
            "price": "45.73",
            "revenue": 126411
        },
        "2014-06": {
            "month": "2014-06",
            "price": "45.23",
            "revenue": 170588
        },
        "2014-07": {
            "month": "2014-07",
            "price": "41.87",
            "revenue": 161709
        },
        "2014-08": {
            "month": "2014-08",
            "price": "41.04",
            "revenue": 268923
        },
        "2014-09": {
            "month": "2014-09",
            "price": "42.67",
            "revenue": 248955
        },
        "2014-10": {
            "month": "2014-10",
            "price": "40.50",
            "revenue": 207276
        },
        "2014-11": {
            "month": "2014-11",
            "price": "40.58",
            "revenue": 157264
        },
        "2014-12": {
            "month": "2014-12",
            "price": "41.80",
            "revenue": 177281
        },
        "2015-01": {
            "month": "2015-01",
            "price": "42.22",
            "revenue": 186811
        },
        "2015-02": {
            "month": "2015-02",
            "price": "43.19",
            "revenue": 145128
        },
        "2015-03": {
            "month": "2015-03",
            "price": "46.22",
            "revenue": 165964
        },
        "2015-04": {
            "month": "2015-04",
            "price": "48.73",
            "revenue": 156221
        },
        "2015-05": {
            "month": "2015-05",
            "price": "49.96",
            "revenue": 140926
        },
        "2015-06": {
            "month": "2015-06",
            "price": "48.84",
            "revenue": 121938
        },
        "2015-07": {
            "month": "2015-07",
            "price": "39.83",
            "revenue": 200257
        },
        "2015-08": {
            "month": "2015-08",
            "price": "36.71",
            "revenue": 249470
        },
        "2015-09": {
            "month": "2015-09",
            "price": "38.98",
            "revenue": 217842
        },
        "2015-10": {
            "month": "2015-10",
            "price": "40.26",
            "revenue": 207610
        },
        "2015-11": {
            "month": "2015-11",
            "price": "41.79",
            "revenue": 146060
        },
        "2015-12": {
            "month": "2015-12",
            "price": "42.85",
            "revenue": 132869
        },
        "2016-01": {
            "month": "2016-01",
            "price": "40.37",
            "revenue": 126396
        },
        "2016-02": {
            "month": "2016-02",
            "price": "39.37",
            "revenue": 148489
        },
        "2016-03": {
            "month": "2016-03",
            "price": "40.32",
            "revenue": 120144
        },
        "2016-04": {
            "month": "2016-04",
            "price": "38.76",
            "revenue": 148859
        },
        "2016-05": {
            "month": "2016-05",
            "price": "37.81",
            "revenue": 120218
        },
        "2016-06": {
            "month": "2016-06",
            "price": "37.04",
            "revenue": 151043
        },
        "2016-07": {
            "month": "2016-07",
            "price": "34.27",
            "revenue": 213859
        },
        "2016-08": {
            "month": "2016-08",
            "price": "34.66",
            "revenue": 247598
        },
        "2016-09": {
            "month": "2016-09",
            "price": "35.19",
            "revenue": 249788
        },
        "2016-10": {
            "month": "2016-10",
            "price": "35.27",
            "revenue": 214317
        },
        "2016-11": {
            "month": "2016-11",
            "price": "35.04",
            "revenue": 165660
        },
        "2016-12": {
            "month": "2016-12",
            "price": "36.73",
            "revenue": 246248
        },
        "2017-01": {
            "month": "2017-01",
            "price": "41.07",
            "revenue": 174559
        },
        "2017-02": {
            "month": "2017-02",
            "price": "43.66",
            "revenue": 213441
        },
        "2017-03": {
            "month": "2017-03",
            "price": "48.51",
            "revenue": 168807
        },
        "2017-04": {
            "month": "2017-04",
            "price": "48.67",
            "revenue": 170995
        },
        "2017-05": {
            "month": "2017-05",
            "price": "49.75",
            "revenue": 182820
        },
        "2017-06": {
            "month": "2017-06",
            "price": "50.36",
            "revenue": 202292
        },
        "2017-07": {
            "month": "2017-07",
            "price": "51.10",
            "revenue": 222631
        },
        "2017-08": {
            "month": "2017-08",
            "price": "58.03",
            "revenue": 265273
        },
        "2017-09": {
            "month": "2017-09",
            "price": "59.08",
            "revenue": 283394
        },
        "2017-10": {
            "month": "2017-10",
            "price": "59.85",
            "revenue": 190139
        },
        "2017-11": {
            "month": "2017-11",
            "price": "55.82",
            "revenue": 245597
        },
        "2017-12": {
            "month": "2017-12",
            "price": "55.64",
            "revenue": 228407
        },
        "2018-01": {
            "month": "2018-01",
            "price": "56.78",
            "revenue": 155307
        },
        "2018-02": {
            "month": "2018-02",
            "price": "55.15",
            "revenue": 149313
        },
        "2018-03": {
            "month": "2018-03",
            "price": "53.42",
            "revenue": 190901
        },
        "2018-04": {
            "month": "2018-04",
            "price": "52.33",
            "revenue": 160214
        },
        "2018-05": {
            "month": "2018-05",
            "price": "47.75",
            "revenue": 181694
        },
        "2018-06": {
            "month": "2018-06",
            "price": "47.38",
            "revenue": 217631
        },
        "2018-07": {
            "month": "2018-07",
            "price": "43.54",
            "revenue": 267339
        },
        "2018-08": {
            "month": "2018-08",
            "price": "43.47",
            "revenue": 284787
        },
        "2018-09": {
            "month": "2018-09",
            "price": "42.82",
            "revenue": 273961
        },
        "2018-10": {
            "month": "2018-10",
            "price": "39.26",
            "revenue": 179087
        },
        "2018-11": {
            "month": "2018-11",
            "price": "36.99",
            "revenue": 192379
        },
        "2018-12": {
            "month": "2018-12",
            "price": "37.53",
            "revenue": 167777
        },
        "2019-01": {
            "month": "2019-01",
            "price": "37.27",
            "revenue": 170579
        },
        "2019-02": {
            "month": "2019-02",
            "price": "39.85",
            "revenue": 215482
        },
        "2019-03": {
            "month": "2019-03",
            "price": "42.16",
            "revenue": 242274
        },
        "2019-04": {
            "month": "2019-04",
            "price": "44.20",
            "revenue": 178746
        },
        "2019-05": {
            "month": "2019-05",
            "price": "42.33",
            "revenue": 203182
        },
        "2019-06": {
            "month": "2019-06",
            "price": "43.16",
            "revenue": 227065
        },
        "2019-07": {
            "month": "2019-07",
            "price": "43.33",
            "revenue": 227234
        },
        "2019-08": {
            "month": "2019-08",
            "price": "42.29",
            "revenue": 321298
        },
        "2019-09": {
            "month": "2019-09",
            "price": "45.91",
            "revenue": 262408
        },
        "2019-10": {
            "month": "2019-10",
            "price": "45.31",
            "revenue": 284157
        },
        "2019-11": {
            "month": "2019-11",
            "price": "46.78",
            "revenue": 292049
        },
        "2019-12": {
            "month": "2019-12",
            "price": "47.43",
            "revenue": 197755
        },
        "2020-01": {
            "month": "2020-01",
            "price": "46.16",
            "revenue": 176837
        },
        "2020-02": {
            "month": "2020-02",
            "price": "44.75",
            "revenue": 196585
        },
        "2020-03": {
            "month": "2020-03",
            "price": "40.38",
            "revenue": 261684
        },
        "2020-04": {
            "month": "2020-04",
            "price": "46.26",
            "revenue": 208003
        },
        "2020-05": {
            "month": "2020-05",
            "price": "48.88",
            "revenue": 211499
        },
        "2020-06": {
            "month": "2020-06",
            "price": "50.34",
            "revenue": 216489
        },
        "2020-07": {
            "month": "2020-07",
            "price": "45.79",
            "revenue": 304220
        },
        "2020-08": {
            "month": "2020-08",
            "price": "45.50",
            "revenue": 349087
        },
        "2020-09": {
            "month": "2020-09",
            "price": "46.48",
            "revenue": 304217
        },
        "2020-10": {
            "month": "2020-10",
            "price": "46.26",
            "revenue": 266258
        },
        "2020-11": {
            "month": "2020-11",
            "price": "47.19",
            "revenue": 264481
        },
        "2020-12": {
            "month": "2020-12",
            "price": "48.99",
            "revenue": 216466
        },
        "2021-01": {
            "month": "2021-01",
            "price": "49.91",
            "revenue": 177164
        },
        "2021-02": {
            "month": "2021-02",
            "price": "50.65",
            "revenue": 185686
        },
        "2021-03": {
            "month": "2021-03",
            "price": "55.48",
            "revenue": 257409
        },
        "2021-04": {
            "month": "2021-04",
            "price": "59.39",
            "revenue": 248885
        },
        "2021-05": {
            "month": "2021-05",
            "price": "56.36",
            "revenue": 349792
        },
        "2021-06": {
            "month": "2021-06",
            "price": "60.82",
            "revenue": 260352
        },
        "2021-07": {
            "month": "2021-07",
            "price": "61.08",
            "revenue": 304107
        },
        "2021-08": {
            "month": "2021-08",
            "price": "60.17",
            "revenue": 267489
        },
        "2021-09": {
            "month": "2021-09",
            "price": "60.08",
            "revenue": 251067
        },
        "2021-10": {
            "month": "2021-10",
            "price": "58.52",
            "revenue": 196815
        },
        "2021-11": {
            "month": "2021-11",
            "price": "60.58",
            "revenue": 167376
        },
        "2021-12": {
            "month": "2021-12",
            "price": "60.64",
            "revenue": 141562
        },
        "2022-01": {
            "month": "2022-01",
            "price": "60.04",
            "revenue": 175328
        },
        "2022-02": {
            "month": "2022-02",
            "price": "61.10",
            "revenue": 184540
        },
        "2022-03": {
            "month": "2022-03",
            "price": "59.55",
            "revenue": 186795
        },
        "2022-04": {
            "month": "2022-04",
            "price": "53.06",
            "revenue": 228296
        },
        "2022-05": {
            "month": "2022-05",
            "price": "49.71",
            "revenue": 239855
        },
        "2022-06": {
            "month": "2022-06",
            "price": "48.55",
            "revenue": 230636
        },
        "2022-07": {
            "month": "2022-07",
            "price": "41.00",
            "revenue": 200011
        },
        "2022-08": {
            "month": "2022-08",
            "price": "43.01",
            "revenue": 308468
        },
        "2022-09": {
            "month": "2022-09",
            "price": "43.45",
            "revenue": 253097
        },
        "2022-10": {
            "month": "2022-10",
            "price": "40.35",
            "revenue": 293725
        },
        "2022-11": {
            "month": "2022-11",
            "price": "43.00",
            "revenue": 237002
        },
        "2022-12": {
            "month": "2022-12",
            "price": "44.29",
            "revenue": 170612
        },
        "2023-01": {
            "month": "2023-01",
            "price": "44.47",
            "revenue": 180029
        },
        "2023-02": {
            "month": "2023-02",
            "price": "45.58",
            "revenue": 254272
        },
        "2023-03": {
            "month": "2023-03",
            "price": "49.97",
            "revenue": 200292
        },
        "2023-04": {
            "month": "2023-04",
            "price": "51.75",
            "revenue": 180587
        },
        "2023-05": {
            "month": "2023-05",
            "price": "52.43",
            "revenue": 237251
        }
    }
}
