{
    "summary": {
        "stock_name": "優群",
        "stock_id": "3217",
        "category": "電子零組件",
        "main_business": "各式連接器製造,設計及買賣業務<br>儲存裝置設備及其週邊裝置製造,設計,維修及零件買賣業務.<br>電腦視覺系統設計製造維修買賣業務.",
        "website_url": "http://www.argosy.com.tw",
        "ceo": "劉興義",
        "pe_ratio": 25,
        "report_year_from": 2001,
        "report_year_to": 2023,
        "age": 23,
        "eps_negative_percentage": 5,
        "eps_growth_avg": {
            "last_all": 7.09,
            "last_2y": -5.7,
            "last_4y": 13.18,
            "last_8y": 21.02,
            "last_12y": 13.84,
            "last_16y": 9.67,
            "last_20y": 7.09,
            "at_2006_last_3y": -3.22,
            "at_2007_last_3y": 6.27,
            "at_2008_last_3y": -18.64,
            "at_2009_last_3y": -13.78,
            "at_2010_last_3y": -8.39,
            "at_2011_last_3y": -58.93,
            "at_2012_last_3y": -26.86,
            "at_2013_last_3y": -16.93,
            "at_2014_last_3y": -2.3,
            "at_2015_last_3y": 3.86,
            "at_2016_last_3y": 29.81,
            "at_2017_last_3y": 33.44,
            "at_2018_last_3y": 30.82,
            "at_2019_last_3y": 49.65,
            "at_2020_last_3y": 33.31,
            "at_2021_last_3y": 26.18,
            "at_2022_last_3y": 19.34,
            "at_2023_last_3y": 4.39,
            "at_2024_last_3y": 4.39,
            "at_2006_last_all": -3.22,
            "at_2007_last_all": 17.43,
            "at_2008_last_all": -2.15,
            "at_2009_last_all": -2.15,
            "at_2010_last_all": -5.44,
            "at_2011_last_all": -11.21,
            "at_2012_last_all": -10.39,
            "at_2013_last_all": -8.06,
            "at_2014_last_all": -4.3,
            "at_2015_last_all": -6.19,
            "at_2016_last_all": 1.98,
            "at_2017_last_all": 3.8,
            "at_2018_last_all": 5.07,
            "at_2019_last_all": 7.77,
            "at_2020_last_all": 9.35,
            "at_2021_last_all": 8.77,
            "at_2022_last_all": 8.07,
            "at_2023_last_all": 7.09,
            "at_2024_last_all": 7.09
        },
        "latest_eps": 7.03,
        "latest_price": 175,
        "latest_roe": 15.89,
        "latest_gross_margin": 49.88,
        "latest_equity": 4234725,
        "latest_revenue": 893901,
        "latest_gross_profit": 445863,
        "latest_net_income": 286594,
        "latest_debt_ratio": 19.24,
        "latest_current_ratio": 311.9,
        "latest_account_receivable_turnover_ratio": 0.85,
        "latest_inventory_turnover_ratio": 1.07,
        "latest_reinvestment_rate": 13.36,
        "latest_research_to_sale_ratio": 5.6
    },
    "eps_dividends": {
        "2001": {
            "cash": 0,
            "stock": 0,
            "eps": 0
        },
        "2002": {
            "cash": 0,
            "stock": 2.5,
            "eps": 1.66
        },
        "2003": {
            "cash": 0.5,
            "stock": 1.5,
            "eps": 2.69
        },
        "2004": {
            "cash": 0.3,
            "stock": 2,
            "eps": 2.68
        },
        "2005": {
            "cash": 1.3,
            "stock": 1,
            "eps": 1.79
        },
        "2006": {
            "cash": 0.5,
            "stock": 0.7,
            "eps": 1.05
        },
        "2007": {
            "cash": 0.8,
            "stock": 0,
            "eps": 2.59
        },
        "2008": {
            "cash": 0.81,
            "stock": 0.41,
            "eps": -3.05
        },
        "2009": {
            "cash": 0,
            "stock": 0,
            "eps": 2.9
        },
        "2010": {
            "cash": 1.49,
            "stock": 1,
            "eps": 2.17
        },
        "2011": {
            "cash": 1.5,
            "stock": 0,
            "eps": 1.05
        },
        "2012": {
            "cash": 0.5,
            "stock": 0.25,
            "eps": 1.01
        },
        "2013": {
            "cash": 0.75,
            "stock": 0,
            "eps": 1.14
        },
        "2014": {
            "cash": 1.2,
            "stock": 0,
            "eps": 1.52
        },
        "2015": {
            "cash": 1.3,
            "stock": 0,
            "eps": 1.11
        },
        "2016": {
            "cash": 1,
            "stock": 0,
            "eps": 2.3
        },
        "2017": {
            "cash": 2,
            "stock": 0,
            "eps": 2.93
        },
        "2018": {
            "cash": 2.55,
            "stock": 0,
            "eps": 3.6
        },
        "2019": {
            "cash": 3,
            "stock": 0,
            "eps": 5.34
        },
        "2020": {
            "cash": 4.3,
            "stock": 0,
            "eps": 7.19
        },
        "2021": {
            "cash": 5.6,
            "stock": 0,
            "eps": 7.11
        },
        "2022": {
            "cash": 5.6,
            "stock": 0,
            "eps": 6.79
        },
        "2023": {
            "cash": 5.4,
            "stock": 0,
            "eps": 6.01
        }
    },
    "dividends": {
        "2002-05-13": {
            "cash": 0,
            "stock": 2.5
        },
        "2003-06-16": {
            "cash": 0.5,
            "stock": 1.5
        },
        "2004-03-19": {
            "cash": 0.3,
            "stock": 2
        },
        "2005-03-15": {
            "cash": 1.3,
            "stock": 1
        },
        "2006-03-16": {
            "cash": 0.5,
            "stock": 0.7
        },
        "2007-03-22": {
            "cash": 0.8,
            "stock": 0
        },
        "2008-03-21": {
            "cash": 0.81,
            "stock": 0.41
        },
        "2010-03-22": {
            "cash": 1.49,
            "stock": 1
        },
        "2011-04-27": {
            "cash": 1.5,
            "stock": 0
        },
        "2012-04-23": {
            "cash": 0.5,
            "stock": 0.25
        },
        "2013-06-10": {
            "cash": 0.75,
            "stock": 0
        },
        "2014-08-20": {
            "cash": 1.2,
            "stock": 0
        },
        "2015-07-29": {
            "cash": 1.3,
            "stock": 0
        },
        "2016-07-27": {
            "cash": 1,
            "stock": 0
        },
        "2017-08-04": {
            "cash": 2,
            "stock": 0
        },
        "2018-08-03": {
            "cash": 2.55,
            "stock": 0
        },
        "2019-08-05": {
            "cash": 3,
            "stock": 0
        },
        "2020-08-05": {
            "cash": 4.3,
            "stock": 0
        },
        "2021-08-27": {
            "cash": 5.6,
            "stock": 0
        },
        "2022-07-21": {
            "cash": 5.6,
            "stock": 0
        },
        "2023-08-10": {
            "cash": 5.4,
            "stock": 0
        }
    },
    "prices": {
        "200101": "無",
        "200102": "無",
        "200103": "無",
        "200104": "無",
        "200105": "無",
        "200106": "無",
        "200107": "無",
        "200108": "無",
        "200109": "無",
        "200110": "無",
        "200111": "無",
        "200112": "無",
        "200201": "無",
        "200202": "無",
        "200203": "無",
        "200204": "無",
        "200205": "無",
        "200206": "無",
        "200207": "無",
        "200208": "無",
        "200209": "無",
        "200210": "無",
        "200211": "無",
        "200212": "無",
        "200301": "無",
        "200302": "無",
        "200303": "無",
        "200304": "無",
        "200305": "無",
        "200306": "無",
        "200307": "無",
        "200308": "無",
        "200309": "無",
        "200310": "25.47",
        "200311": "25.50",
        "200312": "無",
        "200401": "25.20",
        "200402": "29.01",
        "200403": "30.37",
        "200404": "28.80",
        "200405": "28.68",
        "200406": "28.49",
        "200407": "21.57",
        "200408": "20.32",
        "200409": "22.44",
        "200410": "22.02",
        "200411": "21.23",
        "200412": "21.09",
        "200501": "19.86",
        "200502": "22.78",
        "200503": "28.76",
        "200504": "28.30",
        "200505": "24.14",
        "200506": "25.04",
        "200507": "24.54",
        "200508": "20.75",
        "200509": "19.31",
        "200510": "17.84",
        "200511": "17.31",
        "200512": "18.39",
        "200601": "18.53",
        "200602": "16.92",
        "200603": "16.30",
        "200604": "16.45",
        "200605": "15.28",
        "200606": "13.05",
        "200607": "12.10",
        "200608": "11.42",
        "200609": "10.75",
        "200610": "11.30",
        "200611": "14.93",
        "200612": "22.49",
        "200701": "19.01",
        "200702": "18.94",
        "200703": "22.29",
        "200704": "25.77",
        "200705": "26.10",
        "200706": "33.55",
        "200707": "35.68",
        "200708": "35.38",
        "200709": "34.66",
        "200710": "33.72",
        "200711": "27.40",
        "200712": "25.49",
        "200801": "23.58",
        "200802": "22.46",
        "200803": "22.66",
        "200804": "22.52",
        "200805": "20.32",
        "200806": "16.44",
        "200807": "13.86",
        "200808": "14.46",
        "200809": "12.42",
        "200810": "10.44",
        "200811": "10.77",
        "200812": "11.33",
        "200901": "10.95",
        "200902": "10.48",
        "200903": "11.36",
        "200904": "13.54",
        "200905": "17.11",
        "200906": "21.50",
        "200907": "23.22",
        "200908": "23.96",
        "200909": "24.92",
        "200910": "26.12",
        "200911": "25.03",
        "200912": "27.11",
        "201001": "26.44",
        "201002": "24.75",
        "201003": "27.61",
        "201004": "29.08",
        "201005": "27.75",
        "201006": "27.31",
        "201007": "28.06",
        "201008": "23.00",
        "201009": "22.22",
        "201010": "22.75",
        "201011": "20.90",
        "201012": "22.54",
        "201101": "22.04",
        "201102": "21.29",
        "201103": "19.74",
        "201104": "18.98",
        "201105": "19.00",
        "201106": "19.14",
        "201107": "18.56",
        "201108": "13.75",
        "201109": "13.38",
        "201110": "13.20",
        "201111": "12.31",
        "201112": "10.45",
        "201201": "10.36",
        "201202": "12.52",
        "201203": "12.84",
        "201204": "11.13",
        "201205": "10.97",
        "201206": "10.38",
        "201207": "10.41",
        "201208": "9.89",
        "201209": "11.16",
        "201210": "11.57",
        "201211": "11.34",
        "201212": "11.06",
        "201301": "11.34",
        "201302": "11.57",
        "201303": "13.14",
        "201304": "12.64",
        "201305": "12.91",
        "201306": "12.71",
        "201307": "12.29",
        "201308": "12.46",
        "201309": "12.55",
        "201310": "12.55",
        "201311": "12.40",
        "201312": "12.51",
        "201401": "14.25",
        "201402": "15.55",
        "201403": "16.16",
        "201404": "15.98",
        "201405": "15.38",
        "201406": "15.90",
        "201407": "15.62",
        "201408": "15.28",
        "201409": "15.76",
        "201410": "14.99",
        "201411": "15.41",
        "201412": "16.88",
        "201501": "17.74",
        "201502": "16.93",
        "201503": "17.25",
        "201504": "17.09",
        "201505": "16.28",
        "201506": "15.34",
        "201507": "13.89",
        "201508": "11.97",
        "201509": "11.76",
        "201510": "12.64",
        "201511": "12.94",
        "201512": "12.92",
        "201601": "12.58",
        "201602": "13.01",
        "201603": "13.55",
        "201604": "13.73",
        "201605": "13.42",
        "201606": "13.78",
        "201607": "13.69",
        "201608": "14.98",
        "201609": "16.35",
        "201610": "17.92",
        "201611": "19.17",
        "201612": "21.59",
        "201701": "24.39",
        "201702": "27.15",
        "201703": "29.88",
        "201704": "25.76",
        "201705": "25.81",
        "201706": "26.87",
        "201707": "24.93",
        "201708": "26.72",
        "201709": "28.97",
        "201710": "32.29",
        "201711": "32.49",
        "201712": "31.37",
        "201801": "31.53",
        "201802": "34.19",
        "201803": "38.56",
        "201804": "46.93",
        "201805": "42.57",
        "201806": "42.42",
        "201807": "37.76",
        "201808": "35.32",
        "201809": "31.93",
        "201810": "28.50",
        "201811": "29.73",
        "201812": "29.76",
        "201901": "35.46",
        "201902": "40.57",
        "201903": "50.57",
        "201904": "51.51",
        "201905": "49.60",
        "201906": "51.77",
        "201907": "56.49",
        "201908": "54.30",
        "201909": "56.57",
        "201910": "55.86",
        "201911": "65.04",
        "201912": "66.66",
        "202001": "66.43",
        "202002": "62.81",
        "202003": "75.41",
        "202004": "90.09",
        "202005": "95.70",
        "202006": "104.65",
        "202007": "122.61",
        "202008": "118.52",
        "202009": "111.91",
        "202010": "109.45",
        "202011": "107.31",
        "202012": "114.28",
        "202101": "112.90",
        "202102": "129.23",
        "202103": "127.68",
        "202104": "120.24",
        "202105": "99.50",
        "202106": "106.50",
        "202107": "107.32",
        "202108": "99.14",
        "202109": "93.91",
        "202110": "86.96",
        "202111": "97.56",
        "202112": "131.55",
        "202201": "125.08",
        "202202": "117.83",
        "202203": "104.29",
        "202204": "100.23",
        "202205": "91.60",
        "202206": "82.01",
        "202207": "71.75",
        "202208": "72.73",
        "202209": "70.78",
        "202210": "62.32",
        "202211": "77.11",
        "202212": "81.99",
        "202301": "82.02",
        "202302": "91.32",
        "202303": "103.08",
        "202304": "106.97",
        "202305": "104.86",
        "202306": "125.32",
        "202307": "132.71",
        "202308": "124.68",
        "202309": "135.20",
        "202310": "125.88",
        "202311": "150.75",
        "202312": "168.55"
    },
    "quarters": {
        "20011": {
            "year_quarter": 20011,
            "year": 2001,
            "quarter": 1,
            "eps": null,
            "eps_growth_year": null,
            "eps_4q": null,
            "eps_4q_growth_year": null,
            "roe": null,
            "roe_4q": 0,
            "gross_profit": null,
            "gross_margin": null,
            "gross_margin_4q_avg": 0,
            "net_income": null,
            "net_income_4q": null,
            "revenue": null,
            "revenue_4q": null,
            "common_shares": null,
            "book_valuer_per_share": null,
            "book_valuer_per_share_4q_avg": 0,
            "equity": null,
            "current_ratio": null,
            "debt_ratio": null,
            "inventory_turnover_ratio": null,
            "account_receivable_turnover_ratio": null,
            "reinvestment_rate": null,
            "research_to_sale_ratio": null,
            "price_fair": 0,
            "eps_avg_yearly": 0,
            "eps_latest_yearly": 0,
            "eps_growth_yearly": 0
        },
        "20012": {
            "year_quarter": 20012,
            "year": 2001,
            "quarter": 2,
            "eps": null,
            "eps_growth_year": null,
            "eps_4q": null,
            "eps_4q_growth_year": null,
            "roe": null,
            "roe_4q": 0,
            "gross_profit": null,
            "gross_margin": null,
            "gross_margin_4q_avg": 0,
            "net_income": null,
            "net_income_4q": null,
            "revenue": null,
            "revenue_4q": null,
            "common_shares": null,
            "book_valuer_per_share": null,
            "book_valuer_per_share_4q_avg": 0,
            "equity": null,
            "current_ratio": null,
            "debt_ratio": null,
            "inventory_turnover_ratio": null,
            "account_receivable_turnover_ratio": null,
            "reinvestment_rate": null,
            "research_to_sale_ratio": null,
            "price_fair": 0,
            "eps_avg_yearly": 0,
            "eps_latest_yearly": 0,
            "eps_growth_yearly": 0
        },
        "20013": {
            "year_quarter": 20013,
            "year": 2001,
            "quarter": 3,
            "eps": null,
            "eps_growth_year": null,
            "eps_4q": null,
            "eps_4q_growth_year": null,
            "roe": null,
            "roe_4q": 0,
            "gross_profit": null,
            "gross_margin": null,
            "gross_margin_4q_avg": 0,
            "net_income": null,
            "net_income_4q": null,
            "revenue": null,
            "revenue_4q": null,
            "common_shares": null,
            "book_valuer_per_share": null,
            "book_valuer_per_share_4q_avg": 0,
            "equity": null,
            "current_ratio": null,
            "debt_ratio": null,
            "inventory_turnover_ratio": null,
            "account_receivable_turnover_ratio": null,
            "reinvestment_rate": null,
            "research_to_sale_ratio": null,
            "price_fair": 0,
            "eps_avg_yearly": 0,
            "eps_latest_yearly": 0,
            "eps_growth_yearly": 0
        },
        "20014": {
            "year_quarter": 20014,
            "year": 2001,
            "quarter": 4,
            "eps": null,
            "eps_growth_year": null,
            "eps_4q": null,
            "eps_4q_growth_year": null,
            "roe": null,
            "roe_4q": 0,
            "gross_profit": null,
            "gross_margin": null,
            "gross_margin_4q_avg": 0,
            "net_income": null,
            "net_income_4q": null,
            "revenue": null,
            "revenue_4q": null,
            "common_shares": 168000,
            "book_valuer_per_share": 15.15,
            "book_valuer_per_share_4q_avg": 3.79,
            "equity": 254513,
            "current_ratio": 214.95,
            "debt_ratio": 34.94,
            "inventory_turnover_ratio": null,
            "account_receivable_turnover_ratio": null,
            "reinvestment_rate": null,
            "research_to_sale_ratio": null,
            "price_fair": 0,
            "eps_avg_yearly": 0,
            "eps_latest_yearly": 0,
            "eps_growth_yearly": 0
        },
        "20021": {
            "year_quarter": 20021,
            "year": 2002,
            "quarter": 1,
            "eps": null,
            "eps_growth_year": null,
            "eps_4q": null,
            "eps_4q_growth_year": null,
            "roe": null,
            "roe_4q": 0,
            "gross_profit": null,
            "gross_margin": null,
            "gross_margin_4q_avg": 0,
            "net_income": null,
            "net_income_4q": null,
            "revenue": null,
            "revenue_4q": null,
            "common_shares": null,
            "book_valuer_per_share": null,
            "book_valuer_per_share_4q_avg": 3.79,
            "equity": null,
            "current_ratio": null,
            "debt_ratio": null,
            "inventory_turnover_ratio": null,
            "account_receivable_turnover_ratio": null,
            "reinvestment_rate": null,
            "research_to_sale_ratio": null,
            "price_fair": 0,
            "eps_avg_yearly": 0,
            "eps_latest_yearly": 0,
            "eps_growth_yearly": 0
        },
        "20022": {
            "year_quarter": 20022,
            "year": 2002,
            "quarter": 2,
            "eps": null,
            "eps_growth_year": null,
            "eps_4q": null,
            "eps_4q_growth_year": null,
            "roe": null,
            "roe_4q": 0,
            "gross_profit": null,
            "gross_margin": null,
            "gross_margin_4q_avg": 0,
            "net_income": null,
            "net_income_4q": null,
            "revenue": null,
            "revenue_4q": null,
            "common_shares": null,
            "book_valuer_per_share": null,
            "book_valuer_per_share_4q_avg": 3.79,
            "equity": null,
            "current_ratio": null,
            "debt_ratio": null,
            "inventory_turnover_ratio": null,
            "account_receivable_turnover_ratio": null,
            "reinvestment_rate": null,
            "research_to_sale_ratio": null,
            "price_fair": 0,
            "eps_avg_yearly": 0,
            "eps_latest_yearly": 0,
            "eps_growth_yearly": 0
        },
        "20023": {
            "year_quarter": 20023,
            "year": 2002,
            "quarter": 3,
            "eps": 0.72,
            "eps_growth_year": null,
            "eps_4q": null,
            "eps_4q_growth_year": null,
            "roe": 5.1,
            "roe_4q": 5.1,
            "gross_profit": 30501,
            "gross_margin": 10.72,
            "gross_margin_4q_avg": 2.68,
            "net_income": 15427,
            "net_income_4q": null,
            "revenue": 284399,
            "revenue_4q": null,
            "common_shares": 225000,
            "book_valuer_per_share": 13.44,
            "book_valuer_per_share_4q_avg": 7.15,
            "equity": 302304,
            "current_ratio": 153.6,
            "debt_ratio": 38.61,
            "inventory_turnover_ratio": 2.78,
            "account_receivable_turnover_ratio": null,
            "reinvestment_rate": null,
            "research_to_sale_ratio": null,
            "price_fair": 0,
            "eps_avg_yearly": 0,
            "eps_latest_yearly": 0,
            "eps_growth_yearly": 0
        },
        "20024": {
            "year_quarter": 20024,
            "year": 2002,
            "quarter": 4,
            "eps": 0.94,
            "eps_growth_year": null,
            "eps_4q": null,
            "eps_4q_growth_year": null,
            "roe": 6.57,
            "roe_4q": 11.67,
            "gross_profit": 36423,
            "gross_margin": 10.11,
            "gross_margin_4q_avg": 5.21,
            "net_income": 20563,
            "net_income_4q": null,
            "revenue": 360395,
            "revenue_4q": null,
            "common_shares": 225000,
            "book_valuer_per_share": 14.37,
            "book_valuer_per_share_4q_avg": 6.95,
            "equity": 323224,
            "current_ratio": 166.68,
            "debt_ratio": 44.57,
            "inventory_turnover_ratio": 3.63,
            "account_receivable_turnover_ratio": null,
            "reinvestment_rate": null,
            "research_to_sale_ratio": null,
            "price_fair": 131.6,
            "eps_avg_yearly": 3.76,
            "eps_latest_yearly": 3.76,
            "eps_growth_yearly": 122.22
        },
        "20031": {
            "year_quarter": 20031,
            "year": 2003,
            "quarter": 1,
            "eps": 0.76,
            "eps_growth_year": null,
            "eps_4q": null,
            "eps_4q_growth_year": null,
            "roe": 5.13,
            "roe_4q": 16.799999999999997,
            "gross_profit": 39330,
            "gross_margin": 10.49,
            "gross_margin_4q_avg": 7.83,
            "net_income": 17026,
            "net_income_4q": null,
            "revenue": 374807,
            "revenue_4q": null,
            "common_shares": 225000,
            "book_valuer_per_share": 15.16,
            "book_valuer_per_share_4q_avg": 10.74,
            "equity": 341019,
            "current_ratio": 142.68,
            "debt_ratio": 47.48,
            "inventory_turnover_ratio": 3.88,
            "account_receivable_turnover_ratio": null,
            "reinvestment_rate": null,
            "research_to_sale_ratio": null,
            "price_fair": 111.57,
            "eps_avg_yearly": 3.4,
            "eps_latest_yearly": 3.04,
            "eps_growth_yearly": 22.81
        },
        "20032": {
            "year_quarter": 20032,
            "year": 2003,
            "quarter": 2,
            "eps": 0.36,
            "eps_growth_year": null,
            "eps_4q": 2.39,
            "eps_4q_growth_year": null,
            "roe": 2.77,
            "roe_4q": 19.57,
            "gross_profit": 36215,
            "gross_margin": 12.52,
            "gross_margin_4q_avg": 10.96,
            "net_income": 9424,
            "net_income_4q": null,
            "revenue": 289195,
            "revenue_4q": null,
            "common_shares": 225000,
            "book_valuer_per_share": 15.09,
            "book_valuer_per_share_4q_avg": 14.52,
            "equity": 339503,
            "current_ratio": 165.21,
            "debt_ratio": 38.66,
            "inventory_turnover_ratio": 3.63,
            "account_receivable_turnover_ratio": null,
            "reinvestment_rate": null,
            "research_to_sale_ratio": null,
            "price_fair": 8.24,
            "eps_avg_yearly": 2.75,
            "eps_latest_yearly": 1.44,
            "eps_growth_yearly": -54.97
        },
        "20033": {
            "year_quarter": 20033,
            "year": 2003,
            "quarter": 3,
            "eps": 0.6,
            "eps_growth_year": -16.67,
            "eps_4q": 2.38,
            "eps_4q_growth_year": null,
            "roe": 4.55,
            "roe_4q": 19.02,
            "gross_profit": 33355,
            "gross_margin": 9.67,
            "gross_margin_4q_avg": 10.7,
            "net_income": 15815,
            "net_income_4q": null,
            "revenue": 345058,
            "revenue_4q": null,
            "common_shares": 262000,
            "book_valuer_per_share": 13.55,
            "book_valuer_per_share_4q_avg": 14.54,
            "equity": 354930,
            "current_ratio": 183.62,
            "debt_ratio": 36.15,
            "inventory_turnover_ratio": 5.12,
            "account_receivable_turnover_ratio": null,
            "reinvestment_rate": null,
            "research_to_sale_ratio": null,
            "price_fair": 93.1,
            "eps_avg_yearly": 2.66,
            "eps_latest_yearly": 2.4,
            "eps_growth_yearly": 25.44
        },
        "20034": {
            "year_quarter": 20034,
            "year": 2003,
            "quarter": 4,
            "eps": 0.97,
            "eps_growth_year": 3.19,
            "eps_4q": 2.55,
            "eps_4q_growth_year": null,
            "roe": 6.27,
            "roe_4q": 18.72,
            "gross_profit": 59448,
            "gross_margin": 14.66,
            "gross_margin_4q_avg": 11.84,
            "net_income": 25939,
            "net_income_4q": null,
            "revenue": 405424,
            "revenue_4q": null,
            "common_shares": 312000,
            "book_valuer_per_share": 15.15,
            "book_valuer_per_share_4q_avg": 14.74,
            "equity": 472811,
            "current_ratio": 197.21,
            "debt_ratio": 33.34,
            "inventory_turnover_ratio": 3.8,
            "account_receivable_turnover_ratio": null,
            "reinvestment_rate": null,
            "research_to_sale_ratio": null,
            "price_fair": 101.64,
            "eps_avg_yearly": 2.9,
            "eps_latest_yearly": 3.88,
            "eps_growth_yearly": 69.69
        },
        "20041": {
            "year_quarter": 20041,
            "year": 2004,
            "quarter": 1,
            "eps": 0.65,
            "eps_growth_year": -14.47,
            "eps_4q": 2.3,
            "eps_4q_growth_year": null,
            "roe": 4.18,
            "roe_4q": 17.77,
            "gross_profit": 47905,
            "gross_margin": 12.3,
            "gross_margin_4q_avg": 12.29,
            "net_income": 20130,
            "net_income_4q": null,
            "revenue": 389369,
            "revenue_4q": null,
            "common_shares": 312000,
            "book_valuer_per_share": 15.75,
            "book_valuer_per_share_4q_avg": 14.89,
            "equity": 491380,
            "current_ratio": 171.89,
            "debt_ratio": 30.47,
            "inventory_turnover_ratio": 3.07,
            "account_receivable_turnover_ratio": null,
            "reinvestment_rate": null,
            "research_to_sale_ratio": null,
            "price_fair": 99.87,
            "eps_avg_yearly": 2.85,
            "eps_latest_yearly": 2.6,
            "eps_growth_yearly": 36.08
        },
        "20042": {
            "year_quarter": 20042,
            "year": 2004,
            "quarter": 2,
            "eps": 0.37,
            "eps_growth_year": 2.78,
            "eps_4q": 2,
            "eps_4q_growth_year": -16.36,
            "roe": 2.86,
            "roe_4q": 17.86,
            "gross_profit": 42057,
            "gross_margin": 10.74,
            "gross_margin_4q_avg": 11.84,
            "net_income": 14090,
            "net_income_4q": null,
            "revenue": 391486,
            "revenue_4q": null,
            "common_shares": 312000,
            "book_valuer_per_share": 15.83,
            "book_valuer_per_share_4q_avg": 15.07,
            "equity": 493929,
            "current_ratio": 184.16,
            "debt_ratio": 27.8,
            "inventory_turnover_ratio": 3.68,
            "account_receivable_turnover_ratio": null,
            "reinvestment_rate": null,
            "research_to_sale_ratio": null,
            "price_fair": 43.34,
            "eps_avg_yearly": 2.66,
            "eps_latest_yearly": 1.48,
            "eps_growth_yearly": 6.31
        },
        "20043": {
            "year_quarter": 20043,
            "year": 2004,
            "quarter": 3,
            "eps": 0.83,
            "eps_growth_year": 38.33,
            "eps_4q": 2.43,
            "eps_4q_growth_year": 1.82,
            "roe": 6.13,
            "roe_4q": 19.439999999999998,
            "gross_profit": 67341,
            "gross_margin": 11.41,
            "gross_margin_4q_avg": 12.28,
            "net_income": 31267,
            "net_income_4q": null,
            "revenue": 590300,
            "revenue_4q": null,
            "common_shares": 312000,
            "book_valuer_per_share": 16.85,
            "book_valuer_per_share_4q_avg": 15.9,
            "equity": 525812,
            "current_ratio": 144.99,
            "debt_ratio": 43.77,
            "inventory_turnover_ratio": 4.52,
            "account_receivable_turnover_ratio": null,
            "reinvestment_rate": null,
            "research_to_sale_ratio": null,
            "price_fair": 95.9,
            "eps_avg_yearly": 2.74,
            "eps_latest_yearly": 3.32,
            "eps_growth_yearly": 67.68
        },
        "20044": {
            "year_quarter": 20044,
            "year": 2004,
            "quarter": 4,
            "eps": 0.83,
            "eps_growth_year": -14.43,
            "eps_4q": 2.57,
            "eps_4q_growth_year": 0.64,
            "roe": 5.78,
            "roe_4q": 18.95,
            "gross_profit": 75242,
            "gross_margin": 10.21,
            "gross_margin_4q_avg": 11.17,
            "net_income": 31297,
            "net_income_4q": null,
            "revenue": 737206,
            "revenue_4q": null,
            "common_shares": 378000,
            "book_valuer_per_share": 14.74,
            "book_valuer_per_share_4q_avg": 15.79,
            "equity": 557188,
            "current_ratio": 202.74,
            "debt_ratio": 29.65,
            "inventory_turnover_ratio": 5.46,
            "account_receivable_turnover_ratio": null,
            "reinvestment_rate": null,
            "research_to_sale_ratio": null,
            "price_fair": 98.16,
            "eps_avg_yearly": 2.8,
            "eps_latest_yearly": 3.32,
            "eps_growth_yearly": 60.16
        },
        "20051": {
            "year_quarter": 20051,
            "year": 2005,
            "quarter": 1,
            "eps": 0.68,
            "eps_growth_year": 4.62,
            "eps_4q": 2.7,
            "eps_4q_growth_year": 17.36,
            "roe": 4.53,
            "roe_4q": 19.3,
            "gross_profit": 59025,
            "gross_margin": 10.79,
            "gross_margin_4q_avg": 10.79,
            "net_income": 25776,
            "net_income_4q": null,
            "revenue": 546965,
            "revenue_4q": null,
            "common_shares": 378000,
            "book_valuer_per_share": 15.38,
            "book_valuer_per_share_4q_avg": 15.7,
            "equity": 581533,
            "current_ratio": 201.48,
            "debt_ratio": 29.4,
            "inventory_turnover_ratio": 4.28,
            "account_receivable_turnover_ratio": null,
            "reinvestment_rate": null,
            "research_to_sale_ratio": null,
            "price_fair": 97.86,
            "eps_avg_yearly": 2.8,
            "eps_latest_yearly": 2.72,
            "eps_growth_yearly": 46.92
        },
        "20052": {
            "year_quarter": 20052,
            "year": 2005,
            "quarter": 2,
            "eps": 0.42,
            "eps_growth_year": 13.51,
            "eps_4q": 2.75,
            "eps_4q_growth_year": 37.88,
            "roe": 2.83,
            "roe_4q": 19.27,
            "gross_profit": 38681,
            "gross_margin": 10.79,
            "gross_margin_4q_avg": 10.8,
            "net_income": 15918,
            "net_income_4q": null,
            "revenue": 358624,
            "revenue_4q": null,
            "common_shares": 378000,
            "book_valuer_per_share": 14.37,
            "book_valuer_per_share_4q_avg": 15.34,
            "equity": 543356,
            "current_ratio": 198.61,
            "debt_ratio": 29.02,
            "inventory_turnover_ratio": 2.66,
            "account_receivable_turnover_ratio": null,
            "reinvestment_rate": null,
            "research_to_sale_ratio": null,
            "price_fair": 94.31,
            "eps_avg_yearly": 2.69,
            "eps_latest_yearly": 1.68,
            "eps_growth_yearly": 28.75
        },
        "20053": {
            "year_quarter": 20053,
            "year": 2005,
            "quarter": 3,
            "eps": 0.23,
            "eps_growth_year": -72.29,
            "eps_4q": 1.98,
            "eps_4q_growth_year": -18.26,
            "roe": 1.74,
            "roe_4q": 14.880000000000003,
            "gross_profit": 25988,
            "gross_margin": 10.18,
            "gross_margin_4q_avg": 10.49,
            "net_income": 9572,
            "net_income_4q": null,
            "revenue": 255185,
            "revenue_4q": null,
            "common_shares": 420000,
            "book_valuer_per_share": 13.2,
            "book_valuer_per_share_4q_avg": 14.42,
            "equity": 554237,
            "current_ratio": 198.65,
            "debt_ratio": 29.78,
            "inventory_turnover_ratio": 1.59,
            "account_receivable_turnover_ratio": null,
            "reinvestment_rate": null,
            "research_to_sale_ratio": null,
            "price_fair": 54.18,
            "eps_avg_yearly": 2.55,
            "eps_latest_yearly": 0.92,
            "eps_growth_yearly": 11.27
        },
        "20054": {
            "year_quarter": 20054,
            "year": 2005,
            "quarter": 4,
            "eps": 0.46,
            "eps_growth_year": -44.58,
            "eps_4q": 1.68,
            "eps_4q_growth_year": -34.37,
            "roe": 3.42,
            "roe_4q": 12.52,
            "gross_profit": 54500,
            "gross_margin": 8.92,
            "gross_margin_4q_avg": 10.17,
            "net_income": 19260,
            "net_income_4q": null,
            "revenue": 610815,
            "revenue_4q": null,
            "common_shares": 420000,
            "book_valuer_per_share": 13.64,
            "book_valuer_per_share_4q_avg": 14.15,
            "equity": 572742,
            "current_ratio": 167.88,
            "debt_ratio": 40.52,
            "inventory_turnover_ratio": 2.55,
            "account_receivable_turnover_ratio": null,
            "reinvestment_rate": null,
            "research_to_sale_ratio": null,
            "price_fair": 87.23,
            "eps_avg_yearly": 2.49,
            "eps_latest_yearly": 1.84,
            "eps_growth_yearly": 41.18
        },
        "20061": {
            "year_quarter": 20061,
            "year": 2006,
            "quarter": 1,
            "eps": 0.12,
            "eps_growth_year": -82.35,
            "eps_4q": 1.18,
            "eps_4q_growth_year": -56.33,
            "roe": 0.81,
            "roe_4q": 8.8,
            "gross_profit": 29595,
            "gross_margin": 8.63,
            "gross_margin_4q_avg": 9.63,
            "net_income": 5066,
            "net_income_4q": null,
            "revenue": 342796,
            "revenue_4q": null,
            "common_shares": 420000,
            "book_valuer_per_share": 16.02,
            "book_valuer_per_share_4q_avg": 14.31,
            "equity": 672790,
            "current_ratio": 198.34,
            "debt_ratio": 26.12,
            "inventory_turnover_ratio": 1.58,
            "account_receivable_turnover_ratio": null,
            "reinvestment_rate": null,
            "research_to_sale_ratio": null,
            "price_fair": 63.68,
            "eps_avg_yearly": 2.35,
            "eps_latest_yearly": 0.48,
            "eps_growth_yearly": 17.12
        },
        "20062": {
            "year_quarter": 20062,
            "year": 2006,
            "quarter": 2,
            "eps": 0.04,
            "eps_growth_year": -90.48,
            "eps_4q": 0.84,
            "eps_4q_growth_year": -69.41,
            "roe": 0.26,
            "roe_4q": 6.23,
            "gross_profit": 28647,
            "gross_margin": 8.7,
            "gross_margin_4q_avg": 9.11,
            "net_income": 1692,
            "net_income_4q": null,
            "revenue": 329166,
            "revenue_4q": null,
            "common_shares": 420000,
            "book_valuer_per_share": 15.41,
            "book_valuer_per_share_4q_avg": 14.57,
            "equity": 647264,
            "current_ratio": 227.16,
            "debt_ratio": 21.82,
            "inventory_turnover_ratio": 2.66,
            "account_receivable_turnover_ratio": null,
            "reinvestment_rate": 65.23,
            "research_to_sale_ratio": null,
            "price_fair": 6.61,
            "eps_avg_yearly": 2.2,
            "eps_latest_yearly": 0.16,
            "eps_growth_yearly": -1.8
        },
        "20063": {
            "year_quarter": 20063,
            "year": 2006,
            "quarter": 3,
            "eps": 0.22,
            "eps_growth_year": -4.35,
            "eps_4q": 0.79,
            "eps_4q_growth_year": -59.96,
            "roe": 1.53,
            "roe_4q": 6.02,
            "gross_profit": 38772,
            "gross_margin": 10.71,
            "gross_margin_4q_avg": 9.24,
            "net_income": 9967,
            "net_income_4q": null,
            "revenue": 361906,
            "revenue_4q": null,
            "common_shares": 452500,
            "book_valuer_per_share": 14.54,
            "book_valuer_per_share_4q_avg": 14.9,
            "equity": 657746,
            "current_ratio": 221.82,
            "debt_ratio": 23.55,
            "inventory_turnover_ratio": 3.34,
            "account_receivable_turnover_ratio": null,
            "reinvestment_rate": -7.09,
            "research_to_sale_ratio": null,
            "price_fair": 74.2,
            "eps_avg_yearly": 2.12,
            "eps_latest_yearly": 0.88,
            "eps_growth_yearly": 110.81
        },
        "20064": {
            "year_quarter": 20064,
            "year": 2006,
            "quarter": 4,
            "eps": 0.67,
            "eps_growth_year": 45.65,
            "eps_4q": 1.04,
            "eps_4q_growth_year": -38.2,
            "roe": 4.41,
            "roe_4q": 7.01,
            "gross_profit": 58914,
            "gross_margin": 16.06,
            "gross_margin_4q_avg": 11.03,
            "net_income": 30201,
            "net_income_4q": null,
            "revenue": 366748,
            "revenue_4q": null,
            "common_shares": 452500,
            "book_valuer_per_share": 15.57,
            "book_valuer_per_share_4q_avg": 15.39,
            "equity": 711178,
            "current_ratio": 246.05,
            "debt_ratio": 22.31,
            "inventory_turnover_ratio": 2.58,
            "account_receivable_turnover_ratio": null,
            "reinvestment_rate": 2.65,
            "research_to_sale_ratio": null,
            "price_fair": 71.84,
            "eps_avg_yearly": 2.05,
            "eps_latest_yearly": 2.68,
            "eps_growth_yearly": 154.31
        },
        "20071": {
            "year_quarter": 20071,
            "year": 2007,
            "quarter": 1,
            "eps": 0.54,
            "eps_growth_year": 350,
            "eps_4q": 1.46,
            "eps_4q_growth_year": 24.07,
            "roe": 3.38,
            "roe_4q": 9.58,
            "gross_profit": 45475,
            "gross_margin": 12.14,
            "gross_margin_4q_avg": 11.9,
            "net_income": 24464,
            "net_income_4q": null,
            "revenue": 374457,
            "revenue_4q": null,
            "common_shares": 452500,
            "book_valuer_per_share": 16.28,
            "book_valuer_per_share_4q_avg": 15.45,
            "equity": 736786,
            "current_ratio": 208.7,
            "debt_ratio": 26.19,
            "inventory_turnover_ratio": 2.08,
            "account_receivable_turnover_ratio": null,
            "reinvestment_rate": -2.75,
            "research_to_sale_ratio": null,
            "price_fair": 69.91,
            "eps_avg_yearly": 2,
            "eps_latest_yearly": 2.16,
            "eps_growth_yearly": 154.24
        },
        "20072": {
            "year_quarter": 20072,
            "year": 2007,
            "quarter": 2,
            "eps": 0.63,
            "eps_growth_year": 1475,
            "eps_4q": 2.05,
            "eps_4q_growth_year": 144.11,
            "roe": 3.93,
            "roe_4q": 13.25,
            "gross_profit": 48745,
            "gross_margin": 10.53,
            "gross_margin_4q_avg": 12.36,
            "net_income": 28596,
            "net_income_4q": null,
            "revenue": 463039,
            "revenue_4q": null,
            "common_shares": 452500,
            "book_valuer_per_share": 15.92,
            "book_valuer_per_share_4q_avg": 15.58,
            "equity": 720241,
            "current_ratio": 203.82,
            "debt_ratio": 26.5,
            "inventory_turnover_ratio": 2.59,
            "account_receivable_turnover_ratio": null,
            "reinvestment_rate": -2.39,
            "research_to_sale_ratio": null,
            "price_fair": 72.28,
            "eps_avg_yearly": 2.07,
            "eps_latest_yearly": 2.52,
            "eps_growth_yearly": 171.57
        },
        "20073": {
            "year_quarter": 20073,
            "year": 2007,
            "quarter": 3,
            "eps": 0.76,
            "eps_growth_year": 245.45,
            "eps_4q": 2.59,
            "eps_4q_growth_year": 226.32,
            "roe": 4.68,
            "roe_4q": 16.4,
            "gross_profit": 72488,
            "gross_margin": 12.1,
            "gross_margin_4q_avg": 12.71,
            "net_income": 34542,
            "net_income_4q": null,
            "revenue": 599195,
            "revenue_4q": null,
            "common_shares": 452500,
            "book_valuer_per_share": 16.69,
            "book_valuer_per_share_4q_avg": 16.12,
            "equity": 755390,
            "current_ratio": 180.26,
            "debt_ratio": 32.67,
            "inventory_turnover_ratio": 3.47,
            "account_receivable_turnover_ratio": null,
            "reinvestment_rate": -2.29,
            "research_to_sale_ratio": null,
            "price_fair": 73.68,
            "eps_avg_yearly": 2.11,
            "eps_latest_yearly": 3.04,
            "eps_growth_yearly": 160.06
        },
        "20074": {
            "year_quarter": 20074,
            "year": 2007,
            "quarter": 4,
            "eps": 0.66,
            "eps_growth_year": -1.49,
            "eps_4q": 2.32,
            "eps_4q_growth_year": 123.06,
            "roe": 3.32,
            "roe_4q": 15.309999999999999,
            "gross_profit": 86689,
            "gross_margin": 11.87,
            "gross_margin_4q_avg": 11.66,
            "net_income": 34784,
            "net_income_4q": null,
            "revenue": 730385,
            "revenue_4q": null,
            "common_shares": 736740,
            "book_valuer_per_share": 18.12,
            "book_valuer_per_share_4q_avg": 16.75,
            "equity": 1340798,
            "current_ratio": 156.61,
            "debt_ratio": 44.72,
            "inventory_turnover_ratio": 2.79,
            "account_receivable_turnover_ratio": null,
            "reinvestment_rate": 27.7,
            "research_to_sale_ratio": null,
            "price_fair": 70.96,
            "eps_avg_yearly": 2.03,
            "eps_latest_yearly": 2.64,
            "eps_growth_yearly": 141.35
        },
        "20081": {
            "year_quarter": 20081,
            "year": 2008,
            "quarter": 1,
            "eps": 0.16,
            "eps_growth_year": -70.37,
            "eps_4q": 1.55,
            "eps_4q_growth_year": 5.77,
            "roe": 0.85,
            "roe_4q": 12.78,
            "gross_profit": 137880,
            "gross_margin": 12.71,
            "gross_margin_4q_avg": 11.8,
            "net_income": 11313,
            "net_income_4q": null,
            "revenue": 1085170,
            "revenue_4q": null,
            "common_shares": 736740,
            "book_valuer_per_share": 17.94,
            "book_valuer_per_share_4q_avg": 17.17,
            "equity": 1327512,
            "current_ratio": 154.68,
            "debt_ratio": 44.18,
            "inventory_turnover_ratio": 3.1,
            "account_receivable_turnover_ratio": null,
            "reinvestment_rate": 37.81,
            "research_to_sale_ratio": null,
            "price_fair": 66.68,
            "eps_avg_yearly": 1.91,
            "eps_latest_yearly": 0.64,
            "eps_growth_yearly": 130.66
        },
        "20082": {
            "year_quarter": 20082,
            "year": 2008,
            "quarter": 2,
            "eps": 0.51,
            "eps_growth_year": -19.05,
            "eps_4q": 1.62,
            "eps_4q_growth_year": -21.14,
            "roe": 2.86,
            "roe_4q": 11.709999999999999,
            "gross_profit": 116689,
            "gross_margin": 12.97,
            "gross_margin_4q_avg": 12.41,
            "net_income": 37302,
            "net_income_4q": null,
            "revenue": 899828,
            "revenue_4q": null,
            "common_shares": 736740,
            "book_valuer_per_share": 17.33,
            "book_valuer_per_share_4q_avg": 17.52,
            "equity": 1282523,
            "current_ratio": 149.96,
            "debt_ratio": 43.14,
            "inventory_turnover_ratio": 2.76,
            "account_receivable_turnover_ratio": null,
            "reinvestment_rate": 35.68,
            "research_to_sale_ratio": null,
            "price_fair": 67.9,
            "eps_avg_yearly": 1.94,
            "eps_latest_yearly": 2.04,
            "eps_growth_yearly": 196.12
        },
        "20083": {
            "year_quarter": 20083,
            "year": 2008,
            "quarter": 3,
            "eps": 0.65,
            "eps_growth_year": -14.47,
            "eps_4q": 1.74,
            "eps_4q_growth_year": -32.99,
            "roe": 3.91,
            "roe_4q": 10.94,
            "gross_profit": 141928,
            "gross_margin": 14.5,
            "gross_margin_4q_avg": 13.01,
            "net_income": 50389,
            "net_income_4q": null,
            "revenue": 979063,
            "revenue_4q": null,
            "common_shares": 775010,
            "book_valuer_per_share": 16.6,
            "book_valuer_per_share_4q_avg": 17.5,
            "equity": 1291900,
            "current_ratio": 147.57,
            "debt_ratio": 45.75,
            "inventory_turnover_ratio": 2.96,
            "account_receivable_turnover_ratio": null,
            "reinvestment_rate": 35.94,
            "research_to_sale_ratio": null,
            "price_fair": 66.33,
            "eps_avg_yearly": 1.9,
            "eps_latest_yearly": 2.6,
            "eps_growth_yearly": 171.9
        },
        "20084": {
            "year_quarter": 20084,
            "year": 2008,
            "quarter": 4,
            "eps": -4.37,
            "eps_growth_year": -762.12,
            "eps_4q": -3.05,
            "eps_4q_growth_year": -231.44,
            "roe": -29.95,
            "roe_4q": -22.33,
            "gross_profit": 121927,
            "gross_margin": 12.2,
            "gross_margin_4q_avg": 13.1,
            "net_income": -335490,
            "net_income_4q": null,
            "revenue": 999809,
            "revenue_4q": null,
            "common_shares": 755010,
            "book_valuer_per_share": 12.5,
            "book_valuer_per_share_4q_avg": 16.09,
            "equity": 948702,
            "current_ratio": 147.39,
            "debt_ratio": 48.34,
            "inventory_turnover_ratio": 3.31,
            "account_receivable_turnover_ratio": 2.7,
            "reinvestment_rate": 3112.23,
            "research_to_sale_ratio": null,
            "price_fair": 63,
            "eps_avg_yearly": 1.8,
            "eps_latest_yearly": 2.6,
            "eps_growth_yearly": 183.36
        },
        "20091": {
            "year_quarter": 20091,
            "year": 2009,
            "quarter": 1,
            "eps": 0.61,
            "eps_growth_year": 281.25,
            "eps_4q": -2.66,
            "eps_4q_growth_year": -271.62,
            "roe": 4.69,
            "roe_4q": -18.49,
            "gross_profit": 130635,
            "gross_margin": 20.2,
            "gross_margin_4q_avg": 14.97,
            "net_income": 46021,
            "net_income_4q": null,
            "revenue": 646578,
            "revenue_4q": null,
            "common_shares": 755010,
            "book_valuer_per_share": 13.35,
            "book_valuer_per_share_4q_avg": 14.95,
            "equity": 1013212,
            "current_ratio": 170.72,
            "debt_ratio": 39.64,
            "inventory_turnover_ratio": 2.54,
            "account_receivable_turnover_ratio": 1.02,
            "reinvestment_rate": 566.93,
            "research_to_sale_ratio": null,
            "price_fair": 60.7,
            "eps_avg_yearly": 1.73,
            "eps_latest_yearly": 2.6,
            "eps_growth_yearly": 201.62
        },
        "20092": {
            "year_quarter": 20092,
            "year": 2009,
            "quarter": 2,
            "eps": 0.75,
            "eps_growth_year": 47.06,
            "eps_4q": -2.42,
            "eps_4q_growth_year": -249.69,
            "roe": 5.38,
            "roe_4q": -15.969999999999999,
            "gross_profit": 164222,
            "gross_margin": 24.98,
            "gross_margin_4q_avg": 17.97,
            "net_income": 56182,
            "net_income_4q": null,
            "revenue": 657451,
            "revenue_4q": null,
            "common_shares": 755010,
            "book_valuer_per_share": 14.21,
            "book_valuer_per_share_4q_avg": 14.17,
            "equity": 1077118,
            "current_ratio": 165.96,
            "debt_ratio": 38.99,
            "inventory_turnover_ratio": 2.37,
            "account_receivable_turnover_ratio": 1.19,
            "reinvestment_rate": 210.89,
            "research_to_sale_ratio": null,
            "price_fair": 64,
            "eps_avg_yearly": 1.83,
            "eps_latest_yearly": 3,
            "eps_growth_yearly": 219.1
        },
        "20093": {
            "year_quarter": 20093,
            "year": 2009,
            "quarter": 3,
            "eps": 0.74,
            "eps_growth_year": 13.85,
            "eps_4q": -2.34,
            "eps_4q_growth_year": -234.53,
            "roe": 5.01,
            "roe_4q": -14.869999999999997,
            "gross_profit": 144455,
            "gross_margin": 23.2,
            "gross_margin_4q_avg": 20.15,
            "net_income": 55820,
            "net_income_4q": null,
            "revenue": 622552,
            "revenue_4q": null,
            "common_shares": 755010,
            "book_valuer_per_share": 15.19,
            "book_valuer_per_share_4q_avg": 13.81,
            "equity": 1150675,
            "current_ratio": 177.69,
            "debt_ratio": 36.12,
            "inventory_turnover_ratio": 1.9,
            "account_receivable_turnover_ratio": 1.14,
            "reinvestment_rate": 129.78,
            "research_to_sale_ratio": null,
            "price_fair": 69.1,
            "eps_avg_yearly": 1.97,
            "eps_latest_yearly": 2.96,
            "eps_growth_yearly": 231.65
        },
        "20094": {
            "year_quarter": 20094,
            "year": 2009,
            "quarter": 4,
            "eps": 0.8,
            "eps_growth_year": null,
            "eps_4q": 2.9,
            "eps_4q_growth_year": null,
            "roe": 5.11,
            "roe_4q": 20.19,
            "gross_profit": 148398,
            "gross_margin": 20.51,
            "gross_margin_4q_avg": 22.22,
            "net_income": 60476,
            "net_income_4q": null,
            "revenue": 723692,
            "revenue_4q": null,
            "common_shares": 755010,
            "book_valuer_per_share": 16.03,
            "book_valuer_per_share_4q_avg": 14.7,
            "equity": 1214401,
            "current_ratio": 157.78,
            "debt_ratio": 45.79,
            "inventory_turnover_ratio": 1.75,
            "account_receivable_turnover_ratio": 1.99,
            "reinvestment_rate": 271.27,
            "research_to_sale_ratio": null,
            "price_fair": 72.5,
            "eps_avg_yearly": 2.07,
            "eps_latest_yearly": 3.2,
            "eps_growth_yearly": 205.39
        },
        "20101": {
            "year_quarter": 20101,
            "year": 2010,
            "quarter": 1,
            "eps": 0.77,
            "eps_growth_year": 26.23,
            "eps_4q": 3.06,
            "eps_4q_growth_year": null,
            "roe": 4.64,
            "roe_4q": 20.14,
            "gross_profit": 162825,
            "gross_margin": 20.93,
            "gross_margin_4q_avg": 22.41,
            "net_income": 58020,
            "net_income_4q": null,
            "revenue": 778104,
            "revenue_4q": null,
            "common_shares": 755010,
            "book_valuer_per_share": 17.01,
            "book_valuer_per_share_4q_avg": 15.61,
            "equity": 1288033,
            "current_ratio": 211.88,
            "debt_ratio": 45.15,
            "inventory_turnover_ratio": 1.64,
            "account_receivable_turnover_ratio": 1.09,
            "reinvestment_rate": 206.09,
            "research_to_sale_ratio": 2.13,
            "price_fair": 79,
            "eps_avg_yearly": 2.26,
            "eps_latest_yearly": 3.08,
            "eps_growth_yearly": 225.44
        },
        "20102": {
            "year_quarter": 20102,
            "year": 2010,
            "quarter": 2,
            "eps": 0.61,
            "eps_growth_year": -18.24,
            "eps_4q": 2.71,
            "eps_4q_growth_year": null,
            "roe": 4.02,
            "roe_4q": 18.78,
            "gross_profit": 140273,
            "gross_margin": 17.5,
            "gross_margin_4q_avg": 20.54,
            "net_income": 50795,
            "net_income_4q": null,
            "revenue": 801762,
            "revenue_4q": null,
            "common_shares": 756096,
            "book_valuer_per_share": 16.33,
            "book_valuer_per_share_4q_avg": 16.14,
            "equity": 1237965,
            "current_ratio": 200.21,
            "debt_ratio": 46.09,
            "inventory_turnover_ratio": 1.8,
            "account_receivable_turnover_ratio": 1.09,
            "reinvestment_rate": 164.29,
            "research_to_sale_ratio": 3.34,
            "price_fair": 84.7,
            "eps_avg_yearly": 2.42,
            "eps_latest_yearly": 2.44,
            "eps_growth_yearly": 238.55
        },
        "20103": {
            "year_quarter": 20103,
            "year": 2010,
            "quarter": 3,
            "eps": 0.64,
            "eps_growth_year": -14.14,
            "eps_4q": 2.67,
            "eps_4q_growth_year": null,
            "roe": 4.18,
            "roe_4q": 17.95,
            "gross_profit": 150995,
            "gross_margin": 24.4,
            "gross_margin_4q_avg": 20.84,
            "net_income": 53059,
            "net_income_4q": null,
            "revenue": 618934,
            "revenue_4q": null,
            "common_shares": 833507,
            "book_valuer_per_share": 15.58,
            "book_valuer_per_share_4q_avg": 16.24,
            "equity": 1302127,
            "current_ratio": 252.18,
            "debt_ratio": 39.29,
            "inventory_turnover_ratio": 1.41,
            "account_receivable_turnover_ratio": 0.83,
            "reinvestment_rate": 139.29,
            "research_to_sale_ratio": 4.04,
            "price_fair": 88.9,
            "eps_avg_yearly": 2.54,
            "eps_latest_yearly": 2.56,
            "eps_growth_yearly": 111.38
        },
        "20104": {
            "year_quarter": 20104,
            "year": 2010,
            "quarter": 4,
            "eps": 0.15,
            "eps_growth_year": -81.58,
            "eps_4q": 2.09,
            "eps_4q_growth_year": -27.92,
            "roe": 0.94,
            "roe_4q": 13.779999999999998,
            "gross_profit": 148014,
            "gross_margin": 22.6,
            "gross_margin_4q_avg": 21.36,
            "net_income": 12121,
            "net_income_4q": null,
            "revenue": 654839,
            "revenue_4q": null,
            "common_shares": 834256,
            "book_valuer_per_share": 15.3,
            "book_valuer_per_share_4q_avg": 16.06,
            "equity": 1279956,
            "current_ratio": 240.3,
            "debt_ratio": 43.16,
            "inventory_turnover_ratio": 1.83,
            "account_receivable_turnover_ratio": 0.97,
            "reinvestment_rate": 145.4,
            "research_to_sale_ratio": 4.47,
            "price_fair": 83.7,
            "eps_avg_yearly": 2.39,
            "eps_latest_yearly": 0.6,
            "eps_growth_yearly": 31.07
        },
        "20111": {
            "year_quarter": 20111,
            "year": 2011,
            "quarter": 1,
            "eps": 0.45,
            "eps_growth_year": -41.56,
            "eps_4q": 1.85,
            "eps_4q_growth_year": -39.67,
            "roe": 2.89,
            "roe_4q": 12.03,
            "gross_profit": 112339,
            "gross_margin": 20.56,
            "gross_margin_4q_avg": 21.27,
            "net_income": 37640,
            "net_income_4q": null,
            "revenue": 546389,
            "revenue_4q": null,
            "common_shares": 834256,
            "book_valuer_per_share": 15.81,
            "book_valuer_per_share_4q_avg": 15.76,
            "equity": 1322207,
            "current_ratio": 168.28,
            "debt_ratio": 39.83,
            "inventory_turnover_ratio": 1.71,
            "account_receivable_turnover_ratio": 0.89,
            "reinvestment_rate": 259.42,
            "research_to_sale_ratio": 4.11,
            "price_fair": 82.8,
            "eps_avg_yearly": 2.37,
            "eps_latest_yearly": 1.8,
            "eps_growth_yearly": 93.75
        },
        "20112": {
            "year_quarter": 20112,
            "year": 2011,
            "quarter": 2,
            "eps": 0.29,
            "eps_growth_year": -53.03,
            "eps_4q": 1.52,
            "eps_4q_growth_year": -43.89,
            "roe": 1.89,
            "roe_4q": 9.9,
            "gross_profit": 99648,
            "gross_margin": 19.66,
            "gross_margin_4q_avg": 21.81,
            "net_income": 24028,
            "net_income_4q": null,
            "revenue": 506956,
            "revenue_4q": null,
            "common_shares": 834256,
            "book_valuer_per_share": 14.63,
            "book_valuer_per_share_4q_avg": 15.33,
            "equity": 1223458,
            "current_ratio": 154.77,
            "debt_ratio": 45.18,
            "inventory_turnover_ratio": 1.53,
            "account_receivable_turnover_ratio": 0.86,
            "reinvestment_rate": 141.31,
            "research_to_sale_ratio": 3.95,
            "price_fair": 79.4,
            "eps_avg_yearly": 2.27,
            "eps_latest_yearly": 1.16,
            "eps_growth_yearly": 78.83
        },
        "20113": {
            "year_quarter": 20113,
            "year": 2011,
            "quarter": 3,
            "eps": 0.31,
            "eps_growth_year": -51.17,
            "eps_4q": 1.2,
            "eps_4q_growth_year": -55.23,
            "roe": 2.12,
            "roe_4q": 7.84,
            "gross_profit": 92397,
            "gross_margin": 20.37,
            "gross_margin_4q_avg": 20.8,
            "net_income": 25881,
            "net_income_4q": null,
            "revenue": 453509,
            "revenue_4q": null,
            "common_shares": 834256,
            "book_valuer_per_share": 14.6,
            "book_valuer_per_share_4q_avg": 15.09,
            "equity": 1221252,
            "current_ratio": 159.91,
            "debt_ratio": 42.61,
            "inventory_turnover_ratio": 1.3,
            "account_receivable_turnover_ratio": 0.76,
            "reinvestment_rate": 145.59,
            "research_to_sale_ratio": 5.09,
            "price_fair": 74.9,
            "eps_avg_yearly": 2.14,
            "eps_latest_yearly": 1.24,
            "eps_growth_yearly": 74.91
        },
        "20114": {
            "year_quarter": 20114,
            "year": 2011,
            "quarter": 4,
            "eps": 0,
            "eps_growth_year": -98.71,
            "eps_4q": 1.07,
            "eps_4q_growth_year": -48.99,
            "roe": 0.01,
            "roe_4q": 6.91,
            "gross_profit": 65588,
            "gross_margin": 17.62,
            "gross_margin_4q_avg": 19.55,
            "net_income": 156,
            "net_income_4q": null,
            "revenue": 372186,
            "revenue_4q": null,
            "common_shares": 834256,
            "book_valuer_per_share": 14.61,
            "book_valuer_per_share_4q_avg": 14.91,
            "equity": 1203534,
            "current_ratio": 169.63,
            "debt_ratio": 39.99,
            "inventory_turnover_ratio": 1.23,
            "account_receivable_turnover_ratio": 0.61,
            "reinvestment_rate": 130.03,
            "research_to_sale_ratio": 6.19,
            "price_fair": 73.55,
            "eps_avg_yearly": 2.1,
            "eps_latest_yearly": 1.24,
            "eps_growth_yearly": 84.72
        },
        "20121": {
            "year_quarter": 20121,
            "year": 2012,
            "quarter": 1,
            "eps": 0.08,
            "eps_growth_year": -82.22,
            "eps_4q": 0.69,
            "eps_4q_growth_year": -62.48,
            "roe": 0.55,
            "roe_4q": 4.57,
            "gross_profit": 66974,
            "gross_margin": 18.1,
            "gross_margin_4q_avg": 18.94,
            "net_income": 6676,
            "net_income_4q": null,
            "revenue": 370016,
            "revenue_4q": null,
            "common_shares": 821136,
            "book_valuer_per_share": 14.66,
            "book_valuer_per_share_4q_avg": 14.63,
            "equity": 1205679,
            "current_ratio": 168.86,
            "debt_ratio": 36.35,
            "inventory_turnover_ratio": 1.37,
            "account_receivable_turnover_ratio": 0.6,
            "reinvestment_rate": 153.1,
            "research_to_sale_ratio": 5.54,
            "price_fair": 77.82,
            "eps_avg_yearly": 2.22,
            "eps_latest_yearly": 1.24,
            "eps_growth_yearly": 117.03
        },
        "20122": {
            "year_quarter": 20122,
            "year": 2012,
            "quarter": 2,
            "eps": 0.38,
            "eps_growth_year": 32.12,
            "eps_4q": 0.77,
            "eps_4q_growth_year": -49.36,
            "roe": 2.67,
            "roe_4q": 5.35,
            "gross_profit": 93327,
            "gross_margin": 22.32,
            "gross_margin_4q_avg": 19.6,
            "net_income": 32009,
            "net_income_4q": null,
            "revenue": 418062,
            "revenue_4q": null,
            "common_shares": 820066,
            "book_valuer_per_share": 14.46,
            "book_valuer_per_share_4q_avg": 14.58,
            "equity": 1189478,
            "current_ratio": 140.88,
            "debt_ratio": 41.8,
            "inventory_turnover_ratio": 1.33,
            "account_receivable_turnover_ratio": 0.71,
            "reinvestment_rate": 208.59,
            "research_to_sale_ratio": 5.33,
            "price_fair": 76.3,
            "eps_avg_yearly": 2.18,
            "eps_latest_yearly": 1.52,
            "eps_growth_yearly": 169.11
        },
        "20123": {
            "year_quarter": 20123,
            "year": 2012,
            "quarter": 3,
            "eps": 0.35,
            "eps_growth_year": 14.38,
            "eps_4q": 0.82,
            "eps_4q_growth_year": -31.68,
            "roe": 2.47,
            "roe_4q": 5.7,
            "gross_profit": 111696,
            "gross_margin": 20.82,
            "gross_margin_4q_avg": 19.72,
            "net_income": 29843,
            "net_income_4q": null,
            "revenue": 536524,
            "revenue_4q": null,
            "common_shares": 840592,
            "book_valuer_per_share": 14.57,
            "book_valuer_per_share_4q_avg": 14.58,
            "equity": 1228316,
            "current_ratio": 137.98,
            "debt_ratio": 43.28,
            "inventory_turnover_ratio": 1.62,
            "account_receivable_turnover_ratio": 0.89,
            "reinvestment_rate": 235.43,
            "research_to_sale_ratio": 4.82,
            "price_fair": 72.8,
            "eps_avg_yearly": 2.08,
            "eps_latest_yearly": 1.4,
            "eps_growth_yearly": 157.33
        },
        "20124": {
            "year_quarter": 20124,
            "year": 2012,
            "quarter": 4,
            "eps": 0.2,
            "eps_growth_year": 10510.32,
            "eps_4q": 1.02,
            "eps_4q_growth_year": -4.75,
            "roe": 1.27,
            "roe_4q": 6.96,
            "gross_profit": 97505,
            "gross_margin": 15.69,
            "gross_margin_4q_avg": 19.23,
            "net_income": 15682,
            "net_income_4q": null,
            "revenue": 621375,
            "revenue_4q": null,
            "common_shares": 840592,
            "book_valuer_per_share": 14.71,
            "book_valuer_per_share_4q_avg": 14.6,
            "equity": 1238951,
            "current_ratio": 147.2,
            "debt_ratio": 45.68,
            "inventory_turnover_ratio": 1.85,
            "account_receivable_turnover_ratio": 0.94,
            "reinvestment_rate": 87.99,
            "research_to_sale_ratio": 4.57,
            "price_fair": 69.35,
            "eps_avg_yearly": 1.98,
            "eps_latest_yearly": 0.8,
            "eps_growth_yearly": 132.04
        },
        "20131": {
            "year_quarter": 20131,
            "year": 2013,
            "quarter": 1,
            "eps": 0.25,
            "eps_growth_year": 212.5,
            "eps_4q": 1.19,
            "eps_4q_growth_year": 71.17,
            "roe": 1.66,
            "roe_4q": 8.07,
            "gross_profit": 81842,
            "gross_margin": 18.07,
            "gross_margin_4q_avg": 19.23,
            "net_income": 20935,
            "net_income_4q": null,
            "revenue": 452887,
            "revenue_4q": null,
            "common_shares": 840592,
            "book_valuer_per_share": 15.21,
            "book_valuer_per_share_4q_avg": 14.74,
            "equity": 1280490,
            "current_ratio": 158.44,
            "debt_ratio": 38.76,
            "inventory_turnover_ratio": 1.3,
            "account_receivable_turnover_ratio": 0.74,
            "reinvestment_rate": 102.49,
            "research_to_sale_ratio": 5.75,
            "price_fair": 66.9,
            "eps_avg_yearly": 1.91,
            "eps_latest_yearly": 1,
            "eps_growth_yearly": 129.75
        },
        "20132": {
            "year_quarter": 20132,
            "year": 2013,
            "quarter": 2,
            "eps": 0.37,
            "eps_growth_year": -2.76,
            "eps_4q": 1.17,
            "eps_4q_growth_year": 52.46,
            "roe": 2.44,
            "roe_4q": 7.84,
            "gross_profit": 98727,
            "gross_margin": 25.45,
            "gross_margin_4q_avg": 20.01,
            "net_income": 31051,
            "net_income_4q": null,
            "revenue": 387896,
            "revenue_4q": null,
            "common_shares": 840592,
            "book_valuer_per_share": 14.96,
            "book_valuer_per_share_4q_avg": 14.86,
            "equity": 1259946,
            "current_ratio": 155.54,
            "debt_ratio": 37.06,
            "inventory_turnover_ratio": 1.1,
            "account_receivable_turnover_ratio": 0.74,
            "reinvestment_rate": 106.2,
            "research_to_sale_ratio": 7.8,
            "price_fair": 63.1,
            "eps_avg_yearly": 1.8,
            "eps_latest_yearly": 1.48,
            "eps_growth_yearly": 136.91
        },
        "20133": {
            "year_quarter": 20133,
            "year": 2013,
            "quarter": 3,
            "eps": 0.3,
            "eps_growth_year": -15.46,
            "eps_4q": 1.12,
            "eps_4q_growth_year": 36.79,
            "roe": 1.95,
            "roe_4q": 7.32,
            "gross_profit": 103771,
            "gross_margin": 27.7,
            "gross_margin_4q_avg": 21.73,
            "net_income": 25074,
            "net_income_4q": null,
            "revenue": 374684,
            "revenue_4q": null,
            "common_shares": 840592,
            "book_valuer_per_share": 15.6,
            "book_valuer_per_share_4q_avg": 15.12,
            "equity": 1313160,
            "current_ratio": 172.72,
            "debt_ratio": 32.45,
            "inventory_turnover_ratio": 1.1,
            "account_receivable_turnover_ratio": 0.73,
            "reinvestment_rate": 111.84,
            "research_to_sale_ratio": 9.51,
            "price_fair": 58.7,
            "eps_avg_yearly": 1.68,
            "eps_latest_yearly": 1.2,
            "eps_growth_yearly": 131.89
        },
        "20134": {
            "year_quarter": 20134,
            "year": 2013,
            "quarter": 4,
            "eps": 0.22,
            "eps_growth_year": 11.31,
            "eps_4q": 1.14,
            "eps_4q_growth_year": 12.17,
            "roe": 1.4,
            "roe_4q": 7.449999999999999,
            "gross_profit": 89898,
            "gross_margin": 30.29,
            "gross_margin_4q_avg": 25.38,
            "net_income": 18863,
            "net_income_4q": null,
            "revenue": 296789,
            "revenue_4q": null,
            "common_shares": 840592,
            "book_valuer_per_share": 16.32,
            "book_valuer_per_share_4q_avg": 15.52,
            "equity": 1373666,
            "current_ratio": 161.02,
            "debt_ratio": 34.64,
            "inventory_turnover_ratio": 0.84,
            "account_receivable_turnover_ratio": 0.61,
            "reinvestment_rate": 67.86,
            "research_to_sale_ratio": 11.42,
            "price_fair": 52.9,
            "eps_avg_yearly": 1.51,
            "eps_latest_yearly": 0.88,
            "eps_growth_yearly": 121.95
        },
        "20141": {
            "year_quarter": 20141,
            "year": 2014,
            "quarter": 1,
            "eps": 0.19,
            "eps_growth_year": -24,
            "eps_4q": 1.09,
            "eps_4q_growth_year": -8.43,
            "roe": 1.17,
            "roe_4q": 6.959999999999999,
            "gross_profit": 82072,
            "gross_margin": 29.03,
            "gross_margin_4q_avg": 28.12,
            "net_income": 16300,
            "net_income_4q": null,
            "revenue": 282756,
            "revenue_4q": null,
            "common_shares": 840592,
            "book_valuer_per_share": 16.84,
            "book_valuer_per_share_4q_avg": 15.93,
            "equity": 1417918,
            "current_ratio": 183.74,
            "debt_ratio": 29.41,
            "inventory_turnover_ratio": 0.84,
            "account_receivable_turnover_ratio": 0.67,
            "reinvestment_rate": 74.75,
            "research_to_sale_ratio": 11.08,
            "price_fair": 47.1,
            "eps_avg_yearly": 1.35,
            "eps_latest_yearly": 0.76,
            "eps_growth_yearly": 119.13
        },
        "20142": {
            "year_quarter": 20142,
            "year": 2014,
            "quarter": 2,
            "eps": 0.41,
            "eps_growth_year": 10.81,
            "eps_4q": 1.13,
            "eps_4q_growth_year": -3.86,
            "roe": 2.5,
            "roe_4q": 7.0200000000000005,
            "gross_profit": 105531,
            "gross_margin": 31.88,
            "gross_margin_4q_avg": 29.73,
            "net_income": 34713,
            "net_income_4q": null,
            "revenue": 331029,
            "revenue_4q": null,
            "common_shares": 840592,
            "book_valuer_per_share": 16.12,
            "book_valuer_per_share_4q_avg": 16.22,
            "equity": 1356626,
            "current_ratio": 156.07,
            "debt_ratio": 34.17,
            "inventory_turnover_ratio": 1.11,
            "account_receivable_turnover_ratio": 0.82,
            "reinvestment_rate": 79.29,
            "research_to_sale_ratio": 8.37,
            "price_fair": 45.1,
            "eps_avg_yearly": 1.29,
            "eps_latest_yearly": 1.64,
            "eps_growth_yearly": 158.15
        },
        "20143": {
            "year_quarter": 20143,
            "year": 2014,
            "quarter": 3,
            "eps": 0.53,
            "eps_growth_year": 76.67,
            "eps_4q": 1.36,
            "eps_4q_growth_year": 21.36,
            "roe": 3.24,
            "roe_4q": 8.31,
            "gross_profit": 116467,
            "gross_margin": 33.43,
            "gross_margin_4q_avg": 31.16,
            "net_income": 44214,
            "net_income_4q": null,
            "revenue": 348356,
            "revenue_4q": null,
            "common_shares": 840592,
            "book_valuer_per_share": 16.28,
            "book_valuer_per_share_4q_avg": 16.39,
            "equity": 1370277,
            "current_ratio": 172.5,
            "debt_ratio": 30.68,
            "inventory_turnover_ratio": 1.18,
            "account_receivable_turnover_ratio": 0.8,
            "reinvestment_rate": 73.96,
            "research_to_sale_ratio": 6.94,
            "price_fair": 44,
            "eps_avg_yearly": 1.26,
            "eps_latest_yearly": 2.12,
            "eps_growth_yearly": 165.1
        },
        "20144": {
            "year_quarter": 20144,
            "year": 2014,
            "quarter": 4,
            "eps": 0.39,
            "eps_growth_year": 74.94,
            "eps_4q": 1.53,
            "eps_4q_growth_year": 33.67,
            "roe": 2.35,
            "roe_4q": 9.26,
            "gross_profit": 111410,
            "gross_margin": 34.55,
            "gross_margin_4q_avg": 32.22,
            "net_income": 32998,
            "net_income_4q": null,
            "revenue": 322441,
            "revenue_4q": null,
            "common_shares": 840592,
            "book_valuer_per_share": 17.04,
            "book_valuer_per_share_4q_avg": 16.57,
            "equity": 1434329,
            "current_ratio": 203.54,
            "debt_ratio": 24.36,
            "inventory_turnover_ratio": 1.07,
            "account_receivable_turnover_ratio": 0.72,
            "reinvestment_rate": 74.03,
            "research_to_sale_ratio": 8.43,
            "price_fair": 46.4,
            "eps_avg_yearly": 1.33,
            "eps_latest_yearly": 1.56,
            "eps_growth_yearly": 179.43
        },
        "20151": {
            "year_quarter": 20151,
            "year": 2015,
            "quarter": 1,
            "eps": 0.2,
            "eps_growth_year": 5.26,
            "eps_4q": 1.53,
            "eps_4q_growth_year": 41.2,
            "roe": 1.17,
            "roe_4q": 9.26,
            "gross_profit": 93875,
            "gross_margin": 32.56,
            "gross_margin_4q_avg": 33.11,
            "net_income": 16975,
            "net_income_4q": null,
            "revenue": 288292,
            "revenue_4q": null,
            "common_shares": 840592,
            "book_valuer_per_share": 17.4,
            "book_valuer_per_share_4q_avg": 16.71,
            "equity": 1464884,
            "current_ratio": 213.88,
            "debt_ratio": 23.41,
            "inventory_turnover_ratio": 1.04,
            "account_receivable_turnover_ratio": 0.69,
            "reinvestment_rate": -7.54,
            "research_to_sale_ratio": 10.19,
            "price_fair": 43.9,
            "eps_avg_yearly": 1.25,
            "eps_latest_yearly": 0.8,
            "eps_growth_yearly": 108.37
        },
        "20152": {
            "year_quarter": 20152,
            "year": 2015,
            "quarter": 2,
            "eps": 0.14,
            "eps_growth_year": -65.85,
            "eps_4q": 1.26,
            "eps_4q_growth_year": 11.34,
            "roe": 0.81,
            "roe_4q": 7.57,
            "gross_profit": 70668,
            "gross_margin": 26.13,
            "gross_margin_4q_avg": 31.67,
            "net_income": 11535,
            "net_income_4q": null,
            "revenue": 270475,
            "revenue_4q": null,
            "common_shares": 840592,
            "book_valuer_per_share": 16.42,
            "book_valuer_per_share_4q_avg": 16.79,
            "equity": 1382019,
            "current_ratio": 177.3,
            "debt_ratio": 28.6,
            "inventory_turnover_ratio": 1.05,
            "account_receivable_turnover_ratio": 0.71,
            "reinvestment_rate": 85.42,
            "research_to_sale_ratio": 11.11,
            "price_fair": 42.4,
            "eps_avg_yearly": 1.21,
            "eps_latest_yearly": 0.56,
            "eps_growth_yearly": 109.96
        },
        "20153": {
            "year_quarter": 20153,
            "year": 2015,
            "quarter": 3,
            "eps": 0.6,
            "eps_growth_year": 13.21,
            "eps_4q": 1.36,
            "eps_4q_growth_year": 0.26,
            "roe": 3.6,
            "roe_4q": 7.93,
            "gross_profit": 107386,
            "gross_margin": 29.63,
            "gross_margin_4q_avg": 30.72,
            "net_income": 50220,
            "net_income_4q": null,
            "revenue": 362413,
            "revenue_4q": null,
            "common_shares": 840592,
            "book_valuer_per_share": 17.14,
            "book_valuer_per_share_4q_avg": 17,
            "equity": 1409466,
            "current_ratio": 230.93,
            "debt_ratio": 20.53,
            "inventory_turnover_ratio": 1.46,
            "account_receivable_turnover_ratio": 0.86,
            "reinvestment_rate": 78.62,
            "research_to_sale_ratio": 9.36,
            "price_fair": 45.3,
            "eps_avg_yearly": 1.29,
            "eps_latest_yearly": 2.4,
            "eps_growth_yearly": 201.86
        },
        "20154": {
            "year_quarter": 20154,
            "year": 2015,
            "quarter": 4,
            "eps": 0.17,
            "eps_growth_year": -56.44,
            "eps_4q": 1.13,
            "eps_4q_growth_year": -25.93,
            "roe": 0.99,
            "roe_4q": 6.57,
            "gross_profit": 102056,
            "gross_margin": 31.13,
            "gross_margin_4q_avg": 29.86,
            "net_income": 14039,
            "net_income_4q": null,
            "revenue": 327799,
            "revenue_4q": null,
            "common_shares": 821042,
            "book_valuer_per_share": 17.41,
            "book_valuer_per_share_4q_avg": 17.09,
            "equity": 1431920,
            "current_ratio": 199.24,
            "debt_ratio": 25.44,
            "inventory_turnover_ratio": 1.31,
            "account_receivable_turnover_ratio": 0.71,
            "reinvestment_rate": 69.87,
            "research_to_sale_ratio": 12.42,
            "price_fair": 43.87,
            "eps_avg_yearly": 1.25,
            "eps_latest_yearly": 0.68,
            "eps_growth_yearly": 169.29
        },
        "20161": {
            "year_quarter": 20161,
            "year": 2016,
            "quarter": 1,
            "eps": 0.2,
            "eps_growth_year": 0,
            "eps_4q": 1.12,
            "eps_4q_growth_year": -26.88,
            "roe": 1.13,
            "roe_4q": 6.530000000000001,
            "gross_profit": 102162,
            "gross_margin": 33.07,
            "gross_margin_4q_avg": 29.99,
            "net_income": 16263,
            "net_income_4q": null,
            "revenue": 308949,
            "revenue_4q": null,
            "common_shares": 821042,
            "book_valuer_per_share": 17.7,
            "book_valuer_per_share_4q_avg": 17.17,
            "equity": 1454926,
            "current_ratio": 239.92,
            "debt_ratio": 19.94,
            "inventory_turnover_ratio": 1.09,
            "account_receivable_turnover_ratio": 0.74,
            "reinvestment_rate": 60.32,
            "research_to_sale_ratio": 10.57,
            "price_fair": 42.88,
            "eps_avg_yearly": 1.23,
            "eps_latest_yearly": 0.8,
            "eps_growth_yearly": 163.13
        },
        "20162": {
            "year_quarter": 20162,
            "year": 2016,
            "quarter": 2,
            "eps": 0.35,
            "eps_growth_year": 150,
            "eps_4q": 1.33,
            "eps_4q_growth_year": 6.03,
            "roe": 2.02,
            "roe_4q": 7.74,
            "gross_profit": 107424,
            "gross_margin": 32.43,
            "gross_margin_4q_avg": 31.57,
            "net_income": 28969,
            "net_income_4q": null,
            "revenue": 331273,
            "revenue_4q": null,
            "common_shares": 821042,
            "book_valuer_per_share": 17.19,
            "book_valuer_per_share_4q_avg": 17.36,
            "equity": 1413308,
            "current_ratio": 196.83,
            "debt_ratio": 24.62,
            "inventory_turnover_ratio": 1.24,
            "account_receivable_turnover_ratio": 0.82,
            "reinvestment_rate": 30.58,
            "research_to_sale_ratio": 10.01,
            "price_fair": 42.61,
            "eps_avg_yearly": 1.22,
            "eps_latest_yearly": 1.4,
            "eps_growth_yearly": 88.13
        },
        "20163": {
            "year_quarter": 20163,
            "year": 2016,
            "quarter": 3,
            "eps": 1,
            "eps_growth_year": 66.67,
            "eps_4q": 1.72,
            "eps_4q_growth_year": 26.67,
            "roe": 5.67,
            "roe_4q": 9.81,
            "gross_profit": 169484,
            "gross_margin": 38.69,
            "gross_margin_4q_avg": 33.83,
            "net_income": 82253,
            "net_income_4q": null,
            "revenue": 438088,
            "revenue_4q": null,
            "common_shares": 821042,
            "book_valuer_per_share": 18.07,
            "book_valuer_per_share_4q_avg": 17.59,
            "equity": 1485685,
            "current_ratio": 213.46,
            "debt_ratio": 24.21,
            "inventory_turnover_ratio": 1.57,
            "account_receivable_turnover_ratio": 0.92,
            "reinvestment_rate": 21.44,
            "research_to_sale_ratio": 7.36,
            "price_fair": 48.3,
            "eps_avg_yearly": 1.38,
            "eps_latest_yearly": 4,
            "eps_growth_yearly": 136.53
        },
        "20164": {
            "year_quarter": 20164,
            "year": 2016,
            "quarter": 4,
            "eps": 0.75,
            "eps_growth_year": 340.32,
            "eps_4q": 2.31,
            "eps_4q_growth_year": 104.06,
            "roe": 4.1,
            "roe_4q": 12.919999999999998,
            "gross_profit": 160367,
            "gross_margin": 41.53,
            "gross_margin_4q_avg": 36.43,
            "net_income": 61816,
            "net_income_4q": null,
            "revenue": 386111,
            "revenue_4q": null,
            "common_shares": 821042,
            "book_valuer_per_share": 18.6,
            "book_valuer_per_share_4q_avg": 17.89,
            "equity": 1529147,
            "current_ratio": 215.64,
            "debt_ratio": 25.55,
            "inventory_turnover_ratio": 1.17,
            "account_receivable_turnover_ratio": 0.71,
            "reinvestment_rate": 18.28,
            "research_to_sale_ratio": 9.48,
            "price_fair": 53.11,
            "eps_avg_yearly": 1.52,
            "eps_latest_yearly": 3,
            "eps_growth_yearly": 140.99
        },
        "20171": {
            "year_quarter": 20171,
            "year": 2017,
            "quarter": 1,
            "eps": 0.28,
            "eps_growth_year": 40,
            "eps_4q": 2.39,
            "eps_4q_growth_year": 112.87,
            "roe": 1.49,
            "roe_4q": 13.28,
            "gross_profit": 122866,
            "gross_margin": 37.75,
            "gross_margin_4q_avg": 37.6,
            "net_income": 22920,
            "net_income_4q": null,
            "revenue": 325433,
            "revenue_4q": null,
            "common_shares": 821042,
            "book_valuer_per_share": 18.77,
            "book_valuer_per_share_4q_avg": 18.16,
            "equity": 1543034,
            "current_ratio": 263.4,
            "debt_ratio": 20.11,
            "inventory_turnover_ratio": 1.01,
            "account_receivable_turnover_ratio": 0.67,
            "reinvestment_rate": 4.56,
            "research_to_sale_ratio": 8.42,
            "price_fair": 53.38,
            "eps_avg_yearly": 1.53,
            "eps_latest_yearly": 1.12,
            "eps_growth_yearly": 119.08
        },
        "20172": {
            "year_quarter": 20172,
            "year": 2017,
            "quarter": 2,
            "eps": 0.67,
            "eps_growth_year": 91.43,
            "eps_4q": 2.7,
            "eps_4q_growth_year": 102.69,
            "roe": 3.69,
            "roe_4q": 14.95,
            "gross_profit": 142169,
            "gross_margin": 39.36,
            "gross_margin_4q_avg": 39.33,
            "net_income": 54936,
            "net_income_4q": null,
            "revenue": 361247,
            "revenue_4q": null,
            "common_shares": 821042,
            "book_valuer_per_share": 17.45,
            "book_valuer_per_share_4q_avg": 18.22,
            "equity": 1434515,
            "current_ratio": 192.24,
            "debt_ratio": 28.54,
            "inventory_turnover_ratio": 1.22,
            "account_receivable_turnover_ratio": 0.82,
            "reinvestment_rate": 3.66,
            "research_to_sale_ratio": 8.13,
            "price_fair": 56,
            "eps_avg_yearly": 1.6,
            "eps_latest_yearly": 2.68,
            "eps_growth_yearly": 141.9
        },
        "20173": {
            "year_quarter": 20173,
            "year": 2017,
            "quarter": 3,
            "eps": 1.28,
            "eps_growth_year": 28,
            "eps_4q": 2.99,
            "eps_4q_growth_year": 73.29,
            "roe": 6.99,
            "roe_4q": 16.27,
            "gross_profit": 208863,
            "gross_margin": 43.98,
            "gross_margin_4q_avg": 40.66,
            "net_income": 105578,
            "net_income_4q": null,
            "revenue": 474947,
            "revenue_4q": null,
            "common_shares": 821042,
            "book_valuer_per_share": 19.32,
            "book_valuer_per_share_4q_avg": 18.54,
            "equity": 1587917,
            "current_ratio": 218.01,
            "debt_ratio": 26.12,
            "inventory_turnover_ratio": 1.45,
            "account_receivable_turnover_ratio": 0.92,
            "reinvestment_rate": 9.32,
            "research_to_sale_ratio": 6.46,
            "price_fair": 64.58,
            "eps_avg_yearly": 1.85,
            "eps_latest_yearly": 5.12,
            "eps_growth_yearly": 169.39
        },
        "20174": {
            "year_quarter": 20174,
            "year": 2017,
            "quarter": 4,
            "eps": 0.7,
            "eps_growth_year": -7.32,
            "eps_4q": 2.93,
            "eps_4q_growth_year": 27.17,
            "roe": 3.52,
            "roe_4q": 15.69,
            "gross_profit": 163434,
            "gross_margin": 40.73,
            "gross_margin_4q_avg": 40.46,
            "net_income": 57292,
            "net_income_4q": null,
            "revenue": 401249,
            "revenue_4q": null,
            "common_shares": 821042,
            "book_valuer_per_share": 20.33,
            "book_valuer_per_share_4q_avg": 18.97,
            "equity": 1670939,
            "current_ratio": 209.82,
            "debt_ratio": 26.39,
            "inventory_turnover_ratio": 1.13,
            "account_receivable_turnover_ratio": 0.72,
            "reinvestment_rate": 15.23,
            "research_to_sale_ratio": 7.73,
            "price_fair": 68.78,
            "eps_avg_yearly": 1.97,
            "eps_latest_yearly": 2.8,
            "eps_growth_yearly": 164.73
        },
        "20181": {
            "year_quarter": 20181,
            "year": 2018,
            "quarter": 1,
            "eps": 0.56,
            "eps_growth_year": 100,
            "eps_4q": 3.21,
            "eps_4q_growth_year": 34.41,
            "roe": 2.7,
            "roe_4q": 16.900000000000002,
            "gross_profit": 146617,
            "gross_margin": 38.02,
            "gross_margin_4q_avg": 40.52,
            "net_income": 45589,
            "net_income_4q": null,
            "revenue": 385593,
            "revenue_4q": null,
            "common_shares": 821042,
            "book_valuer_per_share": 20.83,
            "book_valuer_per_share_4q_avg": 19.48,
            "equity": 1711993,
            "current_ratio": 247.66,
            "debt_ratio": 22.06,
            "inventory_turnover_ratio": 1.05,
            "account_receivable_turnover_ratio": 0.75,
            "reinvestment_rate": -50.06,
            "research_to_sale_ratio": 6.94,
            "price_fair": 72.01,
            "eps_avg_yearly": 2.06,
            "eps_latest_yearly": 2.24,
            "eps_growth_yearly": 163.14
        },
        "20182": {
            "year_quarter": 20182,
            "year": 2018,
            "quarter": 2,
            "eps": 0.95,
            "eps_growth_year": 41.79,
            "eps_4q": 3.49,
            "eps_4q_growth_year": 29.24,
            "roe": 4.74,
            "roe_4q": 17.950000000000003,
            "gross_profit": 166165,
            "gross_margin": 38.88,
            "gross_margin_4q_avg": 40.4,
            "net_income": 78347,
            "net_income_4q": null,
            "revenue": 427397,
            "revenue_4q": null,
            "common_shares": 821042,
            "book_valuer_per_share": 19.4,
            "book_valuer_per_share_4q_avg": 19.97,
            "equity": 1594813,
            "current_ratio": 177.81,
            "debt_ratio": 32.1,
            "inventory_turnover_ratio": 1.1,
            "account_receivable_turnover_ratio": 0.79,
            "reinvestment_rate": -47.4,
            "research_to_sale_ratio": 7.73,
            "price_fair": 76.74,
            "eps_avg_yearly": 2.19,
            "eps_latest_yearly": 3.8,
            "eps_growth_yearly": 151.6
        },
        "20183": {
            "year_quarter": 20183,
            "year": 2018,
            "quarter": 3,
            "eps": 1.28,
            "eps_growth_year": 0,
            "eps_4q": 3.49,
            "eps_4q_growth_year": 16.83,
            "roe": 6.45,
            "roe_4q": 17.41,
            "gross_profit": 204415,
            "gross_margin": 39.75,
            "gross_margin_4q_avg": 39.35,
            "net_income": 105307,
            "net_income_4q": null,
            "revenue": 514221,
            "revenue_4q": null,
            "common_shares": 821042,
            "book_valuer_per_share": 20.34,
            "book_valuer_per_share_4q_avg": 20.23,
            "equity": 1671499,
            "current_ratio": 218.27,
            "debt_ratio": 26.45,
            "inventory_turnover_ratio": 1.24,
            "account_receivable_turnover_ratio": 0.78,
            "reinvestment_rate": -42.07,
            "research_to_sale_ratio": 6.93,
            "price_fair": 83.3,
            "eps_avg_yearly": 2.38,
            "eps_latest_yearly": 5.12,
            "eps_growth_yearly": 152.97
        },
        "20184": {
            "year_quarter": 20184,
            "year": 2018,
            "quarter": 4,
            "eps": 0.81,
            "eps_growth_year": 15.9,
            "eps_4q": 3.6,
            "eps_4q_growth_year": 22.81,
            "roe": 3.89,
            "roe_4q": 17.78,
            "gross_profit": 185418,
            "gross_margin": 41.15,
            "gross_margin_4q_avg": 39.45,
            "net_income": 66401,
            "net_income_4q": null,
            "revenue": 450588,
            "revenue_4q": null,
            "common_shares": 821042,
            "book_valuer_per_share": 21.16,
            "book_valuer_per_share_4q_avg": 20.43,
            "equity": 1739077,
            "current_ratio": 224.52,
            "debt_ratio": 26.87,
            "inventory_turnover_ratio": 0.98,
            "account_receivable_turnover_ratio": 0.65,
            "reinvestment_rate": -45.03,
            "research_to_sale_ratio": 8.23,
            "price_fair": 86.98,
            "eps_avg_yearly": 2.49,
            "eps_latest_yearly": 3.24,
            "eps_growth_yearly": 150.39
        },
        "20191": {
            "year_quarter": 20191,
            "year": 2019,
            "quarter": 1,
            "eps": 0.66,
            "eps_growth_year": 17.86,
            "eps_4q": 3.71,
            "eps_4q_growth_year": 15.51,
            "roe": 2.99,
            "roe_4q": 18.07,
            "gross_profit": 157696,
            "gross_margin": 37.94,
            "gross_margin_4q_avg": 39.43,
            "net_income": 54205,
            "net_income_4q": null,
            "revenue": 415676,
            "revenue_4q": null,
            "common_shares": 821042,
            "book_valuer_per_share": 22.98,
            "book_valuer_per_share_4q_avg": 20.97,
            "equity": 1888406,
            "current_ratio": 261.32,
            "debt_ratio": 22.88,
            "inventory_turnover_ratio": 0.9,
            "account_receivable_turnover_ratio": 0.65,
            "reinvestment_rate": -43.22,
            "research_to_sale_ratio": 7.06,
            "price_fair": 91,
            "eps_avg_yearly": 2.6,
            "eps_latest_yearly": 2.64,
            "eps_growth_yearly": 157.94
        },
        "20192": {
            "year_quarter": 20192,
            "year": 2019,
            "quarter": 2,
            "eps": 1.12,
            "eps_growth_year": 17.89,
            "eps_4q": 3.87,
            "eps_4q_growth_year": 10.83,
            "roe": 5.03,
            "roe_4q": 18.36,
            "gross_profit": 206072,
            "gross_margin": 40.49,
            "gross_margin_4q_avg": 39.83,
            "net_income": 91953,
            "net_income_4q": null,
            "revenue": 508886,
            "revenue_4q": null,
            "common_shares": 821042,
            "book_valuer_per_share": 21.49,
            "book_valuer_per_share_4q_avg": 21.49,
            "equity": 1765903,
            "current_ratio": 183.15,
            "debt_ratio": 33.1,
            "inventory_turnover_ratio": 1.13,
            "account_receivable_turnover_ratio": 0.8,
            "reinvestment_rate": -39.31,
            "research_to_sale_ratio": 7.07,
            "price_fair": 99.58,
            "eps_avg_yearly": 2.85,
            "eps_latest_yearly": 4.48,
            "eps_growth_yearly": 182.86
        },
        "20193": {
            "year_quarter": 20193,
            "year": 2019,
            "quarter": 3,
            "eps": 1.93,
            "eps_growth_year": 50.78,
            "eps_4q": 4.52,
            "eps_4q_growth_year": 29.47,
            "roe": 8.56,
            "roe_4q": 20.47,
            "gross_profit": 297484,
            "gross_margin": 45.51,
            "gross_margin_4q_avg": 41.27,
            "net_income": 158404,
            "net_income_4q": null,
            "revenue": 653670,
            "revenue_4q": null,
            "common_shares": 821042,
            "book_valuer_per_share": 23.56,
            "book_valuer_per_share_4q_avg": 22.3,
            "equity": 1936522,
            "current_ratio": 226.33,
            "debt_ratio": 26.52,
            "inventory_turnover_ratio": 1.38,
            "account_receivable_turnover_ratio": 0.85,
            "reinvestment_rate": -34.19,
            "research_to_sale_ratio": 6.01,
            "price_fair": 111.21,
            "eps_avg_yearly": 3.18,
            "eps_latest_yearly": 7.72,
            "eps_growth_yearly": 118.8
        },
        "20194": {
            "year_quarter": 20194,
            "year": 2019,
            "quarter": 4,
            "eps": 1.63,
            "eps_growth_year": 101.9,
            "eps_4q": 5.34,
            "eps_4q_growth_year": 48.36,
            "roe": 6.66,
            "roe_4q": 23.240000000000002,
            "gross_profit": 310482,
            "gross_margin": 50.54,
            "gross_margin_4q_avg": 43.62,
            "net_income": 133405,
            "net_income_4q": null,
            "revenue": 614345,
            "revenue_4q": null,
            "common_shares": 821042,
            "book_valuer_per_share": 25.18,
            "book_valuer_per_share_4q_avg": 23.3,
            "equity": 2068832,
            "current_ratio": 227.87,
            "debt_ratio": 27.81,
            "inventory_turnover_ratio": 1.11,
            "account_receivable_turnover_ratio": 0.73,
            "reinvestment_rate": -33.47,
            "research_to_sale_ratio": 6.18,
            "price_fair": 123.99,
            "eps_avg_yearly": 3.54,
            "eps_latest_yearly": 6.52,
            "eps_growth_yearly": 132.83
        },
        "20201": {
            "year_quarter": 20201,
            "year": 2020,
            "quarter": 1,
            "eps": 1.42,
            "eps_growth_year": 115.15,
            "eps_4q": 6.1,
            "eps_4q_growth_year": 64.65,
            "roe": 5.5,
            "roe_4q": 25.75,
            "gross_profit": 224362,
            "gross_margin": 47.39,
            "gross_margin_4q_avg": 45.98,
            "net_income": 116540,
            "net_income_4q": null,
            "revenue": 473441,
            "revenue_4q": null,
            "common_shares": 821042,
            "book_valuer_per_share": 26.38,
            "book_valuer_per_share_4q_avg": 24.15,
            "equity": 2167000,
            "current_ratio": 256.39,
            "debt_ratio": 25.56,
            "inventory_turnover_ratio": 0.87,
            "account_receivable_turnover_ratio": 0.59,
            "reinvestment_rate": -33.14,
            "research_to_sale_ratio": 6.39,
            "price_fair": 134.66,
            "eps_avg_yearly": 3.85,
            "eps_latest_yearly": 5.68,
            "eps_growth_yearly": 125.2
        },
        "20202": {
            "year_quarter": 20202,
            "year": 2020,
            "quarter": 2,
            "eps": 1.96,
            "eps_growth_year": 75,
            "eps_4q": 6.94,
            "eps_4q_growth_year": 79.29,
            "roe": 7.62,
            "roe_4q": 28.340000000000003,
            "gross_profit": 322782,
            "gross_margin": 46.02,
            "gross_margin_4q_avg": 47.37,
            "net_income": 160902,
            "net_income_4q": null,
            "revenue": 701343,
            "revenue_4q": null,
            "common_shares": 821042,
            "book_valuer_per_share": 25.06,
            "book_valuer_per_share_4q_avg": 25.05,
            "equity": 2058707,
            "current_ratio": 169.58,
            "debt_ratio": 38.77,
            "inventory_turnover_ratio": 1.27,
            "account_receivable_turnover_ratio": 0.78,
            "reinvestment_rate": -28.19,
            "research_to_sale_ratio": 5.22,
            "price_fair": 148.75,
            "eps_avg_yearly": 4.25,
            "eps_latest_yearly": 7.84,
            "eps_growth_yearly": 115.96
        },
        "20203": {
            "year_quarter": 20203,
            "year": 2020,
            "quarter": 3,
            "eps": 1.95,
            "eps_growth_year": 1.04,
            "eps_4q": 6.41,
            "eps_4q_growth_year": 41.92,
            "roe": 6.41,
            "roe_4q": 26.19,
            "gross_profit": 351530,
            "gross_margin": 49.5,
            "gross_margin_4q_avg": 48.36,
            "net_income": 166257,
            "net_income_4q": null,
            "revenue": 710130,
            "revenue_4q": null,
            "common_shares": 901042,
            "book_valuer_per_share": 34.67,
            "book_valuer_per_share_4q_avg": 27.82,
            "equity": 3124917,
            "current_ratio": 302.8,
            "debt_ratio": 23.19,
            "inventory_turnover_ratio": 1.04,
            "account_receivable_turnover_ratio": 0.72,
            "reinvestment_rate": -24.23,
            "research_to_sale_ratio": 5.85,
            "price_fair": 157.06,
            "eps_avg_yearly": 4.49,
            "eps_latest_yearly": 7.8,
            "eps_growth_yearly": 69.4
        },
        "20204": {
            "year_quarter": 20204,
            "year": 2020,
            "quarter": 4,
            "eps": 1.86,
            "eps_growth_year": 14.19,
            "eps_4q": 6.79,
            "eps_4q_growth_year": 27.08,
            "roe": 5.09,
            "roe_4q": 24.62,
            "gross_profit": 349458,
            "gross_margin": 48.98,
            "gross_margin_4q_avg": 47.97,
            "net_income": 168010,
            "net_income_4q": null,
            "revenue": 713484,
            "revenue_4q": null,
            "common_shares": 901042,
            "book_valuer_per_share": 38.6,
            "book_valuer_per_share_4q_avg": 31.18,
            "equity": 3479101,
            "current_ratio": 331.42,
            "debt_ratio": 20.84,
            "inventory_turnover_ratio": 0.9,
            "account_receivable_turnover_ratio": 0.8,
            "reinvestment_rate": -19.69,
            "research_to_sale_ratio": 6.56,
            "price_fair": 166.78,
            "eps_avg_yearly": 4.77,
            "eps_latest_yearly": 7.44,
            "eps_growth_yearly": 74.5
        },
        "20211": {
            "year_quarter": 20211,
            "year": 2021,
            "quarter": 1,
            "eps": 1.55,
            "eps_growth_year": 9.15,
            "eps_4q": 7.04,
            "eps_4q_growth_year": 15.4,
            "roe": 3.83,
            "roe_4q": 22.95,
            "gross_profit": 273148,
            "gross_margin": 40.33,
            "gross_margin_4q_avg": 46.21,
            "net_income": 139262,
            "net_income_4q": null,
            "revenue": 677254,
            "revenue_4q": null,
            "common_shares": 901042,
            "book_valuer_per_share": 42.16,
            "book_valuer_per_share_4q_avg": 35.12,
            "equity": 3799556,
            "current_ratio": 328.34,
            "debt_ratio": 20.08,
            "inventory_turnover_ratio": 0.9,
            "account_receivable_turnover_ratio": 0.81,
            "reinvestment_rate": -14.06,
            "research_to_sale_ratio": 6.09,
            "price_fair": 177.89,
            "eps_avg_yearly": 5.08,
            "eps_latest_yearly": 6.2,
            "eps_growth_yearly": 86
        },
        "20212": {
            "year_quarter": 20212,
            "year": 2021,
            "quarter": 2,
            "eps": 1.47,
            "eps_growth_year": -25,
            "eps_4q": 6.72,
            "eps_4q_growth_year": -3.12,
            "roe": 3.61,
            "roe_4q": 18.939999999999998,
            "gross_profit": 295555,
            "gross_margin": 42.27,
            "gross_margin_4q_avg": 45.27,
            "net_income": 131217,
            "net_income_4q": null,
            "revenue": 699246,
            "revenue_4q": null,
            "common_shares": 901042,
            "book_valuer_per_share": 38.59,
            "book_valuer_per_share_4q_avg": 38.51,
            "equity": 3476960,
            "current_ratio": 230.5,
            "debt_ratio": 27.63,
            "inventory_turnover_ratio": 0.84,
            "account_receivable_turnover_ratio": 0.82,
            "reinvestment_rate": -12.4,
            "research_to_sale_ratio": 6.23,
            "price_fair": 184.89,
            "eps_avg_yearly": 5.28,
            "eps_latest_yearly": 5.88,
            "eps_growth_yearly": 49.89
        },
        "20213": {
            "year_quarter": 20213,
            "year": 2021,
            "quarter": 3,
            "eps": 2.35,
            "eps_growth_year": 20.51,
            "eps_4q": 7.23,
            "eps_4q_growth_year": 12.7,
            "roe": 6.04,
            "roe_4q": 18.57,
            "gross_profit": 367217,
            "gross_margin": 43.45,
            "gross_margin_4q_avg": 43.76,
            "net_income": 211503,
            "net_income_4q": null,
            "revenue": 845070,
            "revenue_4q": null,
            "common_shares": 901042,
            "book_valuer_per_share": 39.19,
            "book_valuer_per_share_4q_avg": 39.64,
            "equity": 3531269,
            "current_ratio": 295.87,
            "debt_ratio": 21.06,
            "inventory_turnover_ratio": 0.98,
            "account_receivable_turnover_ratio": 0.89,
            "reinvestment_rate": -10.34,
            "research_to_sale_ratio": 5.51,
            "price_fair": 194.25,
            "eps_avg_yearly": 5.55,
            "eps_latest_yearly": 9.4,
            "eps_growth_yearly": 42.09
        },
        "20214": {
            "year_quarter": 20214,
            "year": 2021,
            "quarter": 4,
            "eps": 1.74,
            "eps_growth_year": -6.51,
            "eps_4q": 7.11,
            "eps_4q_growth_year": 4.66,
            "roe": 4.23,
            "roe_4q": 17.71,
            "gross_profit": 334440,
            "gross_margin": 42.07,
            "gross_margin_4q_avg": 42.03,
            "net_income": 157073,
            "net_income_4q": null,
            "revenue": 794907,
            "revenue_4q": null,
            "common_shares": 901042,
            "book_valuer_per_share": 43.3,
            "book_valuer_per_share_4q_avg": 40.81,
            "equity": 3901166,
            "current_ratio": 294.17,
            "debt_ratio": 20.78,
            "inventory_turnover_ratio": 0.93,
            "account_receivable_turnover_ratio": 0.76,
            "reinvestment_rate": -12.27,
            "research_to_sale_ratio": 5.68,
            "price_fair": 203.35,
            "eps_avg_yearly": 5.81,
            "eps_latest_yearly": 6.96,
            "eps_growth_yearly": 46.93
        },
        "20221": {
            "year_quarter": 20221,
            "year": 2022,
            "quarter": 1,
            "eps": 1.8,
            "eps_growth_year": 16.13,
            "eps_4q": 7.36,
            "eps_4q_growth_year": 4.46,
            "roe": 4.1,
            "roe_4q": 17.98,
            "gross_profit": 295844,
            "gross_margin": 40.17,
            "gross_margin_4q_avg": 41.99,
            "net_income": 161768,
            "net_income_4q": null,
            "revenue": 736556,
            "revenue_4q": null,
            "common_shares": 901042,
            "book_valuer_per_share": 44.32,
            "book_valuer_per_share_4q_avg": 41.35,
            "equity": 3993705,
            "current_ratio": 310.86,
            "debt_ratio": 20.58,
            "inventory_turnover_ratio": 0.83,
            "account_receivable_turnover_ratio": 0.73,
            "reinvestment_rate": 10.69,
            "research_to_sale_ratio": 6.33,
            "price_fair": 214.2,
            "eps_avg_yearly": 6.12,
            "eps_latest_yearly": 7.2,
            "eps_growth_yearly": 52.79
        },
        "20222": {
            "year_quarter": 20222,
            "year": 2022,
            "quarter": 2,
            "eps": 1.74,
            "eps_growth_year": 18.37,
            "eps_4q": 7.63,
            "eps_4q_growth_year": 13.52,
            "roe": 4.16,
            "roe_4q": 18.53,
            "gross_profit": 239668,
            "gross_margin": 37.39,
            "gross_margin_4q_avg": 40.77,
            "net_income": 157492,
            "net_income_4q": null,
            "revenue": 641070,
            "revenue_4q": null,
            "common_shares": 901042,
            "book_valuer_per_share": 39.7,
            "book_valuer_per_share_4q_avg": 41.63,
            "equity": 3577089,
            "current_ratio": 216.84,
            "debt_ratio": 28.52,
            "inventory_turnover_ratio": 0.71,
            "account_receivable_turnover_ratio": 0.68,
            "reinvestment_rate": 10.81,
            "research_to_sale_ratio": 6.91,
            "price_fair": 221.11,
            "eps_avg_yearly": 6.32,
            "eps_latest_yearly": 6.96,
            "eps_growth_yearly": 34.55
        },
        "20223": {
            "year_quarter": 20223,
            "year": 2022,
            "quarter": 3,
            "eps": 2.2,
            "eps_growth_year": -6.38,
            "eps_4q": 7.56,
            "eps_4q_growth_year": 4.64,
            "roe": 5.4,
            "roe_4q": 17.89,
            "gross_profit": 243772,
            "gross_margin": 40.01,
            "gross_margin_4q_avg": 39.91,
            "net_income": 197457,
            "net_income_4q": null,
            "revenue": 609214,
            "revenue_4q": null,
            "common_shares": 901042,
            "book_valuer_per_share": 41.96,
            "book_valuer_per_share_4q_avg": 42.32,
            "equity": 3738998,
            "current_ratio": 315.72,
            "debt_ratio": 18.96,
            "inventory_turnover_ratio": 0.68,
            "account_receivable_turnover_ratio": 0.66,
            "reinvestment_rate": 11.26,
            "research_to_sale_ratio": 7.48,
            "price_fair": 229.16,
            "eps_avg_yearly": 6.55,
            "eps_latest_yearly": 8.8,
            "eps_growth_yearly": 32.47
        },
        "20224": {
            "year_quarter": 20224,
            "year": 2022,
            "quarter": 4,
            "eps": 1.05,
            "eps_growth_year": -39.62,
            "eps_4q": 6.84,
            "eps_4q_growth_year": -3.71,
            "roe": 2.47,
            "roe_4q": 16.130000000000003,
            "gross_profit": 245670,
            "gross_margin": 39.53,
            "gross_margin_4q_avg": 39.28,
            "net_income": 93954,
            "net_income_4q": null,
            "revenue": 621538,
            "revenue_4q": null,
            "common_shares": 901042,
            "book_valuer_per_share": 43.32,
            "book_valuer_per_share_4q_avg": 42.33,
            "equity": 3866821,
            "current_ratio": 306.77,
            "debt_ratio": 19.77,
            "inventory_turnover_ratio": 0.8,
            "account_receivable_turnover_ratio": 0.69,
            "reinvestment_rate": 11.42,
            "research_to_sale_ratio": 7.63,
            "price_fair": 231.26,
            "eps_avg_yearly": 6.61,
            "eps_latest_yearly": 4.2,
            "eps_growth_yearly": 28.58
        },
        "20231": {
            "year_quarter": 20231,
            "year": 2023,
            "quarter": 1,
            "eps": 1.07,
            "eps_growth_year": -40.56,
            "eps_4q": 6.04,
            "eps_4q_growth_year": -17.83,
            "roe": 2.33,
            "roe_4q": 14.360000000000001,
            "gross_profit": 249165,
            "gross_margin": 42.24,
            "gross_margin_4q_avg": 39.79,
            "net_income": 95678,
            "net_income_4q": null,
            "revenue": 589901,
            "revenue_4q": null,
            "common_shares": 901042,
            "book_valuer_per_share": 48.08,
            "book_valuer_per_share_4q_avg": 43.27,
            "equity": 4332291,
            "current_ratio": 367.82,
            "debt_ratio": 16.22,
            "inventory_turnover_ratio": 0.8,
            "account_receivable_turnover_ratio": 0.72,
            "reinvestment_rate": 10.64,
            "research_to_sale_ratio": 7.7,
            "price_fair": 234.85,
            "eps_avg_yearly": 6.71,
            "eps_latest_yearly": 4.28,
            "eps_growth_yearly": 33.69
        },
        "20232": {
            "year_quarter": 20232,
            "year": 2023,
            "quarter": 2,
            "eps": 1.75,
            "eps_growth_year": 0.57,
            "eps_4q": 6.04,
            "eps_4q_growth_year": -20.86,
            "roe": 3.74,
            "roe_4q": 13.940000000000001,
            "gross_profit": 297895,
            "gross_margin": 41.5,
            "gross_margin_4q_avg": 40.82,
            "net_income": 157271,
            "net_income_4q": null,
            "revenue": 717841,
            "revenue_4q": null,
            "common_shares": 901042,
            "book_valuer_per_share": 45.24,
            "book_valuer_per_share_4q_avg": 44.65,
            "equity": 4076323,
            "current_ratio": 230.32,
            "debt_ratio": 24.79,
            "inventory_turnover_ratio": 1.02,
            "account_receivable_turnover_ratio": 0.84,
            "reinvestment_rate": 12.45,
            "research_to_sale_ratio": 6.29,
            "price_fair": 240.36,
            "eps_avg_yearly": 6.87,
            "eps_latest_yearly": 7,
            "eps_growth_yearly": 32.15
        },
        "20233": {
            "year_quarter": 20233,
            "year": 2023,
            "quarter": 3,
            "eps": 3.19,
            "eps_growth_year": 45,
            "eps_4q": 7.03,
            "eps_4q_growth_year": -7.02,
            "roe": 6.9,
            "roe_4q": 15.440000000000001,
            "gross_profit": 445863,
            "gross_margin": 49.88,
            "gross_margin_4q_avg": 43.29,
            "net_income": 286594,
            "net_income_4q": null,
            "revenue": 893901,
            "revenue_4q": null,
            "common_shares": 901042,
            "book_valuer_per_share": 47,
            "book_valuer_per_share_4q_avg": 45.91,
            "equity": 4234725,
            "current_ratio": 311.9,
            "debt_ratio": 19.24,
            "inventory_turnover_ratio": 1.07,
            "account_receivable_turnover_ratio": 0.85,
            "reinvestment_rate": 13.36,
            "research_to_sale_ratio": 5.6,
            "price_fair": 251.39,
            "eps_avg_yearly": 7.18,
            "eps_latest_yearly": 12.76,
            "eps_growth_yearly": 34.64
        }
    },
    "months": {
        "2003-10": {
            "month": "2003-10",
            "price": "25.47",
            "revenue": 126714
        },
        "2003-11": {
            "month": "2003-11",
            "price": "25.50",
            "revenue": 133927
        },
        "2004-01": {
            "month": "2004-01",
            "price": "25.20",
            "revenue": 107847
        },
        "2004-02": {
            "month": "2004-02",
            "price": "29.01",
            "revenue": 139919
        },
        "2004-03": {
            "month": "2004-03",
            "price": "30.37",
            "revenue": 141603
        },
        "2004-04": {
            "month": "2004-04",
            "price": "28.80",
            "revenue": 164448
        },
        "2004-05": {
            "month": "2004-05",
            "price": "28.68",
            "revenue": 126949
        },
        "2004-06": {
            "month": "2004-06",
            "price": "28.49",
            "revenue": 100089
        },
        "2004-07": {
            "month": "2004-07",
            "price": "21.57",
            "revenue": 159186
        },
        "2004-08": {
            "month": "2004-08",
            "price": "20.32",
            "revenue": 172848
        },
        "2004-09": {
            "month": "2004-09",
            "price": "22.44",
            "revenue": 258266
        },
        "2004-10": {
            "month": "2004-10",
            "price": "22.02",
            "revenue": 285508
        },
        "2004-11": {
            "month": "2004-11",
            "price": "21.23",
            "revenue": 288485
        },
        "2004-12": {
            "month": "2004-12",
            "price": "21.09",
            "revenue": 163212
        },
        "2005-01": {
            "month": "2005-01",
            "price": "19.86",
            "revenue": 197097
        },
        "2005-02": {
            "month": "2005-02",
            "price": "22.78",
            "revenue": 178393
        },
        "2005-03": {
            "month": "2005-03",
            "price": "28.76",
            "revenue": 171475
        },
        "2005-04": {
            "month": "2005-04",
            "price": "28.30",
            "revenue": 122547
        },
        "2005-05": {
            "month": "2005-05",
            "price": "24.14",
            "revenue": 132475
        },
        "2005-06": {
            "month": "2005-06",
            "price": "25.04",
            "revenue": 103602
        },
        "2005-07": {
            "month": "2005-07",
            "price": "24.54",
            "revenue": 82046
        },
        "2005-08": {
            "month": "2005-08",
            "price": "20.75",
            "revenue": 76756
        },
        "2005-09": {
            "month": "2005-09",
            "price": "19.31",
            "revenue": 96383
        },
        "2005-10": {
            "month": "2005-10",
            "price": "17.84",
            "revenue": 201471
        },
        "2005-11": {
            "month": "2005-11",
            "price": "17.31",
            "revenue": 239020
        },
        "2005-12": {
            "month": "2005-12",
            "price": "18.39",
            "revenue": 170324
        },
        "2006-01": {
            "month": "2006-01",
            "price": "18.53",
            "revenue": 114586
        },
        "2006-02": {
            "month": "2006-02",
            "price": "16.92",
            "revenue": 106304
        },
        "2006-03": {
            "month": "2006-03",
            "price": "16.30",
            "revenue": 121906
        },
        "2006-04": {
            "month": "2006-04",
            "price": "16.45",
            "revenue": 135908
        },
        "2006-05": {
            "month": "2006-05",
            "price": "15.28",
            "revenue": 124377
        },
        "2006-06": {
            "month": "2006-06",
            "price": "13.05",
            "revenue": 68881
        },
        "2006-07": {
            "month": "2006-07",
            "price": "12.10",
            "revenue": 119779
        },
        "2006-08": {
            "month": "2006-08",
            "price": "11.42",
            "revenue": 108351
        },
        "2006-09": {
            "month": "2006-09",
            "price": "10.75",
            "revenue": 133776
        },
        "2006-10": {
            "month": "2006-10",
            "price": "11.30",
            "revenue": 131340
        },
        "2006-11": {
            "month": "2006-11",
            "price": "14.93",
            "revenue": 132318
        },
        "2006-12": {
            "month": "2006-12",
            "price": "22.49",
            "revenue": 103091
        },
        "2007-01": {
            "month": "2007-01",
            "price": "19.01",
            "revenue": 101798
        },
        "2007-02": {
            "month": "2007-02",
            "price": "18.94",
            "revenue": 120453
        },
        "2007-03": {
            "month": "2007-03",
            "price": "22.29",
            "revenue": 152206
        },
        "2007-04": {
            "month": "2007-04",
            "price": "25.77",
            "revenue": 153014
        },
        "2007-05": {
            "month": "2007-05",
            "price": "26.10",
            "revenue": 140692
        },
        "2007-06": {
            "month": "2007-06",
            "price": "33.55",
            "revenue": 169333
        },
        "2007-07": {
            "month": "2007-07",
            "price": "35.68",
            "revenue": 181858
        },
        "2007-08": {
            "month": "2007-08",
            "price": "35.38",
            "revenue": 191265
        },
        "2007-09": {
            "month": "2007-09",
            "price": "34.66",
            "revenue": 226072
        },
        "2007-10": {
            "month": "2007-10",
            "price": "33.72",
            "revenue": 236050
        },
        "2007-11": {
            "month": "2007-11",
            "price": "27.40",
            "revenue": 242399
        },
        "2007-12": {
            "month": "2007-12",
            "price": "25.49",
            "revenue": 251936
        },
        "2008-01": {
            "month": "2008-01",
            "price": "23.58",
            "revenue": 374117
        },
        "2008-02": {
            "month": "2008-02",
            "price": "22.46",
            "revenue": 323993
        },
        "2008-03": {
            "month": "2008-03",
            "price": "22.66",
            "revenue": 387060
        },
        "2008-04": {
            "month": "2008-04",
            "price": "22.52",
            "revenue": 318981
        },
        "2008-05": {
            "month": "2008-05",
            "price": "20.32",
            "revenue": 295771
        },
        "2008-06": {
            "month": "2008-06",
            "price": "16.44",
            "revenue": 270122
        },
        "2008-07": {
            "month": "2008-07",
            "price": "13.86",
            "revenue": 328840
        },
        "2008-08": {
            "month": "2008-08",
            "price": "14.46",
            "revenue": 284968
        },
        "2008-09": {
            "month": "2008-09",
            "price": "12.42",
            "revenue": 366231
        },
        "2008-10": {
            "month": "2008-10",
            "price": "10.44",
            "revenue": 418367
        },
        "2008-11": {
            "month": "2008-11",
            "price": "10.77",
            "revenue": 366398
        },
        "2008-12": {
            "month": "2008-12",
            "price": "11.33",
            "revenue": 211929
        },
        "2009-01": {
            "month": "2009-01",
            "price": "10.95",
            "revenue": 177304
        },
        "2009-02": {
            "month": "2009-02",
            "price": "10.48",
            "revenue": 177480
        },
        "2009-03": {
            "month": "2009-03",
            "price": "11.36",
            "revenue": 246216
        },
        "2009-04": {
            "month": "2009-04",
            "price": "13.54",
            "revenue": 241855
        },
        "2009-05": {
            "month": "2009-05",
            "price": "17.11",
            "revenue": 199024
        },
        "2009-06": {
            "month": "2009-06",
            "price": "21.50",
            "revenue": 187564
        },
        "2009-07": {
            "month": "2009-07",
            "price": "23.22",
            "revenue": 174931
        },
        "2009-08": {
            "month": "2009-08",
            "price": "23.96",
            "revenue": 128094
        },
        "2009-09": {
            "month": "2009-09",
            "price": "24.92",
            "revenue": 197222
        },
        "2009-10": {
            "month": "2009-10",
            "price": "26.12",
            "revenue": 190495
        },
        "2009-11": {
            "month": "2009-11",
            "price": "25.03",
            "revenue": 251237
        },
        "2009-12": {
            "month": "2009-12",
            "price": "27.11",
            "revenue": 262224
        },
        "2010-01": {
            "month": "2010-01",
            "price": "26.44",
            "revenue": 274175
        },
        "2010-02": {
            "month": "2010-02",
            "price": "24.75",
            "revenue": 214768
        },
        "2010-03": {
            "month": "2010-03",
            "price": "27.61",
            "revenue": 293456
        },
        "2010-04": {
            "month": "2010-04",
            "price": "29.08",
            "revenue": 290683
        },
        "2010-05": {
            "month": "2010-05",
            "price": "27.75",
            "revenue": 314066
        },
        "2010-06": {
            "month": "2010-06",
            "price": "27.31",
            "revenue": 197930
        },
        "2010-07": {
            "month": "2010-07",
            "price": "28.06",
            "revenue": 171470
        },
        "2010-08": {
            "month": "2010-08",
            "price": "23.00",
            "revenue": 196137
        },
        "2010-09": {
            "month": "2010-09",
            "price": "22.22",
            "revenue": 251588
        },
        "2010-10": {
            "month": "2010-10",
            "price": "22.75",
            "revenue": 201637
        },
        "2010-11": {
            "month": "2010-11",
            "price": "20.90",
            "revenue": 237704
        },
        "2010-12": {
            "month": "2010-12",
            "price": "22.54",
            "revenue": 221239
        },
        "2011-01": {
            "month": "2011-01",
            "price": "22.04",
            "revenue": 243397
        },
        "2011-02": {
            "month": "2011-02",
            "price": "21.29",
            "revenue": 144388
        },
        "2011-03": {
            "month": "2011-03",
            "price": "19.74",
            "revenue": 175405
        },
        "2011-04": {
            "month": "2011-04",
            "price": "18.98",
            "revenue": 202946
        },
        "2011-05": {
            "month": "2011-05",
            "price": "19.00",
            "revenue": 176395
        },
        "2011-06": {
            "month": "2011-06",
            "price": "19.14",
            "revenue": 164999
        },
        "2011-07": {
            "month": "2011-07",
            "price": "18.56",
            "revenue": 166800
        },
        "2011-08": {
            "month": "2011-08",
            "price": "13.75",
            "revenue": 162839
        },
        "2011-09": {
            "month": "2011-09",
            "price": "13.38",
            "revenue": 153324
        },
        "2011-10": {
            "month": "2011-10",
            "price": "13.20",
            "revenue": 120044
        },
        "2011-11": {
            "month": "2011-11",
            "price": "12.31",
            "revenue": 132806
        },
        "2011-12": {
            "month": "2011-12",
            "price": "10.45",
            "revenue": 120257
        },
        "2012-01": {
            "month": "2012-01",
            "price": "10.36",
            "revenue": 120766
        },
        "2012-02": {
            "month": "2012-02",
            "price": "12.52",
            "revenue": 85265
        },
        "2012-03": {
            "month": "2012-03",
            "price": "12.84",
            "revenue": 120469
        },
        "2012-04": {
            "month": "2012-04",
            "price": "11.13",
            "revenue": 122755
        },
        "2012-05": {
            "month": "2012-05",
            "price": "10.97",
            "revenue": 124977
        },
        "2012-06": {
            "month": "2012-06",
            "price": "10.38",
            "revenue": 113814
        },
        "2012-07": {
            "month": "2012-07",
            "price": "10.41",
            "revenue": 120239
        },
        "2012-08": {
            "month": "2012-08",
            "price": "9.89",
            "revenue": 137046
        },
        "2012-09": {
            "month": "2012-09",
            "price": "11.16",
            "revenue": 198566
        },
        "2012-10": {
            "month": "2012-10",
            "price": "11.57",
            "revenue": 120007
        },
        "2012-11": {
            "month": "2012-11",
            "price": "11.34",
            "revenue": 116296
        },
        "2012-12": {
            "month": "2012-12",
            "price": "11.06",
            "revenue": 112506
        },
        "2013-01": {
            "month": "2013-01",
            "price": "11.34",
            "revenue": 239323
        },
        "2013-02": {
            "month": "2013-02",
            "price": "11.57",
            "revenue": 81219
        },
        "2013-03": {
            "month": "2013-03",
            "price": "13.14",
            "revenue": 132345
        },
        "2013-04": {
            "month": "2013-04",
            "price": "12.64",
            "revenue": 120100
        },
        "2013-05": {
            "month": "2013-05",
            "price": "12.91",
            "revenue": 137146
        },
        "2013-06": {
            "month": "2013-06",
            "price": "12.71",
            "revenue": 130650
        },
        "2013-07": {
            "month": "2013-07",
            "price": "12.29",
            "revenue": 110387
        },
        "2013-08": {
            "month": "2013-08",
            "price": "12.46",
            "revenue": 123242
        },
        "2013-09": {
            "month": "2013-09",
            "price": "12.55",
            "revenue": 141055
        },
        "2013-10": {
            "month": "2013-10",
            "price": "12.55",
            "revenue": 71745
        },
        "2013-11": {
            "month": "2013-11",
            "price": "12.40",
            "revenue": 128259
        },
        "2013-12": {
            "month": "2013-12",
            "price": "12.51",
            "revenue": 97758
        },
        "2014-01": {
            "month": "2014-01",
            "price": "14.25",
            "revenue": 112791
        },
        "2014-02": {
            "month": "2014-02",
            "price": "15.55",
            "revenue": 72999
        },
        "2014-03": {
            "month": "2014-03",
            "price": "16.16",
            "revenue": 96966
        },
        "2014-04": {
            "month": "2014-04",
            "price": "15.98",
            "revenue": 93606
        },
        "2014-05": {
            "month": "2014-05",
            "price": "15.38",
            "revenue": 127051
        },
        "2014-06": {
            "month": "2014-06",
            "price": "15.90",
            "revenue": 110372
        },
        "2014-07": {
            "month": "2014-07",
            "price": "15.62",
            "revenue": 107085
        },
        "2014-08": {
            "month": "2014-08",
            "price": "15.28",
            "revenue": 122194
        },
        "2014-09": {
            "month": "2014-09",
            "price": "15.76",
            "revenue": 119077
        },
        "2014-10": {
            "month": "2014-10",
            "price": "14.99",
            "revenue": 93642
        },
        "2014-11": {
            "month": "2014-11",
            "price": "15.41",
            "revenue": 122815
        },
        "2014-12": {
            "month": "2014-12",
            "price": "16.88",
            "revenue": 105984
        },
        "2015-01": {
            "month": "2015-01",
            "price": "17.74",
            "revenue": 105291
        },
        "2015-02": {
            "month": "2015-02",
            "price": "16.93",
            "revenue": 78778
        },
        "2015-03": {
            "month": "2015-03",
            "price": "17.25",
            "revenue": 104223
        },
        "2015-04": {
            "month": "2015-04",
            "price": "17.09",
            "revenue": 88276
        },
        "2015-05": {
            "month": "2015-05",
            "price": "16.28",
            "revenue": 85942
        },
        "2015-06": {
            "month": "2015-06",
            "price": "15.34",
            "revenue": 96257
        },
        "2015-07": {
            "month": "2015-07",
            "price": "13.89",
            "revenue": 103773
        },
        "2015-08": {
            "month": "2015-08",
            "price": "11.97",
            "revenue": 119260
        },
        "2015-09": {
            "month": "2015-09",
            "price": "11.76",
            "revenue": 139380
        },
        "2015-10": {
            "month": "2015-10",
            "price": "12.64",
            "revenue": 100084
        },
        "2015-11": {
            "month": "2015-11",
            "price": "12.94",
            "revenue": 117430
        },
        "2015-12": {
            "month": "2015-12",
            "price": "12.92",
            "revenue": 110064
        },
        "2016-01": {
            "month": "2016-01",
            "price": "12.58",
            "revenue": 105033
        },
        "2016-02": {
            "month": "2016-02",
            "price": "13.01",
            "revenue": 84854
        },
        "2016-03": {
            "month": "2016-03",
            "price": "13.55",
            "revenue": 119061
        },
        "2016-04": {
            "month": "2016-04",
            "price": "13.73",
            "revenue": 92159
        },
        "2016-05": {
            "month": "2016-05",
            "price": "13.42",
            "revenue": 122316
        },
        "2016-06": {
            "month": "2016-06",
            "price": "13.78",
            "revenue": 116799
        },
        "2016-07": {
            "month": "2016-07",
            "price": "13.69",
            "revenue": 126674
        },
        "2016-08": {
            "month": "2016-08",
            "price": "14.98",
            "revenue": 152956
        },
        "2016-09": {
            "month": "2016-09",
            "price": "16.35",
            "revenue": 158457
        },
        "2016-10": {
            "month": "2016-10",
            "price": "17.92",
            "revenue": 117482
        },
        "2016-11": {
            "month": "2016-11",
            "price": "19.17",
            "revenue": 144118
        },
        "2016-12": {
            "month": "2016-12",
            "price": "21.59",
            "revenue": 124511
        },
        "2017-01": {
            "month": "2017-01",
            "price": "24.39",
            "revenue": 118050
        },
        "2017-02": {
            "month": "2017-02",
            "price": "27.15",
            "revenue": 85333
        },
        "2017-03": {
            "month": "2017-03",
            "price": "29.88",
            "revenue": 122050
        },
        "2017-04": {
            "month": "2017-04",
            "price": "25.76",
            "revenue": 100979
        },
        "2017-05": {
            "month": "2017-05",
            "price": "25.81",
            "revenue": 131152
        },
        "2017-06": {
            "month": "2017-06",
            "price": "26.87",
            "revenue": 129116
        },
        "2017-07": {
            "month": "2017-07",
            "price": "24.93",
            "revenue": 118026
        },
        "2017-08": {
            "month": "2017-08",
            "price": "26.72",
            "revenue": 177390
        },
        "2017-09": {
            "month": "2017-09",
            "price": "28.97",
            "revenue": 179531
        },
        "2017-10": {
            "month": "2017-10",
            "price": "32.29",
            "revenue": 116230
        },
        "2017-11": {
            "month": "2017-11",
            "price": "32.49",
            "revenue": 159438
        },
        "2017-12": {
            "month": "2017-12",
            "price": "31.37",
            "revenue": 125581
        },
        "2018-01": {
            "month": "2018-01",
            "price": "31.53",
            "revenue": 124246
        },
        "2018-02": {
            "month": "2018-02",
            "price": "34.19",
            "revenue": 110911
        },
        "2018-03": {
            "month": "2018-03",
            "price": "38.56",
            "revenue": 150436
        },
        "2018-04": {
            "month": "2018-04",
            "price": "46.93",
            "revenue": 115633
        },
        "2018-05": {
            "month": "2018-05",
            "price": "42.57",
            "revenue": 158298
        },
        "2018-06": {
            "month": "2018-06",
            "price": "42.42",
            "revenue": 153466
        },
        "2018-07": {
            "month": "2018-07",
            "price": "37.76",
            "revenue": 146924
        },
        "2018-08": {
            "month": "2018-08",
            "price": "35.32",
            "revenue": 175552
        },
        "2018-09": {
            "month": "2018-09",
            "price": "31.93",
            "revenue": 191745
        },
        "2018-10": {
            "month": "2018-10",
            "price": "28.50",
            "revenue": 138892
        },
        "2018-11": {
            "month": "2018-11",
            "price": "29.73",
            "revenue": 163209
        },
        "2018-12": {
            "month": "2018-12",
            "price": "29.76",
            "revenue": 148486
        },
        "2019-01": {
            "month": "2019-01",
            "price": "35.46",
            "revenue": 158199
        },
        "2019-02": {
            "month": "2019-02",
            "price": "40.57",
            "revenue": 112189
        },
        "2019-03": {
            "month": "2019-03",
            "price": "50.57",
            "revenue": 145288
        },
        "2019-04": {
            "month": "2019-04",
            "price": "51.51",
            "revenue": 144236
        },
        "2019-05": {
            "month": "2019-05",
            "price": "49.60",
            "revenue": 183932
        },
        "2019-06": {
            "month": "2019-06",
            "price": "51.77",
            "revenue": 180718
        },
        "2019-07": {
            "month": "2019-07",
            "price": "56.49",
            "revenue": 183323
        },
        "2019-08": {
            "month": "2019-08",
            "price": "54.30",
            "revenue": 231883
        },
        "2019-09": {
            "month": "2019-09",
            "price": "56.57",
            "revenue": 238464
        },
        "2019-10": {
            "month": "2019-10",
            "price": "55.86",
            "revenue": 232603
        },
        "2019-11": {
            "month": "2019-11",
            "price": "65.04",
            "revenue": 183972
        },
        "2019-12": {
            "month": "2019-12",
            "price": "66.66",
            "revenue": 196826
        },
        "2020-01": {
            "month": "2020-01",
            "price": "66.43",
            "revenue": 134052
        },
        "2020-02": {
            "month": "2020-02",
            "price": "62.81",
            "revenue": 91370
        },
        "2020-03": {
            "month": "2020-03",
            "price": "75.41",
            "revenue": 248019
        },
        "2020-04": {
            "month": "2020-04",
            "price": "90.09",
            "revenue": 258965
        },
        "2020-05": {
            "month": "2020-05",
            "price": "95.70",
            "revenue": 224457
        },
        "2020-06": {
            "month": "2020-06",
            "price": "104.65",
            "revenue": 217921
        },
        "2020-07": {
            "month": "2020-07",
            "price": "122.61",
            "revenue": 228100
        },
        "2020-08": {
            "month": "2020-08",
            "price": "118.52",
            "revenue": 233138
        },
        "2020-09": {
            "month": "2020-09",
            "price": "111.91",
            "revenue": 248892
        },
        "2020-10": {
            "month": "2020-10",
            "price": "109.45",
            "revenue": 242455
        },
        "2020-11": {
            "month": "2020-11",
            "price": "107.31",
            "revenue": 243170
        },
        "2020-12": {
            "month": "2020-12",
            "price": "114.28",
            "revenue": 227859
        },
        "2021-01": {
            "month": "2021-01",
            "price": "112.90",
            "revenue": 270181
        },
        "2021-02": {
            "month": "2021-02",
            "price": "129.23",
            "revenue": 153668
        },
        "2021-03": {
            "month": "2021-03",
            "price": "127.68",
            "revenue": 253405
        },
        "2021-04": {
            "month": "2021-04",
            "price": "120.24",
            "revenue": 242997
        },
        "2021-05": {
            "month": "2021-05",
            "price": "99.50",
            "revenue": 213970
        },
        "2021-06": {
            "month": "2021-06",
            "price": "106.50",
            "revenue": 242279
        },
        "2021-07": {
            "month": "2021-07",
            "price": "107.32",
            "revenue": 276771
        },
        "2021-08": {
            "month": "2021-08",
            "price": "99.14",
            "revenue": 274583
        },
        "2021-09": {
            "month": "2021-09",
            "price": "93.91",
            "revenue": 293716
        },
        "2021-10": {
            "month": "2021-10",
            "price": "86.96",
            "revenue": 246347
        },
        "2021-11": {
            "month": "2021-11",
            "price": "97.56",
            "revenue": 291856
        },
        "2021-12": {
            "month": "2021-12",
            "price": "131.55",
            "revenue": 256704
        },
        "2022-01": {
            "month": "2022-01",
            "price": "125.08",
            "revenue": 229770
        },
        "2022-02": {
            "month": "2022-02",
            "price": "117.83",
            "revenue": 230737
        },
        "2022-03": {
            "month": "2022-03",
            "price": "104.29",
            "revenue": 276049
        },
        "2022-04": {
            "month": "2022-04",
            "price": "100.23",
            "revenue": 171672
        },
        "2022-05": {
            "month": "2022-05",
            "price": "91.60",
            "revenue": 240934
        },
        "2022-06": {
            "month": "2022-06",
            "price": "82.01",
            "revenue": 228464
        },
        "2022-07": {
            "month": "2022-07",
            "price": "71.75",
            "revenue": 189386
        },
        "2022-08": {
            "month": "2022-08",
            "price": "72.73",
            "revenue": 199462
        },
        "2022-09": {
            "month": "2022-09",
            "price": "70.78",
            "revenue": 220366
        },
        "2022-10": {
            "month": "2022-10",
            "price": "62.32",
            "revenue": 218462
        },
        "2022-11": {
            "month": "2022-11",
            "price": "77.11",
            "revenue": 204811
        },
        "2022-12": {
            "month": "2022-12",
            "price": "81.99",
            "revenue": 198265
        },
        "2023-01": {
            "month": "2023-01",
            "price": "82.02",
            "revenue": 185557
        },
        "2023-02": {
            "month": "2023-02",
            "price": "91.32",
            "revenue": 177989
        },
        "2023-03": {
            "month": "2023-03",
            "price": "103.08",
            "revenue": 226355
        },
        "2023-04": {
            "month": "2023-04",
            "price": "106.97",
            "revenue": 203229
        },
        "2023-05": {
            "month": "2023-05",
            "price": "104.86",
            "revenue": 272545
        },
        "2023-06": {
            "month": "2023-06",
            "price": "125.32",
            "revenue": 242067
        },
        "2023-07": {
            "month": "2023-07",
            "price": "132.71",
            "revenue": 257004
        },
        "2023-08": {
            "month": "2023-08",
            "price": "124.68",
            "revenue": 327722
        },
        "2023-09": {
            "month": "2023-09",
            "price": "135.20",
            "revenue": 309175
        },
        "2023-10": {
            "month": "2023-10",
            "price": "125.88",
            "revenue": 278651
        },
        "2023-11": {
            "month": "2023-11",
            "price": "150.75",
            "revenue": 277608
        },
        "2023-12": {
            "month": "2023-12",
            "price": "168.55",
            "revenue": 245723
        }
    }
}
