{
    "summary": {
        "stock_name": "大學光",
        "stock_id": "3218",
        "category": "生技醫療",
        "main_business": "光學眼鏡產品買賣<br>品牌授權、眼科儀器設備引進租賃、眼科藥品耗材銷售<br>商圈評估及展店規劃裝潢、醫療院所顧問諮詢服務",
        "website_url": "http://www.uvb.com.tw/",
        "ceo": "盧政宏",
        "pe_ratio": 37,
        "report_year_from": 2002,
        "report_year_to": 2023,
        "age": 21,
        "eps_negative_percentage": 19,
        "eps_growth_avg": {
            "last_all": 7.2,
            "last_2y": 54.14,
            "last_4y": 48.09,
            "last_8y": 29.84,
            "last_12y": 16.86,
            "last_16y": 1.17,
            "last_20y": null,
            "at_2006_last_3y": null,
            "at_2007_last_3y": 9.87,
            "at_2008_last_3y": -40.13,
            "at_2009_last_3y": -51.12,
            "at_2010_last_3y": -59.24,
            "at_2011_last_3y": -100,
            "at_2012_last_3y": -100,
            "at_2013_last_3y": -100,
            "at_2014_last_3y": -40.77,
            "at_2015_last_3y": -34.11,
            "at_2016_last_3y": 4.15,
            "at_2017_last_3y": 7.04,
            "at_2018_last_3y": 10.14,
            "at_2019_last_3y": 27.13,
            "at_2020_last_3y": 48.44,
            "at_2021_last_3y": 50.3,
            "at_2022_last_3y": 52.39,
            "at_2023_last_3y": 52.39,
            "at_2006_last_all": 19.32,
            "at_2007_last_all": 9.87,
            "at_2008_last_all": -12.1,
            "at_2009_last_all": -12.1,
            "at_2010_last_all": -12.1,
            "at_2011_last_all": -12.1,
            "at_2012_last_all": -26.75,
            "at_2013_last_all": -26.75,
            "at_2014_last_all": -20.29,
            "at_2015_last_all": -20.36,
            "at_2016_last_all": -16.45,
            "at_2017_last_all": -13.24,
            "at_2018_last_all": -9.23,
            "at_2019_last_all": -4.53,
            "at_2020_last_all": 3.51,
            "at_2021_last_all": 4.92,
            "at_2022_last_all": 7.2,
            "at_2023_last_all": 7.2
        },
        "latest_eps": 11.3,
        "latest_price": 417.5,
        "latest_roe": 38.26,
        "latest_gross_margin": 61.45,
        "latest_equity": 2627941,
        "latest_revenue": 1028455,
        "latest_gross_profit": 631974,
        "latest_net_income": 271820,
        "latest_debt_ratio": 46.1,
        "latest_current_ratio": 170.61,
        "latest_account_receivable_turnover_ratio": 1.83,
        "latest_inventory_turnover_ratio": 1.62,
        "latest_reinvestment_rate": 30,
        "latest_research_to_sale_ratio": null
    },
    "eps_dividends": {
        "2001": {
            "cash": 0,
            "stock": 0,
            "eps": 0
        },
        "2002": {
            "cash": 0,
            "stock": 0,
            "eps": 0
        },
        "2003": {
            "cash": 4.5,
            "stock": 0,
            "eps": 0.5
        },
        "2004": {
            "cash": 0.12,
            "stock": 1,
            "eps": 3.49
        },
        "2005": {
            "cash": 0.3,
            "stock": 2.65,
            "eps": 3.24
        },
        "2006": {
            "cash": 1,
            "stock": 1,
            "eps": 2.11
        },
        "2007": {
            "cash": 0.1,
            "stock": 1.55,
            "eps": 1.72
        },
        "2008": {
            "cash": 1,
            "stock": 0,
            "eps": -0.74
        },
        "2009": {
            "cash": 0,
            "stock": 0,
            "eps": -0.97
        },
        "2010": {
            "cash": 0,
            "stock": 0,
            "eps": -0.98
        },
        "2011": {
            "cash": 0,
            "stock": 0,
            "eps": 0.61
        },
        "2012": {
            "cash": 0.33,
            "stock": 0,
            "eps": -1.32
        },
        "2013": {
            "cash": 0,
            "stock": 0,
            "eps": 1.3
        },
        "2014": {
            "cash": 1,
            "stock": 0,
            "eps": 1.54
        },
        "2015": {
            "cash": 1.05,
            "stock": 0,
            "eps": 1.22
        },
        "2016": {
            "cash": 1.1,
            "stock": 0,
            "eps": 1.4
        },
        "2017": {
            "cash": 1.15,
            "stock": 0,
            "eps": 1.62
        },
        "2018": {
            "cash": 1.2,
            "stock": 0,
            "eps": 2.12
        },
        "2019": {
            "cash": 1.25,
            "stock": 0,
            "eps": 3.12
        },
        "2020": {
            "cash": 2,
            "stock": 0,
            "eps": 6.35
        },
        "2021": {
            "cash": 4.2,
            "stock": 0,
            "eps": 7.82
        },
        "2022": {
            "cash": 5,
            "stock": 0.5,
            "eps": 10.89
        },
        "2023": {
            "cash": 6,
            "stock": 0.6,
            "eps": 3.33
        }
    },
    "dividends": {
        "2003-03-17": {
            "cash": 4.5,
            "stock": 0
        },
        "2004-03-25": {
            "cash": 0.12,
            "stock": 1
        },
        "2005-03-10": {
            "cash": 0.3,
            "stock": 2.65
        },
        "2006-03-21": {
            "cash": 1,
            "stock": 1
        },
        "2007-03-20": {
            "cash": 0.1,
            "stock": 1.55
        },
        "2008-04-03": {
            "cash": 1,
            "stock": 0
        },
        "2012-03-20": {
            "cash": 0.33,
            "stock": 0
        },
        "2014-06-26": {
            "cash": 1,
            "stock": 0
        },
        "2015-08-05": {
            "cash": 1.05,
            "stock": 0
        },
        "2016-08-05": {
            "cash": 1.1,
            "stock": 0
        },
        "2017-08-04": {
            "cash": 1.15,
            "stock": 0
        },
        "2018-08-06": {
            "cash": 1.2,
            "stock": 0
        },
        "2019-07-22": {
            "cash": 1.25,
            "stock": 0
        },
        "2020-05-08": {
            "cash": 2,
            "stock": 0
        },
        "2021-05-13": {
            "cash": 4.2,
            "stock": 0
        },
        "2022-05-13": {
            "cash": 5,
            "stock": 0.5
        },
        "2023-03-27": {
            "cash": 6,
            "stock": 0.6
        }
    },
    "prices": {
        "200101": "無",
        "200102": "無",
        "200103": "無",
        "200104": "無",
        "200105": "無",
        "200106": "無",
        "200107": "無",
        "200108": "無",
        "200109": "無",
        "200110": "無",
        "200111": "無",
        "200112": "無",
        "200201": "無",
        "200202": "無",
        "200203": "無",
        "200204": "無",
        "200205": "無",
        "200206": "無",
        "200207": "無",
        "200208": "無",
        "200209": "無",
        "200210": "無",
        "200211": "無",
        "200212": "無",
        "200301": "無",
        "200302": "無",
        "200303": "無",
        "200304": "無",
        "200305": "無",
        "200306": "無",
        "200307": "無",
        "200308": "無",
        "200309": "無",
        "200310": "無",
        "200311": "無",
        "200312": "無",
        "200401": "無",
        "200402": "38.66",
        "200403": "無",
        "200404": "38.17",
        "200405": "50.25",
        "200406": "56.25",
        "200407": "40.72",
        "200408": "38.53",
        "200409": "38.93",
        "200410": "39.53",
        "200411": "42.00",
        "200412": "43.41",
        "200501": "46.48",
        "200502": "82.35",
        "200503": "92.25",
        "200504": "85.76",
        "200505": "82.07",
        "200506": "83.05",
        "200507": "88.52",
        "200508": "74.91",
        "200509": "59.67",
        "200510": "50.52",
        "200511": "47.23",
        "200512": "49.06",
        "200601": "52.61",
        "200602": "50.44",
        "200603": "43.37",
        "200604": "40.16",
        "200605": "46.40",
        "200606": "40.08",
        "200607": "38.63",
        "200608": "36.12",
        "200609": "35.31",
        "200610": "35.34",
        "200611": "34.82",
        "200612": "36.81",
        "200701": "36.90",
        "200702": "36.93",
        "200703": "56.90",
        "200704": "68.96",
        "200705": "66.12",
        "200706": "64.88",
        "200707": "74.75",
        "200708": "78.06",
        "200709": "62.42",
        "200710": "62.39",
        "200711": "49.36",
        "200712": "40.42",
        "200801": "38.71",
        "200802": "41.50",
        "200803": "43.96",
        "200804": "47.90",
        "200805": "46.46",
        "200806": "41.29",
        "200807": "37.37",
        "200808": "33.32",
        "200809": "28.31",
        "200810": "26.17",
        "200811": "27.00",
        "200812": "23.53",
        "200901": "22.55",
        "200902": "22.04",
        "200903": "25.40",
        "200904": "33.58",
        "200905": "34.80",
        "200906": "31.90",
        "200907": "41.39",
        "200908": "35.75",
        "200909": "34.31",
        "200910": "35.95",
        "200911": "37.07",
        "200912": "36.39",
        "201001": "35.90",
        "201002": "30.38",
        "201003": "31.94",
        "201004": "32.20",
        "201005": "27.81",
        "201006": "24.77",
        "201007": "28.15",
        "201008": "28.73",
        "201009": "28.34",
        "201010": "28.03",
        "201011": "25.53",
        "201012": "27.22",
        "201101": "26.99",
        "201102": "32.10",
        "201103": "49.52",
        "201104": "49.02",
        "201105": "44.75",
        "201106": "38.51",
        "201107": "38.52",
        "201108": "32.56",
        "201109": "26.65",
        "201110": "26.27",
        "201111": "27.78",
        "201112": "22.29",
        "201201": "25.18",
        "201202": "30.25",
        "201203": "27.63",
        "201204": "22.23",
        "201205": "21.14",
        "201206": "21.18",
        "201207": "22.27",
        "201208": "23.06",
        "201209": "23.04",
        "201210": "21.50",
        "201211": "19.67",
        "201212": "21.10",
        "201301": "21.50",
        "201302": "21.96",
        "201303": "21.95",
        "201304": "19.81",
        "201305": "20.16",
        "201306": "23.34",
        "201307": "27.72",
        "201308": "25.85",
        "201309": "25.07",
        "201310": "24.34",
        "201311": "24.11",
        "201312": "26.11",
        "201401": "32.85",
        "201402": "40.32",
        "201403": "38.63",
        "201404": "37.05",
        "201405": "37.97",
        "201406": "40.43",
        "201407": "37.58",
        "201408": "33.35",
        "201409": "33.99",
        "201410": "32.55",
        "201411": "29.74",
        "201412": "31.78",
        "201501": "31.43",
        "201502": "30.72",
        "201503": "33.45",
        "201504": "35.44",
        "201505": "30.98",
        "201506": "28.86",
        "201507": "28.39",
        "201508": "23.03",
        "201509": "23.23",
        "201510": "25.32",
        "201511": "25.76",
        "201512": "25.04",
        "201601": "23.30",
        "201602": "24.44",
        "201603": "24.38",
        "201604": "23.61",
        "201605": "23.26",
        "201606": "23.50",
        "201607": "23.25",
        "201608": "22.42",
        "201609": "22.56",
        "201610": "23.15",
        "201611": "21.31",
        "201612": "21.54",
        "201701": "22.83",
        "201702": "23.14",
        "201703": "27.19",
        "201704": "26.89",
        "201705": "28.08",
        "201706": "26.30",
        "201707": "25.49",
        "201708": "26.07",
        "201709": "26.45",
        "201710": "26.82",
        "201711": "27.00",
        "201712": "26.76",
        "201801": "29.61",
        "201802": "28.54",
        "201803": "30.93",
        "201804": "32.08",
        "201805": "30.13",
        "201806": "30.92",
        "201807": "28.16",
        "201808": "26.92",
        "201809": "26.61",
        "201810": "25.30",
        "201811": "25.16",
        "201812": "25.75",
        "201901": "26.09",
        "201902": "27.43",
        "201903": "28.42",
        "201904": "29.73",
        "201905": "31.68",
        "201906": "34.06",
        "201907": "38.59",
        "201908": "40.57",
        "201909": "52.98",
        "201910": "60.31",
        "201911": "67.65",
        "201912": "66.85",
        "202001": "69.79",
        "202002": "84.04",
        "202003": "66.13",
        "202004": "76.07",
        "202005": "118.31",
        "202006": "162.15",
        "202007": "173.20",
        "202008": "214.10",
        "202009": "276.50",
        "202010": "262.08",
        "202011": "280.67",
        "202012": "256.83",
        "202101": "246.32",
        "202102": "237.58",
        "202103": "279.57",
        "202104": "305.21",
        "202105": "301.81",
        "202106": "332.43",
        "202107": "338.34",
        "202108": "319.91",
        "202109": "303.32",
        "202110": "317.35",
        "202111": "293.16",
        "202112": "279.11",
        "202201": "272.42",
        "202202": "279.57",
        "202203": "279.87",
        "202204": "261.29",
        "202205": "246.64",
        "202206": "276.62",
        "202207": "307.33",
        "202208": "336.54",
        "202209": "302.71",
        "202210": "255.90",
        "202211": "256.95",
        "202212": "290.50",
        "202301": "310.65",
        "202302": "330.19",
        "202303": "348.89",
        "202304": "400.18",
        "202305": "398.91",
        "202306": "404.68"
    },
    "quarters": {
        "20011": {
            "year_quarter": 20011,
            "year": 2001,
            "quarter": 1,
            "eps": null,
            "eps_growth_year": null,
            "eps_4q": null,
            "eps_4q_growth_year": null,
            "roe": null,
            "roe_4q": 0,
            "gross_profit": null,
            "gross_margin": null,
            "gross_margin_4q_avg": 0,
            "net_income": null,
            "revenue": null,
            "common_shares": null,
            "book_valuer_per_share": null,
            "book_valuer_per_share_4q_avg": 0,
            "equity": null,
            "current_ratio": null,
            "debt_ratio": null,
            "inventory_turnover_ratio": null,
            "account_receivable_turnover_ratio": null,
            "reinvestment_rate": null,
            "research_to_sale_ratio": null,
            "price_fair": 0,
            "eps_avg_yearly": 0,
            "eps_latest_yearly": 0,
            "eps_growth_yearly": 0
        },
        "20012": {
            "year_quarter": 20012,
            "year": 2001,
            "quarter": 2,
            "eps": null,
            "eps_growth_year": null,
            "eps_4q": null,
            "eps_4q_growth_year": null,
            "roe": null,
            "roe_4q": 0,
            "gross_profit": null,
            "gross_margin": null,
            "gross_margin_4q_avg": 0,
            "net_income": null,
            "revenue": null,
            "common_shares": null,
            "book_valuer_per_share": null,
            "book_valuer_per_share_4q_avg": 0,
            "equity": null,
            "current_ratio": null,
            "debt_ratio": null,
            "inventory_turnover_ratio": null,
            "account_receivable_turnover_ratio": null,
            "reinvestment_rate": null,
            "research_to_sale_ratio": null,
            "price_fair": 0,
            "eps_avg_yearly": 0,
            "eps_latest_yearly": 0,
            "eps_growth_yearly": 0
        },
        "20013": {
            "year_quarter": 20013,
            "year": 2001,
            "quarter": 3,
            "eps": null,
            "eps_growth_year": null,
            "eps_4q": null,
            "eps_4q_growth_year": null,
            "roe": null,
            "roe_4q": 0,
            "gross_profit": null,
            "gross_margin": null,
            "gross_margin_4q_avg": 0,
            "net_income": null,
            "revenue": null,
            "common_shares": null,
            "book_valuer_per_share": null,
            "book_valuer_per_share_4q_avg": 0,
            "equity": null,
            "current_ratio": null,
            "debt_ratio": null,
            "inventory_turnover_ratio": null,
            "account_receivable_turnover_ratio": null,
            "reinvestment_rate": null,
            "research_to_sale_ratio": null,
            "price_fair": 0,
            "eps_avg_yearly": 0,
            "eps_latest_yearly": 0,
            "eps_growth_yearly": 0
        },
        "20014": {
            "year_quarter": 20014,
            "year": 2001,
            "quarter": 4,
            "eps": null,
            "eps_growth_year": null,
            "eps_4q": null,
            "eps_4q_growth_year": null,
            "roe": null,
            "roe_4q": 0,
            "gross_profit": null,
            "gross_margin": null,
            "gross_margin_4q_avg": 0,
            "net_income": null,
            "revenue": null,
            "common_shares": 100000,
            "book_valuer_per_share": 15.66,
            "book_valuer_per_share_4q_avg": 3.92,
            "equity": 156634,
            "current_ratio": 117.95,
            "debt_ratio": 19.08,
            "inventory_turnover_ratio": null,
            "account_receivable_turnover_ratio": null,
            "reinvestment_rate": null,
            "research_to_sale_ratio": null,
            "price_fair": 0,
            "eps_avg_yearly": 0,
            "eps_latest_yearly": 0,
            "eps_growth_yearly": 0
        },
        "20021": {
            "year_quarter": 20021,
            "year": 2002,
            "quarter": 1,
            "eps": null,
            "eps_growth_year": null,
            "eps_4q": null,
            "eps_4q_growth_year": null,
            "roe": null,
            "roe_4q": 0,
            "gross_profit": null,
            "gross_margin": null,
            "gross_margin_4q_avg": 0,
            "net_income": null,
            "revenue": null,
            "common_shares": null,
            "book_valuer_per_share": null,
            "book_valuer_per_share_4q_avg": 3.92,
            "equity": null,
            "current_ratio": null,
            "debt_ratio": null,
            "inventory_turnover_ratio": null,
            "account_receivable_turnover_ratio": null,
            "reinvestment_rate": null,
            "research_to_sale_ratio": null,
            "price_fair": 0,
            "eps_avg_yearly": 0,
            "eps_latest_yearly": 0,
            "eps_growth_yearly": 0
        },
        "20022": {
            "year_quarter": 20022,
            "year": 2002,
            "quarter": 2,
            "eps": null,
            "eps_growth_year": null,
            "eps_4q": null,
            "eps_4q_growth_year": null,
            "roe": null,
            "roe_4q": 0,
            "gross_profit": null,
            "gross_margin": null,
            "gross_margin_4q_avg": 0,
            "net_income": null,
            "revenue": null,
            "common_shares": null,
            "book_valuer_per_share": null,
            "book_valuer_per_share_4q_avg": 3.92,
            "equity": null,
            "current_ratio": null,
            "debt_ratio": null,
            "inventory_turnover_ratio": null,
            "account_receivable_turnover_ratio": null,
            "reinvestment_rate": null,
            "research_to_sale_ratio": null,
            "price_fair": 0,
            "eps_avg_yearly": 0,
            "eps_latest_yearly": 0,
            "eps_growth_yearly": 0
        },
        "20023": {
            "year_quarter": 20023,
            "year": 2002,
            "quarter": 3,
            "eps": null,
            "eps_growth_year": null,
            "eps_4q": null,
            "eps_4q_growth_year": null,
            "roe": null,
            "roe_4q": 0,
            "gross_profit": null,
            "gross_margin": null,
            "gross_margin_4q_avg": 0,
            "net_income": null,
            "revenue": null,
            "common_shares": null,
            "book_valuer_per_share": null,
            "book_valuer_per_share_4q_avg": 3.92,
            "equity": null,
            "current_ratio": null,
            "debt_ratio": null,
            "inventory_turnover_ratio": null,
            "account_receivable_turnover_ratio": null,
            "reinvestment_rate": null,
            "research_to_sale_ratio": null,
            "price_fair": 0,
            "eps_avg_yearly": 0,
            "eps_latest_yearly": 0,
            "eps_growth_yearly": 0
        },
        "20024": {
            "year_quarter": 20024,
            "year": 2002,
            "quarter": 4,
            "eps": null,
            "eps_growth_year": null,
            "eps_4q": null,
            "eps_4q_growth_year": null,
            "roe": null,
            "roe_4q": 0,
            "gross_profit": null,
            "gross_margin": null,
            "gross_margin_4q_avg": 0,
            "net_income": null,
            "revenue": null,
            "common_shares": 200000,
            "book_valuer_per_share": 15.08,
            "book_valuer_per_share_4q_avg": 3.77,
            "equity": 301700,
            "current_ratio": 458.3,
            "debt_ratio": 12.46,
            "inventory_turnover_ratio": null,
            "account_receivable_turnover_ratio": null,
            "reinvestment_rate": null,
            "research_to_sale_ratio": null,
            "price_fair": 0,
            "eps_avg_yearly": 0,
            "eps_latest_yearly": 0,
            "eps_growth_yearly": 0
        },
        "20031": {
            "year_quarter": 20031,
            "year": 2003,
            "quarter": 1,
            "eps": 0.53,
            "eps_growth_year": null,
            "eps_4q": null,
            "eps_4q_growth_year": null,
            "roe": 3.42,
            "roe_4q": 3.42,
            "gross_profit": 21183,
            "gross_margin": 43.22,
            "gross_margin_4q_avg": 10.81,
            "net_income": 10512,
            "revenue": 49007,
            "common_shares": 200000,
            "book_valuer_per_share": 15.61,
            "book_valuer_per_share_4q_avg": 7.67,
            "equity": 312212,
            "current_ratio": 506.21,
            "debt_ratio": 14.35,
            "inventory_turnover_ratio": 16.34,
            "account_receivable_turnover_ratio": null,
            "reinvestment_rate": null,
            "research_to_sale_ratio": null,
            "price_fair": 0,
            "eps_avg_yearly": 0,
            "eps_latest_yearly": 0,
            "eps_growth_yearly": 0
        },
        "20032": {
            "year_quarter": 20032,
            "year": 2003,
            "quarter": 2,
            "eps": -0.03,
            "eps_growth_year": null,
            "eps_4q": null,
            "eps_4q_growth_year": null,
            "roe": -0.22,
            "roe_4q": 3.1999999999999997,
            "gross_profit": 10010,
            "gross_margin": 26.65,
            "gross_margin_4q_avg": 17.47,
            "net_income": -586,
            "revenue": 37557,
            "common_shares": 200000,
            "book_valuer_per_share": 11.04,
            "book_valuer_per_share_4q_avg": 10.43,
            "equity": 220711,
            "current_ratio": 246.38,
            "debt_ratio": 15.33,
            "inventory_turnover_ratio": 21.37,
            "account_receivable_turnover_ratio": null,
            "reinvestment_rate": null,
            "research_to_sale_ratio": null,
            "price_fair": 0,
            "eps_avg_yearly": 0,
            "eps_latest_yearly": 0,
            "eps_growth_yearly": 0
        },
        "20033": {
            "year_quarter": 20033,
            "year": 2003,
            "quarter": 3,
            "eps": null,
            "eps_growth_year": null,
            "eps_4q": null,
            "eps_4q_growth_year": null,
            "roe": null,
            "roe_4q": 3.1999999999999997,
            "gross_profit": null,
            "gross_margin": null,
            "gross_margin_4q_avg": 17.47,
            "net_income": null,
            "revenue": null,
            "common_shares": null,
            "book_valuer_per_share": null,
            "book_valuer_per_share_4q_avg": 10.43,
            "equity": null,
            "current_ratio": null,
            "debt_ratio": null,
            "inventory_turnover_ratio": null,
            "account_receivable_turnover_ratio": null,
            "reinvestment_rate": null,
            "research_to_sale_ratio": null,
            "price_fair": 0,
            "eps_avg_yearly": 0,
            "eps_latest_yearly": 0,
            "eps_growth_yearly": 0
        },
        "20034": {
            "year_quarter": 20034,
            "year": 2003,
            "quarter": 4,
            "eps": null,
            "eps_growth_year": null,
            "eps_4q": null,
            "eps_4q_growth_year": null,
            "roe": null,
            "roe_4q": 3.1999999999999997,
            "gross_profit": null,
            "gross_margin": null,
            "gross_margin_4q_avg": 17.47,
            "net_income": null,
            "revenue": null,
            "common_shares": 200000,
            "book_valuer_per_share": 11.77,
            "book_valuer_per_share_4q_avg": 9.61,
            "equity": 235386,
            "current_ratio": 166.78,
            "debt_ratio": 23.48,
            "inventory_turnover_ratio": null,
            "account_receivable_turnover_ratio": null,
            "reinvestment_rate": null,
            "research_to_sale_ratio": null,
            "price_fair": 0,
            "eps_avg_yearly": 0,
            "eps_latest_yearly": 0,
            "eps_growth_yearly": 0
        },
        "20041": {
            "year_quarter": 20041,
            "year": 2004,
            "quarter": 1,
            "eps": 1.07,
            "eps_growth_year": 101.89,
            "eps_4q": null,
            "eps_4q_growth_year": null,
            "roe": 8.67,
            "roe_4q": 8.45,
            "gross_profit": 38411,
            "gross_margin": 51.55,
            "gross_margin_4q_avg": 19.55,
            "net_income": 21333,
            "revenue": 74508,
            "common_shares": 200000,
            "book_valuer_per_share": 12.84,
            "book_valuer_per_share_4q_avg": 8.91,
            "equity": 256719,
            "current_ratio": 651.1,
            "debt_ratio": 37.26,
            "inventory_turnover_ratio": 21.77,
            "account_receivable_turnover_ratio": null,
            "reinvestment_rate": null,
            "research_to_sale_ratio": null,
            "price_fair": 0,
            "eps_avg_yearly": 0,
            "eps_latest_yearly": 0,
            "eps_growth_yearly": 0
        },
        "20042": {
            "year_quarter": 20042,
            "year": 2004,
            "quarter": 2,
            "eps": 0.67,
            "eps_growth_year": null,
            "eps_4q": null,
            "eps_4q_growth_year": null,
            "roe": 5.09,
            "roe_4q": 13.76,
            "gross_profit": 30095,
            "gross_margin": 41.52,
            "gross_margin_4q_avg": 23.27,
            "net_income": 13330,
            "revenue": 72485,
            "common_shares": 200000,
            "book_valuer_per_share": 13.37,
            "book_valuer_per_share_4q_avg": 9.5,
            "equity": 267316,
            "current_ratio": 550.14,
            "debt_ratio": 37.13,
            "inventory_turnover_ratio": 50.4,
            "account_receivable_turnover_ratio": null,
            "reinvestment_rate": null,
            "research_to_sale_ratio": null,
            "price_fair": 8.04,
            "eps_avg_yearly": 2.68,
            "eps_latest_yearly": 2.68,
            "eps_growth_yearly": -149.53
        },
        "20043": {
            "year_quarter": 20043,
            "year": 2004,
            "quarter": 3,
            "eps": 0.79,
            "eps_growth_year": null,
            "eps_4q": null,
            "eps_4q_growth_year": null,
            "roe": 6.33,
            "roe_4q": 20.09,
            "gross_profit": 35339,
            "gross_margin": 44.38,
            "gross_margin_4q_avg": 34.36,
            "net_income": 17470,
            "revenue": 79622,
            "common_shares": 220000,
            "book_valuer_per_share": 12.94,
            "book_valuer_per_share_4q_avg": 12.73,
            "equity": 284786,
            "current_ratio": 276.98,
            "debt_ratio": 17.42,
            "inventory_turnover_ratio": 96.16,
            "account_receivable_turnover_ratio": null,
            "reinvestment_rate": null,
            "research_to_sale_ratio": null,
            "price_fair": 8.76,
            "eps_avg_yearly": 2.92,
            "eps_latest_yearly": 3.16,
            "eps_growth_yearly": -38.95
        },
        "20044": {
            "year_quarter": 20044,
            "year": 2004,
            "quarter": 4,
            "eps": 0.96,
            "eps_growth_year": null,
            "eps_4q": 3.33,
            "eps_4q_growth_year": null,
            "roe": 7.14,
            "roe_4q": 27.229999999999997,
            "gross_profit": 43459,
            "gross_margin": 47.68,
            "gross_margin_4q_avg": 46.28,
            "net_income": 21087,
            "revenue": 91145,
            "common_shares": 220000,
            "book_valuer_per_share": 13.9,
            "book_valuer_per_share_4q_avg": 13.26,
            "equity": 305873,
            "current_ratio": 265.64,
            "debt_ratio": 20.28,
            "inventory_turnover_ratio": 28.26,
            "account_receivable_turnover_ratio": null,
            "reinvestment_rate": null,
            "research_to_sale_ratio": null,
            "price_fair": 41.07,
            "eps_avg_yearly": 3.23,
            "eps_latest_yearly": 3.84,
            "eps_growth_yearly": 2.73
        },
        "20051": {
            "year_quarter": 20051,
            "year": 2005,
            "quarter": 1,
            "eps": 1.72,
            "eps_growth_year": 60.75,
            "eps_4q": 4.08,
            "eps_4q_growth_year": null,
            "roe": 11.65,
            "roe_4q": 30.209999999999997,
            "gross_profit": 58808,
            "gross_margin": 52.64,
            "gross_margin_4q_avg": 46.56,
            "net_income": 37836,
            "revenue": 111707,
            "common_shares": 220000,
            "book_valuer_per_share": 15.62,
            "book_valuer_per_share_4q_avg": 13.96,
            "equity": 343709,
            "current_ratio": 326.43,
            "debt_ratio": 19.65,
            "inventory_turnover_ratio": 16.43,
            "account_receivable_turnover_ratio": null,
            "reinvestment_rate": null,
            "research_to_sale_ratio": null,
            "price_fair": 144.9,
            "eps_avg_yearly": 4.14,
            "eps_latest_yearly": 6.88,
            "eps_growth_yearly": 81.21
        },
        "20052": {
            "year_quarter": 20052,
            "year": 2005,
            "quarter": 2,
            "eps": 0.95,
            "eps_growth_year": 41.79,
            "eps_4q": 4.43,
            "eps_4q_growth_year": null,
            "roe": 5.95,
            "roe_4q": 31.07,
            "gross_profit": 38304,
            "gross_margin": 41.54,
            "gross_margin_4q_avg": 46.56,
            "net_income": 20873,
            "revenue": 92205,
            "common_shares": 220000,
            "book_valuer_per_share": 16.26,
            "book_valuer_per_share_4q_avg": 14.68,
            "equity": 357653,
            "current_ratio": 388.23,
            "debt_ratio": 17.51,
            "inventory_turnover_ratio": 13.56,
            "account_receivable_turnover_ratio": null,
            "reinvestment_rate": null,
            "research_to_sale_ratio": null,
            "price_fair": 142.52,
            "eps_avg_yearly": 4.07,
            "eps_latest_yearly": 3.8,
            "eps_growth_yearly": 29.16
        },
        "20053": {
            "year_quarter": 20053,
            "year": 2005,
            "quarter": 3,
            "eps": 0.44,
            "eps_growth_year": -44.3,
            "eps_4q": 3.28,
            "eps_4q_growth_year": null,
            "roe": 3.39,
            "roe_4q": 28.130000000000003,
            "gross_profit": 26973,
            "gross_margin": 33.49,
            "gross_margin_4q_avg": 43.84,
            "net_income": 12350,
            "revenue": 80549,
            "common_shares": 278959,
            "book_valuer_per_share": 13.26,
            "book_valuer_per_share_4q_avg": 14.76,
            "equity": 370003,
            "current_ratio": 552.65,
            "debt_ratio": 13.88,
            "inventory_turnover_ratio": 10.95,
            "account_receivable_turnover_ratio": null,
            "reinvestment_rate": null,
            "research_to_sale_ratio": null,
            "price_fair": 11.06,
            "eps_avg_yearly": 3.69,
            "eps_latest_yearly": 1.76,
            "eps_growth_yearly": -11.49
        },
        "20054": {
            "year_quarter": 20054,
            "year": 2005,
            "quarter": 4,
            "eps": 0.13,
            "eps_growth_year": -86.46,
            "eps_4q": 2.71,
            "eps_4q_growth_year": -18.6,
            "roe": 0.96,
            "roe_4q": 21.950000000000003,
            "gross_profit": 21691,
            "gross_margin": 29.69,
            "gross_margin_4q_avg": 39.34,
            "net_income": 3576,
            "revenue": 73069,
            "common_shares": 278959,
            "book_valuer_per_share": 13.39,
            "book_valuer_per_share_4q_avg": 14.63,
            "equity": 373578,
            "current_ratio": 481.73,
            "debt_ratio": 14.59,
            "inventory_turnover_ratio": 8.89,
            "account_receivable_turnover_ratio": null,
            "reinvestment_rate": null,
            "research_to_sale_ratio": null,
            "price_fair": 9.7,
            "eps_avg_yearly": 3.23,
            "eps_latest_yearly": 0.52,
            "eps_growth_yearly": -50.11
        },
        "20061": {
            "year_quarter": 20061,
            "year": 2006,
            "quarter": 1,
            "eps": 0.63,
            "eps_growth_year": -63.37,
            "eps_4q": 1.93,
            "eps_4q_growth_year": -52.66,
            "roe": 3.94,
            "roe_4q": 14.240000000000002,
            "gross_profit": 32575,
            "gross_margin": 37.66,
            "gross_margin_4q_avg": 35.6,
            "net_income": 17823,
            "revenue": 86491,
            "common_shares": 313959,
            "book_valuer_per_share": 16.93,
            "book_valuer_per_share_4q_avg": 14.96,
            "equity": 531402,
            "current_ratio": 864.88,
            "debt_ratio": 10.69,
            "inventory_turnover_ratio": 11.51,
            "account_receivable_turnover_ratio": null,
            "reinvestment_rate": null,
            "research_to_sale_ratio": null,
            "price_fair": 110.08,
            "eps_avg_yearly": 3.15,
            "eps_latest_yearly": 2.52,
            "eps_growth_yearly": 148.46
        },
        "20062": {
            "year_quarter": 20062,
            "year": 2006,
            "quarter": 2,
            "eps": 0.5,
            "eps_growth_year": -47.37,
            "eps_4q": 1.53,
            "eps_4q_growth_year": -65.42,
            "roe": 3.13,
            "roe_4q": 11.420000000000002,
            "gross_profit": 29263,
            "gross_margin": 35.12,
            "gross_margin_4q_avg": 33.99,
            "net_income": 16373,
            "revenue": 83312,
            "common_shares": 313959,
            "book_valuer_per_share": 16.36,
            "book_valuer_per_share_4q_avg": 14.99,
            "equity": 513692,
            "current_ratio": 444.64,
            "debt_ratio": 17.4,
            "inventory_turnover_ratio": 16.28,
            "account_receivable_turnover_ratio": null,
            "reinvestment_rate": null,
            "research_to_sale_ratio": null,
            "price_fair": 105.62,
            "eps_avg_yearly": 3.02,
            "eps_latest_yearly": 2,
            "eps_growth_yearly": 122.79
        },
        "20063": {
            "year_quarter": 20063,
            "year": 2006,
            "quarter": 3,
            "eps": 0.45,
            "eps_growth_year": 2.27,
            "eps_4q": 1.58,
            "eps_4q_growth_year": -52.02,
            "roe": 2.9,
            "roe_4q": 10.93,
            "gross_profit": 29310,
            "gross_margin": 35.19,
            "gross_margin_4q_avg": 34.42,
            "net_income": 15108,
            "revenue": 83287,
            "common_shares": 346698,
            "book_valuer_per_share": 15.25,
            "book_valuer_per_share_4q_avg": 15.48,
            "equity": 528800,
            "current_ratio": 1046.94,
            "debt_ratio": 9.29,
            "inventory_turnover_ratio": 15.25,
            "account_receivable_turnover_ratio": null,
            "reinvestment_rate": null,
            "research_to_sale_ratio": null,
            "price_fair": 101.36,
            "eps_avg_yearly": 2.9,
            "eps_latest_yearly": 1.8,
            "eps_growth_yearly": 106.51
        },
        "20064": {
            "year_quarter": 20064,
            "year": 2006,
            "quarter": 4,
            "eps": 0.53,
            "eps_growth_year": 307.69,
            "eps_4q": 1.97,
            "eps_4q_growth_year": -27.27,
            "roe": 3.37,
            "roe_4q": 13.339999999999998,
            "gross_profit": 30442,
            "gross_margin": 36.69,
            "gross_margin_4q_avg": 36.17,
            "net_income": 18106,
            "revenue": 82963,
            "common_shares": 346698,
            "book_valuer_per_share": 15.77,
            "book_valuer_per_share_4q_avg": 16.08,
            "equity": 546906,
            "current_ratio": 1131.07,
            "debt_ratio": 8.76,
            "inventory_turnover_ratio": 21.44,
            "account_receivable_turnover_ratio": null,
            "reinvestment_rate": null,
            "research_to_sale_ratio": null,
            "price_fair": 98.89,
            "eps_avg_yearly": 2.83,
            "eps_latest_yearly": 2.12,
            "eps_growth_yearly": 103.3
        },
        "20071": {
            "year_quarter": 20071,
            "year": 2007,
            "quarter": 1,
            "eps": 0.67,
            "eps_growth_year": 6.35,
            "eps_4q": 2.09,
            "eps_4q_growth_year": 8.26,
            "roe": 4.19,
            "roe_4q": 13.59,
            "gross_profit": 42071,
            "gross_margin": 45.64,
            "gross_margin_4q_avg": 38.16,
            "net_income": 23393,
            "revenue": 92180,
            "common_shares": 346698,
            "book_valuer_per_share": 16.45,
            "book_valuer_per_share_4q_avg": 15.96,
            "equity": 570441,
            "current_ratio": 966.74,
            "debt_ratio": 9.22,
            "inventory_turnover_ratio": 23.05,
            "account_receivable_turnover_ratio": null,
            "reinvestment_rate": null,
            "research_to_sale_ratio": null,
            "price_fair": 98.47,
            "eps_avg_yearly": 2.81,
            "eps_latest_yearly": 2.68,
            "eps_growth_yearly": 103.49
        },
        "20072": {
            "year_quarter": 20072,
            "year": 2007,
            "quarter": 2,
            "eps": 0.24,
            "eps_growth_year": -52,
            "eps_4q": 1.87,
            "eps_4q_growth_year": 22.27,
            "roe": 1.46,
            "roe_4q": 11.92,
            "gross_profit": 34101,
            "gross_margin": 39.32,
            "gross_margin_4q_avg": 39.21,
            "net_income": 8327,
            "revenue": 86729,
            "common_shares": 346698,
            "book_valuer_per_share": 16.51,
            "book_valuer_per_share_4q_avg": 16,
            "equity": 572542,
            "current_ratio": 766.6,
            "debt_ratio": 10.71,
            "inventory_turnover_ratio": 3.86,
            "account_receivable_turnover_ratio": null,
            "reinvestment_rate": null,
            "research_to_sale_ratio": null,
            "price_fair": 93.48,
            "eps_avg_yearly": 2.67,
            "eps_latest_yearly": 0.96,
            "eps_growth_yearly": 75.78
        },
        "20073": {
            "year_quarter": 20073,
            "year": 2007,
            "quarter": 3,
            "eps": 0.57,
            "eps_growth_year": 26.67,
            "eps_4q": 2.02,
            "eps_4q_growth_year": 28.1,
            "roe": 3.37,
            "roe_4q": 12.39,
            "gross_profit": 54731,
            "gross_margin": 51.67,
            "gross_margin_4q_avg": 43.33,
            "net_income": 19618,
            "revenue": 105934,
            "common_shares": 346698,
            "book_valuer_per_share": 17.08,
            "book_valuer_per_share_4q_avg": 16.45,
            "equity": 592034,
            "current_ratio": 722.42,
            "debt_ratio": 11.01,
            "inventory_turnover_ratio": 1.33,
            "account_receivable_turnover_ratio": null,
            "reinvestment_rate": null,
            "research_to_sale_ratio": null,
            "price_fair": 92.5,
            "eps_avg_yearly": 2.64,
            "eps_latest_yearly": 2.28,
            "eps_growth_yearly": 109.66
        },
        "20074": {
            "year_quarter": 20074,
            "year": 2007,
            "quarter": 4,
            "eps": 0.24,
            "eps_growth_year": -54.72,
            "eps_4q": 1.51,
            "eps_4q_growth_year": -23.27,
            "roe": 1.62,
            "roe_4q": 10.64,
            "gross_profit": 48039,
            "gross_margin": 42.85,
            "gross_margin_4q_avg": 44.87,
            "net_income": 9671,
            "revenue": 112100,
            "common_shares": 401650,
            "book_valuer_per_share": 14.98,
            "book_valuer_per_share_4q_avg": 16.26,
            "equity": 601627,
            "current_ratio": 540.3,
            "debt_ratio": 14.61,
            "inventory_turnover_ratio": 1.01,
            "account_receivable_turnover_ratio": null,
            "reinvestment_rate": -11.82,
            "research_to_sale_ratio": null,
            "price_fair": 88.57,
            "eps_avg_yearly": 2.53,
            "eps_latest_yearly": 0.96,
            "eps_growth_yearly": 86.91
        },
        "20081": {
            "year_quarter": 20081,
            "year": 2008,
            "quarter": 1,
            "eps": 0.37,
            "eps_growth_year": -44.78,
            "eps_4q": 1.32,
            "eps_4q_growth_year": -37.09,
            "roe": 2.34,
            "roe_4q": 8.79,
            "gross_profit": 64401,
            "gross_margin": 52.93,
            "gross_margin_4q_avg": 46.69,
            "net_income": 14727,
            "revenue": 121682,
            "common_shares": 401650,
            "book_valuer_per_share": 16.3,
            "book_valuer_per_share_4q_avg": 16.22,
            "equity": 654713,
            "current_ratio": 1385.18,
            "debt_ratio": 44.61,
            "inventory_turnover_ratio": 0.71,
            "account_receivable_turnover_ratio": null,
            "reinvestment_rate": -9.15,
            "research_to_sale_ratio": null,
            "price_fair": 86.28,
            "eps_avg_yearly": 2.47,
            "eps_latest_yearly": 1.48,
            "eps_growth_yearly": 95.02
        },
        "20082": {
            "year_quarter": 20082,
            "year": 2008,
            "quarter": 2,
            "eps": -0.33,
            "eps_growth_year": -237.5,
            "eps_4q": 0.76,
            "eps_4q_growth_year": -59.3,
            "roe": -2.14,
            "roe_4q": 5.1899999999999995,
            "gross_profit": 57234,
            "gross_margin": 45.45,
            "gross_margin_4q_avg": 48.23,
            "net_income": -13424,
            "revenue": 125938,
            "common_shares": 401650,
            "book_valuer_per_share": 14.89,
            "book_valuer_per_share_4q_avg": 15.81,
            "equity": 597867,
            "current_ratio": 885.9,
            "debt_ratio": 49.12,
            "inventory_turnover_ratio": 0.8,
            "account_receivable_turnover_ratio": null,
            "reinvestment_rate": -9.75,
            "research_to_sale_ratio": null,
            "price_fair": 85.77,
            "eps_avg_yearly": 2.45,
            "eps_latest_yearly": 1.48,
            "eps_growth_yearly": 111.32
        },
        "20083": {
            "year_quarter": 20083,
            "year": 2008,
            "quarter": 3,
            "eps": 0.27,
            "eps_growth_year": -52.63,
            "eps_4q": 0.54,
            "eps_4q_growth_year": -73.31,
            "roe": 1.85,
            "roe_4q": 3.67,
            "gross_profit": 61223,
            "gross_margin": 41.73,
            "gross_margin_4q_avg": 45.74,
            "net_income": 11037,
            "revenue": 146723,
            "common_shares": 401764,
            "book_valuer_per_share": 14.84,
            "book_valuer_per_share_4q_avg": 15.25,
            "equity": 596075,
            "current_ratio": 858.9,
            "debt_ratio": 47.78,
            "inventory_turnover_ratio": 0.75,
            "account_receivable_turnover_ratio": null,
            "reinvestment_rate": -1.91,
            "research_to_sale_ratio": null,
            "price_fair": 84,
            "eps_avg_yearly": 2.4,
            "eps_latest_yearly": 1.48,
            "eps_growth_yearly": 114.16
        },
        "20084": {
            "year_quarter": 20084,
            "year": 2008,
            "quarter": 4,
            "eps": -1.05,
            "eps_growth_year": -537.5,
            "eps_4q": -0.74,
            "eps_4q_growth_year": -148.88,
            "roe": -7.37,
            "roe_4q": -5.32,
            "gross_profit": 48601,
            "gross_margin": 32,
            "gross_margin_4q_avg": 43.03,
            "net_income": -41829,
            "revenue": 151884,
            "common_shares": 401764,
            "book_valuer_per_share": 13.42,
            "book_valuer_per_share_4q_avg": 14.86,
            "equity": 539219,
            "current_ratio": 824.29,
            "debt_ratio": 50.53,
            "inventory_turnover_ratio": 0.74,
            "account_receivable_turnover_ratio": 2.06,
            "reinvestment_rate": -7.43,
            "research_to_sale_ratio": null,
            "price_fair": 80.12,
            "eps_avg_yearly": 2.29,
            "eps_latest_yearly": 1.48,
            "eps_growth_yearly": 116.32
        },
        "20091": {
            "year_quarter": 20091,
            "year": 2009,
            "quarter": 1,
            "eps": 0.02,
            "eps_growth_year": -94.59,
            "eps_4q": -1.04,
            "eps_4q_growth_year": -179.3,
            "roe": 0.15,
            "roe_4q": -7.51,
            "gross_profit": 70172,
            "gross_margin": 51.99,
            "gross_margin_4q_avg": 42.79,
            "net_income": 832,
            "revenue": 134980,
            "common_shares": 401764,
            "book_valuer_per_share": 13.47,
            "book_valuer_per_share_4q_avg": 14.16,
            "equity": 541259,
            "current_ratio": 146.72,
            "debt_ratio": 55.78,
            "inventory_turnover_ratio": 0.49,
            "account_receivable_turnover_ratio": 0.91,
            "reinvestment_rate": -7.34,
            "research_to_sale_ratio": null,
            "price_fair": 66.73,
            "eps_avg_yearly": 1.91,
            "eps_latest_yearly": 1.48,
            "eps_growth_yearly": 99.62
        },
        "20092": {
            "year_quarter": 20092,
            "year": 2009,
            "quarter": 2,
            "eps": -0.46,
            "eps_growth_year": null,
            "eps_4q": -1.19,
            "eps_4q_growth_year": -255.62,
            "roe": -3.33,
            "roe_4q": -8.700000000000001,
            "gross_profit": 53030,
            "gross_margin": 42.41,
            "gross_margin_4q_avg": 42.03,
            "net_income": -17710,
            "revenue": 125054,
            "common_shares": 402180,
            "book_valuer_per_share": 13.02,
            "book_valuer_per_share_4q_avg": 13.69,
            "equity": 523592,
            "current_ratio": 158.72,
            "debt_ratio": 50.22,
            "inventory_turnover_ratio": 0.58,
            "account_receivable_turnover_ratio": 0.82,
            "reinvestment_rate": -17.21,
            "research_to_sale_ratio": null,
            "price_fair": 60.71,
            "eps_avg_yearly": 1.73,
            "eps_latest_yearly": 1.48,
            "eps_growth_yearly": 124.96
        },
        "20093": {
            "year_quarter": 20093,
            "year": 2009,
            "quarter": 3,
            "eps": -0.41,
            "eps_growth_year": -251.85,
            "eps_4q": -1.65,
            "eps_4q_growth_year": -406.37,
            "roe": -2.63,
            "roe_4q": -13.18,
            "gross_profit": 67921,
            "gross_margin": 52.55,
            "gross_margin_4q_avg": 44.74,
            "net_income": -15864,
            "revenue": 129253,
            "common_shares": 452040,
            "book_valuer_per_share": 15.13,
            "book_valuer_per_share_4q_avg": 13.76,
            "equity": 684161,
            "current_ratio": 220.66,
            "debt_ratio": 36.93,
            "inventory_turnover_ratio": 0.52,
            "account_receivable_turnover_ratio": 0.8,
            "reinvestment_rate": -24.93,
            "research_to_sale_ratio": null,
            "price_fair": 60.62,
            "eps_avg_yearly": 1.73,
            "eps_latest_yearly": 1.48,
            "eps_growth_yearly": 158.92
        },
        "20094": {
            "year_quarter": 20094,
            "year": 2009,
            "quarter": 4,
            "eps": -0.12,
            "eps_growth_year": null,
            "eps_4q": -0.85,
            "eps_4q_growth_year": null,
            "roe": -0.72,
            "roe_4q": -6.529999999999999,
            "gross_profit": 60903,
            "gross_margin": 45.61,
            "gross_margin_4q_avg": 48.14,
            "net_income": -4948,
            "revenue": 133530,
            "common_shares": 452735,
            "book_valuer_per_share": 19.6,
            "book_valuer_per_share_4q_avg": 15.31,
            "equity": 681295,
            "current_ratio": 199.53,
            "debt_ratio": 39.06,
            "inventory_turnover_ratio": 0.62,
            "account_receivable_turnover_ratio": 1.47,
            "reinvestment_rate": 48.88,
            "research_to_sale_ratio": null,
            "price_fair": 65.33,
            "eps_avg_yearly": 1.87,
            "eps_latest_yearly": 1.48,
            "eps_growth_yearly": 207.9
        },
        "20101": {
            "year_quarter": 20101,
            "year": 2010,
            "quarter": 1,
            "eps": -0.73,
            "eps_growth_year": -3750,
            "eps_4q": -1.6,
            "eps_4q_growth_year": null,
            "roe": -4.83,
            "roe_4q": -11.51,
            "gross_profit": 84040,
            "gross_margin": 54.2,
            "gross_margin_4q_avg": 48.69,
            "net_income": -32124,
            "revenue": 155060,
            "common_shares": 452735,
            "book_valuer_per_share": 14.67,
            "book_valuer_per_share_4q_avg": 15.61,
            "equity": 648925,
            "current_ratio": 131.63,
            "debt_ratio": 44.56,
            "inventory_turnover_ratio": 0.63,
            "account_receivable_turnover_ratio": 0.85,
            "reinvestment_rate": 2122.64,
            "research_to_sale_ratio": null,
            "price_fair": 62.48,
            "eps_avg_yearly": 1.79,
            "eps_latest_yearly": 1.48,
            "eps_growth_yearly": 41.58
        },
        "20102": {
            "year_quarter": 20102,
            "year": 2010,
            "quarter": 2,
            "eps": -0.28,
            "eps_growth_year": null,
            "eps_4q": -1.48,
            "eps_4q_growth_year": null,
            "roe": -1.93,
            "roe_4q": -10.11,
            "gross_profit": 79190,
            "gross_margin": 49.72,
            "gross_margin_4q_avg": 50.52,
            "net_income": -12386,
            "revenue": 159275,
            "common_shares": 452735,
            "book_valuer_per_share": 14.41,
            "book_valuer_per_share_4q_avg": 15.95,
            "equity": 637103,
            "current_ratio": 139.66,
            "debt_ratio": 46.24,
            "inventory_turnover_ratio": 0.72,
            "account_receivable_turnover_ratio": 0.88,
            "reinvestment_rate": null,
            "research_to_sale_ratio": null,
            "price_fair": 61.4,
            "eps_avg_yearly": 1.75,
            "eps_latest_yearly": 1.48,
            "eps_growth_yearly": 59.31
        },
        "20103": {
            "year_quarter": 20103,
            "year": 2010,
            "quarter": 3,
            "eps": -0.01,
            "eps_growth_year": null,
            "eps_4q": -1.13,
            "eps_4q_growth_year": null,
            "roe": -0.08,
            "roe_4q": -7.56,
            "gross_profit": 89911,
            "gross_margin": 50,
            "gross_margin_4q_avg": 49.88,
            "net_income": -517,
            "revenue": 179833,
            "common_shares": 452735,
            "book_valuer_per_share": 14.37,
            "book_valuer_per_share_4q_avg": 15.76,
            "equity": 635515,
            "current_ratio": 163.85,
            "debt_ratio": 36.89,
            "inventory_turnover_ratio": 0.77,
            "account_receivable_turnover_ratio": 1.01,
            "reinvestment_rate": null,
            "research_to_sale_ratio": null,
            "price_fair": 61.13,
            "eps_avg_yearly": 1.75,
            "eps_latest_yearly": 1.48,
            "eps_growth_yearly": 75.86
        },
        "20104": {
            "year_quarter": 20104,
            "year": 2010,
            "quarter": 4,
            "eps": 0.04,
            "eps_growth_year": null,
            "eps_4q": -0.95,
            "eps_4q_growth_year": null,
            "roe": 0.3,
            "roe_4q": -6.54,
            "gross_profit": 102669,
            "gross_margin": 52,
            "gross_margin_4q_avg": 51.48,
            "net_income": 1971,
            "revenue": 197431,
            "common_shares": 452735,
            "book_valuer_per_share": 14.66,
            "book_valuer_per_share_4q_avg": 14.53,
            "equity": 663765,
            "current_ratio": 181.97,
            "debt_ratio": 34.34,
            "inventory_turnover_ratio": 0.82,
            "account_receivable_turnover_ratio": 1.1,
            "reinvestment_rate": null,
            "research_to_sale_ratio": null,
            "price_fair": 58.52,
            "eps_avg_yearly": 1.67,
            "eps_latest_yearly": 1.48,
            "eps_growth_yearly": 76.81
        },
        "20111": {
            "year_quarter": 20111,
            "year": 2011,
            "quarter": 1,
            "eps": 0.26,
            "eps_growth_year": null,
            "eps_4q": 0.02,
            "eps_4q_growth_year": null,
            "roe": 1.73,
            "roe_4q": 0.019999999999999796,
            "gross_profit": 110619,
            "gross_margin": 52.8,
            "gross_margin_4q_avg": 51.13,
            "net_income": 11841,
            "revenue": 209492,
            "common_shares": 460818,
            "book_valuer_per_share": 15.27,
            "book_valuer_per_share_4q_avg": 14.68,
            "equity": 703519,
            "current_ratio": 169.62,
            "debt_ratio": 36.87,
            "inventory_turnover_ratio": 0.92,
            "account_receivable_turnover_ratio": 1.14,
            "reinvestment_rate": null,
            "research_to_sale_ratio": null,
            "price_fair": 47.04,
            "eps_avg_yearly": 1.34,
            "eps_latest_yearly": 1.04,
            "eps_growth_yearly": 495.67
        },
        "20112": {
            "year_quarter": 20112,
            "year": 2011,
            "quarter": 2,
            "eps": 0.13,
            "eps_growth_year": null,
            "eps_4q": 0.41,
            "eps_4q_growth_year": null,
            "roe": 0.82,
            "roe_4q": 2.7699999999999996,
            "gross_profit": 104911,
            "gross_margin": 56.03,
            "gross_margin_4q_avg": 52.71,
            "net_income": 5842,
            "revenue": 187228,
            "common_shares": 465540,
            "book_valuer_per_share": 15.56,
            "book_valuer_per_share_4q_avg": 14.97,
            "equity": 724362,
            "current_ratio": 168.23,
            "debt_ratio": 35.05,
            "inventory_turnover_ratio": 0.74,
            "account_receivable_turnover_ratio": 1.01,
            "reinvestment_rate": null,
            "research_to_sale_ratio": null,
            "price_fair": 43.96,
            "eps_avg_yearly": 1.26,
            "eps_latest_yearly": 0.52,
            "eps_growth_yearly": 507.02
        },
        "20113": {
            "year_quarter": 20113,
            "year": 2011,
            "quarter": 3,
            "eps": 0.22,
            "eps_growth_year": null,
            "eps_4q": 0.64,
            "eps_4q_growth_year": null,
            "roe": 1.4,
            "roe_4q": 4.25,
            "gross_profit": 113669,
            "gross_margin": 53.03,
            "gross_margin_4q_avg": 53.47,
            "net_income": 10184,
            "revenue": 214334,
            "common_shares": 465540,
            "book_valuer_per_share": 15.72,
            "book_valuer_per_share_4q_avg": 15.3,
            "equity": 731909,
            "current_ratio": 169.7,
            "debt_ratio": 35.79,
            "inventory_turnover_ratio": 0.83,
            "account_receivable_turnover_ratio": 1.16,
            "reinvestment_rate": null,
            "research_to_sale_ratio": null,
            "price_fair": 34.16,
            "eps_avg_yearly": 0.98,
            "eps_latest_yearly": 0.88,
            "eps_growth_yearly": 452.4
        },
        "20114": {
            "year_quarter": 20114,
            "year": 2011,
            "quarter": 4,
            "eps": 0,
            "eps_growth_year": -96.03,
            "eps_4q": 0.42,
            "eps_4q_growth_year": null,
            "roe": 0.01,
            "roe_4q": 3.96,
            "gross_profit": 110194,
            "gross_margin": 49.98,
            "gross_margin_4q_avg": 52.96,
            "net_income": 115,
            "revenue": 220478,
            "common_shares": 665540,
            "book_valuer_per_share": 17.11,
            "book_valuer_per_share_4q_avg": 15.92,
            "equity": 1138805,
            "current_ratio": 405.7,
            "debt_ratio": 17.69,
            "inventory_turnover_ratio": 0.83,
            "account_receivable_turnover_ratio": 1.17,
            "reinvestment_rate": null,
            "research_to_sale_ratio": null,
            "price_fair": 34.3,
            "eps_avg_yearly": 0.98,
            "eps_latest_yearly": 0.88,
            "eps_growth_yearly": 623.4
        },
        "20121": {
            "year_quarter": 20121,
            "year": 2012,
            "quarter": 1,
            "eps": 0.05,
            "eps_growth_year": -80.77,
            "eps_4q": 0.29,
            "eps_4q_growth_year": 1360.57,
            "roe": 0.27,
            "roe_4q": 2.5,
            "gross_profit": 112974,
            "gross_margin": 53.71,
            "gross_margin_4q_avg": 53.19,
            "net_income": 3034,
            "revenue": 210336,
            "common_shares": 665540,
            "book_valuer_per_share": 17.15,
            "book_valuer_per_share_4q_avg": 16.39,
            "equity": 1141085,
            "current_ratio": 503.07,
            "debt_ratio": 14.85,
            "inventory_turnover_ratio": 0.68,
            "account_receivable_turnover_ratio": 1.03,
            "reinvestment_rate": null,
            "research_to_sale_ratio": null,
            "price_fair": 28.47,
            "eps_avg_yearly": 0.81,
            "eps_latest_yearly": 0.88,
            "eps_growth_yearly": 758.97
        },
        "20122": {
            "year_quarter": 20122,
            "year": 2012,
            "quarter": 2,
            "eps": -0.51,
            "eps_growth_year": -504.99,
            "eps_4q": -0.31,
            "eps_4q_growth_year": -174.9,
            "roe": -3.04,
            "roe_4q": -1.3600000000000003,
            "gross_profit": 72808,
            "gross_margin": 41.9,
            "gross_margin_4q_avg": 49.66,
            "net_income": -33824,
            "revenue": 173766,
            "common_shares": 665540,
            "book_valuer_per_share": 16.31,
            "book_valuer_per_share_4q_avg": 16.57,
            "equity": 1085520,
            "current_ratio": 431.89,
            "debt_ratio": 16.12,
            "inventory_turnover_ratio": 0.67,
            "account_receivable_turnover_ratio": 0.8,
            "reinvestment_rate": null,
            "research_to_sale_ratio": null,
            "price_fair": 28.47,
            "eps_avg_yearly": 0.81,
            "eps_latest_yearly": 0.88,
            "eps_growth_yearly": 758.97
        },
        "20123": {
            "year_quarter": 20123,
            "year": 2012,
            "quarter": 3,
            "eps": -0.24,
            "eps_growth_year": -211.61,
            "eps_4q": -0.71,
            "eps_4q_growth_year": -210.41,
            "roe": -1.51,
            "roe_4q": -4.27,
            "gross_profit": 94100,
            "gross_margin": 48.09,
            "gross_margin_4q_avg": 48.42,
            "net_income": -16158,
            "revenue": 195670,
            "common_shares": 661800,
            "book_valuer_per_share": 16.03,
            "book_valuer_per_share_4q_avg": 16.65,
            "equity": 1060697,
            "current_ratio": 387.06,
            "debt_ratio": 17.31,
            "inventory_turnover_ratio": 0.67,
            "account_receivable_turnover_ratio": 0.87,
            "reinvestment_rate": null,
            "research_to_sale_ratio": null,
            "price_fair": 28.47,
            "eps_avg_yearly": 0.81,
            "eps_latest_yearly": 0.88,
            "eps_growth_yearly": 758.97
        },
        "20124": {
            "year_quarter": 20124,
            "year": 2012,
            "quarter": 4,
            "eps": -0.62,
            "eps_growth_year": -36164.53,
            "eps_4q": -1.33,
            "eps_4q_growth_year": -416.95,
            "roe": -3.97,
            "roe_4q": -8.25,
            "gross_profit": 59831,
            "gross_margin": 31.91,
            "gross_margin_4q_avg": 43.9,
            "net_income": -41243,
            "revenue": 187513,
            "common_shares": 661800,
            "book_valuer_per_share": 15.39,
            "book_valuer_per_share_4q_avg": 16.22,
            "equity": 1018332,
            "current_ratio": 332.77,
            "debt_ratio": 18.97,
            "inventory_turnover_ratio": 0.99,
            "account_receivable_turnover_ratio": 0.81,
            "reinvestment_rate": null,
            "research_to_sale_ratio": null,
            "price_fair": 28.47,
            "eps_avg_yearly": 0.81,
            "eps_latest_yearly": 0.88,
            "eps_growth_yearly": 758.97
        },
        "20131": {
            "year_quarter": 20131,
            "year": 2013,
            "quarter": 1,
            "eps": 0.11,
            "eps_growth_year": 120,
            "eps_4q": -1.27,
            "eps_4q_growth_year": -542.4,
            "roe": 0.68,
            "roe_4q": -7.84,
            "gross_profit": 112696,
            "gross_margin": 53.81,
            "gross_margin_4q_avg": 43.93,
            "net_income": 6945,
            "revenue": 209419,
            "common_shares": 661230,
            "book_valuer_per_share": 15.4,
            "book_valuer_per_share_4q_avg": 15.78,
            "equity": 1018185,
            "current_ratio": 330.76,
            "debt_ratio": 20.84,
            "inventory_turnover_ratio": 0.86,
            "account_receivable_turnover_ratio": 0.87,
            "reinvestment_rate": null,
            "research_to_sale_ratio": null,
            "price_fair": 28.47,
            "eps_avg_yearly": 0.81,
            "eps_latest_yearly": 0.88,
            "eps_growth_yearly": 758.97
        },
        "20132": {
            "year_quarter": 20132,
            "year": 2013,
            "quarter": 2,
            "eps": 0.13,
            "eps_growth_year": null,
            "eps_4q": -0.62,
            "eps_4q_growth_year": null,
            "roe": 0.9,
            "roe_4q": -3.9000000000000004,
            "gross_profit": 115163,
            "gross_margin": 53.13,
            "gross_margin_4q_avg": 46.74,
            "net_income": 9227,
            "revenue": 216776,
            "common_shares": 661230,
            "book_valuer_per_share": 15.54,
            "book_valuer_per_share_4q_avg": 15.59,
            "equity": 1027805,
            "current_ratio": 328.36,
            "debt_ratio": 20.33,
            "inventory_turnover_ratio": 0.93,
            "account_receivable_turnover_ratio": 0.89,
            "reinvestment_rate": null,
            "research_to_sale_ratio": null,
            "price_fair": 25.9,
            "eps_avg_yearly": 0.74,
            "eps_latest_yearly": 0.52,
            "eps_growth_yearly": 587.41
        },
        "20133": {
            "year_quarter": 20133,
            "year": 2013,
            "quarter": 3,
            "eps": 0.41,
            "eps_growth_year": null,
            "eps_4q": 0.03,
            "eps_4q_growth_year": null,
            "roe": 2.59,
            "roe_4q": 0.19999999999999973,
            "gross_profit": 136949,
            "gross_margin": 57.26,
            "gross_margin_4q_avg": 49.03,
            "net_income": 27007,
            "revenue": 239186,
            "common_shares": 661230,
            "book_valuer_per_share": 15.95,
            "book_valuer_per_share_4q_avg": 15.57,
            "equity": 1054657,
            "current_ratio": 319.94,
            "debt_ratio": 20.8,
            "inventory_turnover_ratio": 0.99,
            "account_receivable_turnover_ratio": 0.99,
            "reinvestment_rate": null,
            "research_to_sale_ratio": null,
            "price_fair": 32.2,
            "eps_avg_yearly": 0.92,
            "eps_latest_yearly": 1.64,
            "eps_growth_yearly": 642.24
        },
        "20134": {
            "year_quarter": 20134,
            "year": 2013,
            "quarter": 4,
            "eps": 0.65,
            "eps_growth_year": null,
            "eps_4q": 1.31,
            "eps_4q_growth_year": null,
            "roe": 4.02,
            "roe_4q": 8.19,
            "gross_profit": 152085,
            "gross_margin": 60.61,
            "gross_margin_4q_avg": 56.2,
            "net_income": 43303,
            "revenue": 250930,
            "common_shares": 661230,
            "book_valuer_per_share": 16.61,
            "book_valuer_per_share_4q_avg": 15.88,
            "equity": 1098546,
            "current_ratio": 344.84,
            "debt_ratio": 19.54,
            "inventory_turnover_ratio": 1.01,
            "account_receivable_turnover_ratio": 1,
            "reinvestment_rate": null,
            "research_to_sale_ratio": null,
            "price_fair": 42,
            "eps_avg_yearly": 1.2,
            "eps_latest_yearly": 2.6,
            "eps_growth_yearly": 574.22
        },
        "20141": {
            "year_quarter": 20141,
            "year": 2014,
            "quarter": 1,
            "eps": 0.41,
            "eps_growth_year": 272.73,
            "eps_4q": 1.61,
            "eps_4q_growth_year": null,
            "roe": 2.43,
            "roe_4q": 9.94,
            "gross_profit": 133254,
            "gross_margin": 55.93,
            "gross_margin_4q_avg": 56.73,
            "net_income": 27024,
            "revenue": 238269,
            "common_shares": 661230,
            "book_valuer_per_share": 17.03,
            "book_valuer_per_share_4q_avg": 16.28,
            "equity": 1125932,
            "current_ratio": 356.36,
            "debt_ratio": 21.34,
            "inventory_turnover_ratio": 1.07,
            "account_receivable_turnover_ratio": 0.92,
            "reinvestment_rate": 305.3,
            "research_to_sale_ratio": null,
            "price_fair": 44.2,
            "eps_avg_yearly": 1.26,
            "eps_latest_yearly": 1.64,
            "eps_growth_yearly": 471.09
        },
        "20142": {
            "year_quarter": 20142,
            "year": 2014,
            "quarter": 2,
            "eps": 0.31,
            "eps_growth_year": 138.46,
            "eps_4q": 1.78,
            "eps_4q_growth_year": null,
            "roe": 1.87,
            "roe_4q": 10.91,
            "gross_profit": 131230,
            "gross_margin": 53.86,
            "gross_margin_4q_avg": 56.92,
            "net_income": 20574,
            "revenue": 243661,
            "common_shares": 661230,
            "book_valuer_per_share": 16.32,
            "book_valuer_per_share_4q_avg": 16.48,
            "equity": 1079235,
            "current_ratio": 194.35,
            "debt_ratio": 37.74,
            "inventory_turnover_ratio": 1.14,
            "account_receivable_turnover_ratio": 0.93,
            "reinvestment_rate": 74.78,
            "research_to_sale_ratio": null,
            "price_fair": 44.1,
            "eps_avg_yearly": 1.26,
            "eps_latest_yearly": 1.24,
            "eps_growth_yearly": 400.01
        },
        "20143": {
            "year_quarter": 20143,
            "year": 2014,
            "quarter": 3,
            "eps": 0.43,
            "eps_growth_year": 4.88,
            "eps_4q": 1.8,
            "eps_4q_growth_year": 6047.68,
            "roe": 2.57,
            "roe_4q": 10.889999999999999,
            "gross_profit": 146992,
            "gross_margin": 56.68,
            "gross_margin_4q_avg": 56.77,
            "net_income": 28119,
            "revenue": 259319,
            "common_shares": 661230,
            "book_valuer_per_share": 16.77,
            "book_valuer_per_share_4q_avg": 16.68,
            "equity": 1108917,
            "current_ratio": 199.86,
            "debt_ratio": 36.1,
            "inventory_turnover_ratio": 1.24,
            "account_receivable_turnover_ratio": 0.96,
            "reinvestment_rate": 112.81,
            "research_to_sale_ratio": null,
            "price_fair": 45.89,
            "eps_avg_yearly": 1.31,
            "eps_latest_yearly": 1.72,
            "eps_growth_yearly": 372.77
        },
        "20144": {
            "year_quarter": 20144,
            "year": 2014,
            "quarter": 4,
            "eps": 0.39,
            "eps_growth_year": -40.3,
            "eps_4q": 1.54,
            "eps_4q_growth_year": 17.44,
            "roe": 2.3,
            "roe_4q": 9.17,
            "gross_profit": 133629,
            "gross_margin": 54.06,
            "gross_margin_4q_avg": 55.13,
            "net_income": 25850,
            "revenue": 247188,
            "common_shares": 661230,
            "book_valuer_per_share": 17.25,
            "book_valuer_per_share_4q_avg": 16.84,
            "equity": 1140659,
            "current_ratio": 200.36,
            "debt_ratio": 36.72,
            "inventory_turnover_ratio": 1.33,
            "account_receivable_turnover_ratio": 0.87,
            "reinvestment_rate": 118.62,
            "research_to_sale_ratio": null,
            "price_fair": 46.76,
            "eps_avg_yearly": 1.34,
            "eps_latest_yearly": 1.56,
            "eps_growth_yearly": 331.77
        },
        "20151": {
            "year_quarter": 20151,
            "year": 2015,
            "quarter": 1,
            "eps": 0.28,
            "eps_growth_year": -31.71,
            "eps_4q": 1.41,
            "eps_4q_growth_year": -12.78,
            "roe": 1.6,
            "roe_4q": 8.34,
            "gross_profit": 135874,
            "gross_margin": 54.41,
            "gross_margin_4q_avg": 54.75,
            "net_income": 18396,
            "revenue": 249714,
            "common_shares": 661230,
            "book_valuer_per_share": 17.5,
            "book_valuer_per_share_4q_avg": 16.96,
            "equity": 1157211,
            "current_ratio": 200.22,
            "debt_ratio": 37.42,
            "inventory_turnover_ratio": 1.39,
            "account_receivable_turnover_ratio": 0.85,
            "reinvestment_rate": 145.92,
            "research_to_sale_ratio": null,
            "price_fair": 47.04,
            "eps_avg_yearly": 1.34,
            "eps_latest_yearly": 1.12,
            "eps_growth_yearly": 100.49
        },
        "20152": {
            "year_quarter": 20152,
            "year": 2015,
            "quarter": 2,
            "eps": 0.3,
            "eps_growth_year": -3.23,
            "eps_4q": 1.4,
            "eps_4q_growth_year": -21.61,
            "roe": 1.77,
            "roe_4q": 8.24,
            "gross_profit": 148613,
            "gross_margin": 57.92,
            "gross_margin_4q_avg": 55.77,
            "net_income": 20039,
            "revenue": 256565,
            "common_shares": 661230,
            "book_valuer_per_share": 16.74,
            "book_valuer_per_share_4q_avg": 17.07,
            "equity": 1106896,
            "current_ratio": 187.49,
            "debt_ratio": 38.96,
            "inventory_turnover_ratio": 1.24,
            "account_receivable_turnover_ratio": 0.87,
            "reinvestment_rate": 121.42,
            "research_to_sale_ratio": 0,
            "price_fair": 49.42,
            "eps_avg_yearly": 1.41,
            "eps_latest_yearly": 1.2,
            "eps_growth_yearly": 123.35
        },
        "20153": {
            "year_quarter": 20153,
            "year": 2015,
            "quarter": 3,
            "eps": 0.37,
            "eps_growth_year": -13.95,
            "eps_4q": 1.35,
            "eps_4q_growth_year": -25.22,
            "roe": 2.2,
            "roe_4q": 7.87,
            "gross_profit": 139941,
            "gross_margin": 53.39,
            "gross_margin_4q_avg": 54.95,
            "net_income": 24692,
            "revenue": 262095,
            "common_shares": 661230,
            "book_valuer_per_share": 17.15,
            "book_valuer_per_share_4q_avg": 17.16,
            "equity": 1134280,
            "current_ratio": 194.24,
            "debt_ratio": 40.04,
            "inventory_turnover_ratio": 1.36,
            "account_receivable_turnover_ratio": 0.87,
            "reinvestment_rate": 183.99,
            "research_to_sale_ratio": null,
            "price_fair": 51.52,
            "eps_avg_yearly": 1.47,
            "eps_latest_yearly": 1.48,
            "eps_growth_yearly": 104.99
        },
        "20154": {
            "year_quarter": 20154,
            "year": 2015,
            "quarter": 4,
            "eps": 0.27,
            "eps_growth_year": -30.68,
            "eps_4q": 1.23,
            "eps_4q_growth_year": -20.18,
            "roe": 1.57,
            "roe_4q": 7.140000000000001,
            "gross_profit": 141167,
            "gross_margin": 57.42,
            "gross_margin_4q_avg": 55.79,
            "net_income": 17941,
            "revenue": 245864,
            "common_shares": 661230,
            "book_valuer_per_share": 17.39,
            "book_valuer_per_share_4q_avg": 17.2,
            "equity": 1149748,
            "current_ratio": 186.28,
            "debt_ratio": 39.16,
            "inventory_turnover_ratio": 1.27,
            "account_receivable_turnover_ratio": 0.81,
            "reinvestment_rate": 154.85,
            "research_to_sale_ratio": null,
            "price_fair": 50.27,
            "eps_avg_yearly": 1.44,
            "eps_latest_yearly": 1.08,
            "eps_growth_yearly": 85.61
        },
        "20161": {
            "year_quarter": 20161,
            "year": 2016,
            "quarter": 1,
            "eps": 0.1,
            "eps_growth_year": -64.29,
            "eps_4q": 1.04,
            "eps_4q_growth_year": -25.74,
            "roe": 0.55,
            "roe_4q": 6.09,
            "gross_profit": 133587,
            "gross_margin": 53.54,
            "gross_margin_4q_avg": 55.57,
            "net_income": 6344,
            "revenue": 249504,
            "common_shares": 661230,
            "book_valuer_per_share": 17.46,
            "book_valuer_per_share_4q_avg": 17.19,
            "equity": 1154706,
            "current_ratio": 196.21,
            "debt_ratio": 36.41,
            "inventory_turnover_ratio": 1.44,
            "account_receivable_turnover_ratio": 0.83,
            "reinvestment_rate": 141.13,
            "research_to_sale_ratio": null,
            "price_fair": 47.25,
            "eps_avg_yearly": 1.35,
            "eps_latest_yearly": 0.4,
            "eps_growth_yearly": 57.49
        },
        "20162": {
            "year_quarter": 20162,
            "year": 2016,
            "quarter": 2,
            "eps": 0.4,
            "eps_growth_year": 33.33,
            "eps_4q": 1.14,
            "eps_4q_growth_year": -18.52,
            "roe": 2.33,
            "roe_4q": 6.65,
            "gross_profit": 150106,
            "gross_margin": 54.89,
            "gross_margin_4q_avg": 54.81,
            "net_income": 26366,
            "revenue": 273481,
            "common_shares": 661230,
            "book_valuer_per_share": 16.72,
            "book_valuer_per_share_4q_avg": 17.18,
            "equity": 1105636,
            "current_ratio": 176.31,
            "debt_ratio": 38.5,
            "inventory_turnover_ratio": 1.56,
            "account_receivable_turnover_ratio": 0.9,
            "reinvestment_rate": 105.53,
            "research_to_sale_ratio": null,
            "price_fair": 47.92,
            "eps_avg_yearly": 1.37,
            "eps_latest_yearly": 1.6,
            "eps_growth_yearly": 145.38
        },
        "20163": {
            "year_quarter": 20163,
            "year": 2016,
            "quarter": 3,
            "eps": 0.18,
            "eps_growth_year": -51.35,
            "eps_4q": 0.94,
            "eps_4q_growth_year": -29.93,
            "roe": 1.06,
            "roe_4q": 5.510000000000001,
            "gross_profit": 146856,
            "gross_margin": 54.51,
            "gross_margin_4q_avg": 55.09,
            "net_income": 11727,
            "revenue": 269424,
            "common_shares": 661230,
            "book_valuer_per_share": 16.84,
            "book_valuer_per_share_4q_avg": 17.1,
            "equity": 1113483,
            "current_ratio": 183.94,
            "debt_ratio": 36.15,
            "inventory_turnover_ratio": 1.68,
            "account_receivable_turnover_ratio": 0.87,
            "reinvestment_rate": 87.38,
            "research_to_sale_ratio": null,
            "price_fair": 46.3,
            "eps_avg_yearly": 1.32,
            "eps_latest_yearly": 0.72,
            "eps_growth_yearly": 119.28
        },
        "20164": {
            "year_quarter": 20164,
            "year": 2016,
            "quarter": 4,
            "eps": 0.72,
            "eps_growth_year": 164.32,
            "eps_4q": 1.39,
            "eps_4q_growth_year": 13.24,
            "roe": 4.17,
            "roe_4q": 8.110000000000001,
            "gross_profit": 160458,
            "gross_margin": 57.19,
            "gross_margin_4q_avg": 55.03,
            "net_income": 47367,
            "revenue": 280564,
            "common_shares": 661230,
            "book_valuer_per_share": 17.54,
            "book_valuer_per_share_4q_avg": 17.14,
            "equity": 1159853,
            "current_ratio": 193.9,
            "debt_ratio": 33.45,
            "inventory_turnover_ratio": 1.65,
            "account_receivable_turnover_ratio": 0.91,
            "reinvestment_rate": 66.15,
            "research_to_sale_ratio": null,
            "price_fair": 49.93,
            "eps_avg_yearly": 1.43,
            "eps_latest_yearly": 2.88,
            "eps_growth_yearly": 191.33
        },
        "20171": {
            "year_quarter": 20171,
            "year": 2017,
            "quarter": 1,
            "eps": 0.16,
            "eps_growth_year": 60,
            "eps_4q": 1.45,
            "eps_4q_growth_year": 38.79,
            "roe": 0.89,
            "roe_4q": 8.45,
            "gross_profit": 129842,
            "gross_margin": 52.26,
            "gross_margin_4q_avg": 54.71,
            "net_income": 10330,
            "revenue": 248452,
            "common_shares": 661230,
            "book_valuer_per_share": 17.59,
            "book_valuer_per_share_4q_avg": 17.17,
            "equity": 1163399,
            "current_ratio": 201.55,
            "debt_ratio": 31.87,
            "inventory_turnover_ratio": 1.67,
            "account_receivable_turnover_ratio": 0.82,
            "reinvestment_rate": 55.65,
            "research_to_sale_ratio": null,
            "price_fair": 48.21,
            "eps_avg_yearly": 1.38,
            "eps_latest_yearly": 0.64,
            "eps_growth_yearly": 159.93
        },
        "20172": {
            "year_quarter": 20172,
            "year": 2017,
            "quarter": 2,
            "eps": 0.44,
            "eps_growth_year": 10,
            "eps_4q": 1.33,
            "eps_4q_growth_year": 17.1,
            "roe": 1.78,
            "roe_4q": 7.9,
            "gross_profit": 148172,
            "gross_margin": 54.89,
            "gross_margin_4q_avg": 54.71,
            "net_income": 22592,
            "revenue": 269942,
            "common_shares": 761230,
            "book_valuer_per_share": 17.51,
            "book_valuer_per_share_4q_avg": 17.37,
            "equity": 1368266,
            "current_ratio": 269.3,
            "debt_ratio": 25.29,
            "inventory_turnover_ratio": 1.85,
            "account_receivable_turnover_ratio": 0.9,
            "reinvestment_rate": 53.42,
            "research_to_sale_ratio": null,
            "price_fair": 50.93,
            "eps_avg_yearly": 1.46,
            "eps_latest_yearly": 1.76,
            "eps_growth_yearly": 199.13
        },
        "20173": {
            "year_quarter": 20173,
            "year": 2017,
            "quarter": 3,
            "eps": 0.55,
            "eps_growth_year": 205.56,
            "eps_4q": 1.73,
            "eps_4q_growth_year": 83.14,
            "roe": 2.23,
            "roe_4q": 9.07,
            "gross_profit": 158563,
            "gross_margin": 55.47,
            "gross_margin_4q_avg": 54.95,
            "net_income": 32170,
            "revenue": 285848,
            "common_shares": 761230,
            "book_valuer_per_share": 18.07,
            "book_valuer_per_share_4q_avg": 17.68,
            "equity": 1515352,
            "current_ratio": 329.82,
            "debt_ratio": 21.25,
            "inventory_turnover_ratio": 2.02,
            "account_receivable_turnover_ratio": 0.95,
            "reinvestment_rate": 49.78,
            "research_to_sale_ratio": null,
            "price_fair": 52.15,
            "eps_avg_yearly": 1.49,
            "eps_latest_yearly": 2.2,
            "eps_growth_yearly": 151.53
        },
        "20174": {
            "year_quarter": 20174,
            "year": 2017,
            "quarter": 4,
            "eps": 0.47,
            "eps_growth_year": -34.01,
            "eps_4q": 1.58,
            "eps_4q_growth_year": 13.63,
            "roe": 1.65,
            "roe_4q": 6.55,
            "gross_profit": 150430,
            "gross_margin": 54.08,
            "gross_margin_4q_avg": 54.18,
            "net_income": 25513,
            "revenue": 278180,
            "common_shares": 761230,
            "book_valuer_per_share": 18.48,
            "book_valuer_per_share_4q_avg": 17.91,
            "equity": 1582707,
            "current_ratio": 324.99,
            "debt_ratio": 21.03,
            "inventory_turnover_ratio": 2.2,
            "account_receivable_turnover_ratio": 0.9,
            "reinvestment_rate": 50,
            "research_to_sale_ratio": null,
            "price_fair": 50.58,
            "eps_avg_yearly": 1.45,
            "eps_latest_yearly": 1.88,
            "eps_growth_yearly": 133.26
        },
        "20181": {
            "year_quarter": 20181,
            "year": 2018,
            "quarter": 1,
            "eps": 0.27,
            "eps_growth_year": 68.75,
            "eps_4q": 1.71,
            "eps_4q_growth_year": 18.21,
            "roe": 0.63,
            "roe_4q": 6.29,
            "gross_profit": 136871,
            "gross_margin": 50.11,
            "gross_margin_4q_avg": 53.64,
            "net_income": 9951,
            "revenue": 273163,
            "common_shares": 761230,
            "book_valuer_per_share": 18.78,
            "book_valuer_per_share_4q_avg": 18.21,
            "equity": 1597078,
            "current_ratio": 312.73,
            "debt_ratio": 21.06,
            "inventory_turnover_ratio": 2.28,
            "account_receivable_turnover_ratio": 0.86,
            "reinvestment_rate": 49.09,
            "research_to_sale_ratio": null,
            "price_fair": 49.35,
            "eps_avg_yearly": 1.41,
            "eps_latest_yearly": 1.08,
            "eps_growth_yearly": 131.86
        },
        "20182": {
            "year_quarter": 20182,
            "year": 2018,
            "quarter": 2,
            "eps": 0.62,
            "eps_growth_year": 40.91,
            "eps_4q": 1.91,
            "eps_4q_growth_year": 43.41,
            "roe": 2.31,
            "roe_4q": 6.82,
            "gross_profit": 162835,
            "gross_margin": 53.09,
            "gross_margin_4q_avg": 53.19,
            "net_income": 36304,
            "revenue": 306722,
            "common_shares": 761230,
            "book_valuer_per_share": 18.19,
            "book_valuer_per_share_4q_avg": 18.38,
            "equity": 1541041,
            "current_ratio": 236.46,
            "debt_ratio": 27.88,
            "inventory_turnover_ratio": 2.15,
            "account_receivable_turnover_ratio": 0.96,
            "reinvestment_rate": 43.45,
            "research_to_sale_ratio": null,
            "price_fair": 52.06,
            "eps_avg_yearly": 1.49,
            "eps_latest_yearly": 2.48,
            "eps_growth_yearly": 170.36
        },
        "20183": {
            "year_quarter": 20183,
            "year": 2018,
            "quarter": 3,
            "eps": 0.52,
            "eps_growth_year": -5.45,
            "eps_4q": 1.89,
            "eps_4q_growth_year": 9.25,
            "roe": 1.97,
            "roe_4q": 6.5600000000000005,
            "gross_profit": 170810,
            "gross_margin": 55.64,
            "gross_margin_4q_avg": 53.23,
            "net_income": 30598,
            "revenue": 307013,
            "common_shares": 761230,
            "book_valuer_per_share": 18.69,
            "book_valuer_per_share_4q_avg": 18.54,
            "equity": 1563924,
            "current_ratio": 266.95,
            "debt_ratio": 24.08,
            "inventory_turnover_ratio": 2.07,
            "account_receivable_turnover_ratio": 0.94,
            "reinvestment_rate": 33.66,
            "research_to_sale_ratio": null,
            "price_fair": 52.85,
            "eps_avg_yearly": 1.51,
            "eps_latest_yearly": 2.08,
            "eps_growth_yearly": 156.65
        },
        "20184": {
            "year_quarter": 20184,
            "year": 2018,
            "quarter": 4,
            "eps": 0.71,
            "eps_growth_year": 49.59,
            "eps_4q": 2.12,
            "eps_4q_growth_year": 34.47,
            "roe": 2.74,
            "roe_4q": 7.6499999999999995,
            "gross_profit": 176992,
            "gross_margin": 57.46,
            "gross_margin_4q_avg": 54.08,
            "net_income": 43400,
            "revenue": 308029,
            "common_shares": 761230,
            "book_valuer_per_share": 19.4,
            "book_valuer_per_share_4q_avg": 18.77,
            "equity": 1608916,
            "current_ratio": 274.38,
            "debt_ratio": 23.27,
            "inventory_turnover_ratio": 2.14,
            "account_receivable_turnover_ratio": 0.95,
            "reinvestment_rate": 19.86,
            "research_to_sale_ratio": null,
            "price_fair": 55.65,
            "eps_avg_yearly": 1.59,
            "eps_latest_yearly": 2.84,
            "eps_growth_yearly": 168.11
        },
        "20191": {
            "year_quarter": 20191,
            "year": 2019,
            "quarter": 1,
            "eps": 0.61,
            "eps_growth_year": 125.93,
            "eps_4q": 2.47,
            "eps_4q_growth_year": 43.95,
            "roe": 2.14,
            "roe_4q": 9.16,
            "gross_profit": 169467,
            "gross_margin": 54.48,
            "gross_margin_4q_avg": 55.17,
            "net_income": 34898,
            "revenue": 311034,
            "common_shares": 761230,
            "book_valuer_per_share": 20.03,
            "book_valuer_per_share_4q_avg": 19.08,
            "equity": 1648353,
            "current_ratio": 217.37,
            "debt_ratio": 39.13,
            "inventory_turnover_ratio": 2.38,
            "account_receivable_turnover_ratio": 0.98,
            "reinvestment_rate": 13.97,
            "research_to_sale_ratio": null,
            "price_fair": 58.54,
            "eps_avg_yearly": 1.67,
            "eps_latest_yearly": 2.44,
            "eps_growth_yearly": 171.64
        },
        "20192": {
            "year_quarter": 20192,
            "year": 2019,
            "quarter": 2,
            "eps": 0.96,
            "eps_growth_year": 54.84,
            "eps_4q": 2.81,
            "eps_4q_growth_year": 46.68,
            "roe": 3.73,
            "roe_4q": 10.58,
            "gross_profit": 211046,
            "gross_margin": 58.83,
            "gross_margin_4q_avg": 56.6,
            "net_income": 60756,
            "revenue": 358714,
            "common_shares": 761230,
            "book_valuer_per_share": 19.73,
            "book_valuer_per_share_4q_avg": 19.46,
            "equity": 1611167,
            "current_ratio": 209.3,
            "debt_ratio": 40.19,
            "inventory_turnover_ratio": 2.47,
            "account_receivable_turnover_ratio": 1.09,
            "reinvestment_rate": 14.97,
            "research_to_sale_ratio": null,
            "price_fair": 64.31,
            "eps_avg_yearly": 1.84,
            "eps_latest_yearly": 3.84,
            "eps_growth_yearly": 184.2
        },
        "20193": {
            "year_quarter": 20193,
            "year": 2019,
            "quarter": 3,
            "eps": 0.69,
            "eps_growth_year": 32.69,
            "eps_4q": 2.97,
            "eps_4q_growth_year": 57.55,
            "roe": 2.69,
            "roe_4q": 11.3,
            "gross_profit": 203795,
            "gross_margin": 56.2,
            "gross_margin_4q_avg": 56.74,
            "net_income": 43844,
            "revenue": 362629,
            "common_shares": 761230,
            "book_valuer_per_share": 20.24,
            "book_valuer_per_share_4q_avg": 19.85,
            "equity": 1648211,
            "current_ratio": 218.76,
            "debt_ratio": 37.72,
            "inventory_turnover_ratio": 2.62,
            "account_receivable_turnover_ratio": 1.07,
            "reinvestment_rate": -2.79,
            "research_to_sale_ratio": null,
            "price_fair": 67.11,
            "eps_avg_yearly": 1.92,
            "eps_latest_yearly": 2.76,
            "eps_growth_yearly": 171.34
        },
        "20194": {
            "year_quarter": 20194,
            "year": 2019,
            "quarter": 4,
            "eps": 0.86,
            "eps_growth_year": 21.76,
            "eps_4q": 3.13,
            "eps_4q_growth_year": 47.39,
            "roe": 3.12,
            "roe_4q": 11.680000000000001,
            "gross_profit": 232758,
            "gross_margin": 60.21,
            "gross_margin_4q_avg": 57.43,
            "net_income": 52220,
            "revenue": 386602,
            "common_shares": 761230,
            "book_valuer_per_share": 20.91,
            "book_valuer_per_share_4q_avg": 20.23,
            "equity": 1695347,
            "current_ratio": 232.19,
            "debt_ratio": 35.96,
            "inventory_turnover_ratio": 2.53,
            "account_receivable_turnover_ratio": 1.13,
            "reinvestment_rate": 0.65,
            "research_to_sale_ratio": null,
            "price_fair": 72.28,
            "eps_avg_yearly": 2.07,
            "eps_latest_yearly": 3.44,
            "eps_growth_yearly": 184.25
        },
        "20201": {
            "year_quarter": 20201,
            "year": 2020,
            "quarter": 1,
            "eps": 1.17,
            "eps_growth_year": 91.8,
            "eps_4q": 3.69,
            "eps_4q_growth_year": 49.52,
            "roe": 4.81,
            "roe_4q": 14.35,
            "gross_profit": 234838,
            "gross_margin": 59.48,
            "gross_margin_4q_avg": 58.68,
            "net_income": 79802,
            "revenue": 394797,
            "common_shares": 761230,
            "book_valuer_per_share": 20.07,
            "book_valuer_per_share_4q_avg": 20.24,
            "equity": 1621326,
            "current_ratio": 184.64,
            "debt_ratio": 40.94,
            "inventory_turnover_ratio": 2.69,
            "account_receivable_turnover_ratio": 1.15,
            "reinvestment_rate": 6.4,
            "research_to_sale_ratio": null,
            "price_fair": 81.64,
            "eps_avg_yearly": 2.33,
            "eps_latest_yearly": 4.68,
            "eps_growth_yearly": 209
        },
        "20202": {
            "year_quarter": 20202,
            "year": 2020,
            "quarter": 2,
            "eps": 1.51,
            "eps_growth_year": 57.29,
            "eps_4q": 4.23,
            "eps_4q_growth_year": 50.89,
            "roe": 7.02,
            "roe_4q": 17.64,
            "gross_profit": 290426,
            "gross_margin": 60.01,
            "gross_margin_4q_avg": 58.98,
            "net_income": 117689,
            "revenue": 483991,
            "common_shares": 761230,
            "book_valuer_per_share": 21.53,
            "book_valuer_per_share_4q_avg": 20.69,
            "equity": 1733294,
            "current_ratio": 188.78,
            "debt_ratio": 40.65,
            "inventory_turnover_ratio": 3.22,
            "account_receivable_turnover_ratio": 1.4,
            "reinvestment_rate": 5.18,
            "research_to_sale_ratio": null,
            "price_fair": 91.35,
            "eps_avg_yearly": 2.61,
            "eps_latest_yearly": 6.04,
            "eps_growth_yearly": 141.27
        },
        "20203": {
            "year_quarter": 20203,
            "year": 2020,
            "quarter": 3,
            "eps": 2,
            "eps_growth_year": 189.86,
            "eps_4q": 5.54,
            "eps_4q_growth_year": 86.43,
            "roe": 8.74,
            "roe_4q": 23.69,
            "gross_profit": 381228,
            "gross_margin": 63.54,
            "gross_margin_4q_avg": 60.81,
            "net_income": 158707,
            "revenue": 600007,
            "common_shares": 761230,
            "book_valuer_per_share": 23.41,
            "book_valuer_per_share_4q_avg": 21.48,
            "equity": 1898735,
            "current_ratio": 195.09,
            "debt_ratio": 39.13,
            "inventory_turnover_ratio": 3.38,
            "account_receivable_turnover_ratio": 1.7,
            "reinvestment_rate": 10.97,
            "research_to_sale_ratio": null,
            "price_fair": 107.28,
            "eps_avg_yearly": 3.07,
            "eps_latest_yearly": 8,
            "eps_growth_yearly": 163.13
        },
        "20204": {
            "year_quarter": 20204,
            "year": 2020,
            "quarter": 4,
            "eps": 1.67,
            "eps_growth_year": 93.6,
            "eps_4q": 6.35,
            "eps_4q_growth_year": 103.03,
            "roe": 6.5,
            "roe_4q": 27.069999999999997,
            "gross_profit": 360657,
            "gross_margin": 62.79,
            "gross_margin_4q_avg": 61.46,
            "net_income": 127955,
            "revenue": 574346,
            "common_shares": 761230,
            "book_valuer_per_share": 25.14,
            "book_valuer_per_share_4q_avg": 22.54,
            "equity": 2039447,
            "current_ratio": 217.95,
            "debt_ratio": 35.65,
            "inventory_turnover_ratio": 3.3,
            "account_receivable_turnover_ratio": 1.56,
            "reinvestment_rate": 21.45,
            "research_to_sale_ratio": null,
            "price_fair": 115.59,
            "eps_avg_yearly": 3.3,
            "eps_latest_yearly": 6.68,
            "eps_growth_yearly": 84.01
        },
        "20211": {
            "year_quarter": 20211,
            "year": 2021,
            "quarter": 1,
            "eps": 1.96,
            "eps_growth_year": 67.52,
            "eps_4q": 7.14,
            "eps_4q_growth_year": 93.63,
            "roe": 7.87,
            "roe_4q": 30.13,
            "gross_profit": 389225,
            "gross_margin": 63.78,
            "gross_margin_4q_avg": 62.53,
            "net_income": 153866,
            "revenue": 610275,
            "common_shares": 761230,
            "book_valuer_per_share": 22.89,
            "book_valuer_per_share_4q_avg": 23.24,
            "equity": 1871583,
            "current_ratio": 171.4,
            "debt_ratio": 42.59,
            "inventory_turnover_ratio": 3.17,
            "account_receivable_turnover_ratio": 1.41,
            "reinvestment_rate": 20.18,
            "research_to_sale_ratio": null,
            "price_fair": 131.34,
            "eps_avg_yearly": 3.75,
            "eps_latest_yearly": 7.84,
            "eps_growth_yearly": 107.79
        },
        "20212": {
            "year_quarter": 20212,
            "year": 2021,
            "quarter": 2,
            "eps": 1.67,
            "eps_growth_year": 10.6,
            "eps_4q": 7.3,
            "eps_4q_growth_year": 72.46,
            "roe": 6.93,
            "roe_4q": 30.04,
            "gross_profit": 372847,
            "gross_margin": 60.65,
            "gross_margin_4q_avg": 62.69,
            "net_income": 134232,
            "revenue": 614770,
            "common_shares": 761230,
            "book_valuer_per_share": 24.53,
            "book_valuer_per_share_4q_avg": 23.99,
            "equity": 2002786,
            "current_ratio": 186.76,
            "debt_ratio": 43.71,
            "inventory_turnover_ratio": 3.01,
            "account_receivable_turnover_ratio": 1.15,
            "reinvestment_rate": 21.15,
            "research_to_sale_ratio": null,
            "price_fair": 142.1,
            "eps_avg_yearly": 4.06,
            "eps_latest_yearly": 6.68,
            "eps_growth_yearly": 60.34
        },
        "20213": {
            "year_quarter": 20213,
            "year": 2021,
            "quarter": 3,
            "eps": 1.77,
            "eps_growth_year": -11.5,
            "eps_4q": 7.07,
            "eps_4q_growth_year": 27.59,
            "roe": 6.7,
            "roe_4q": 28,
            "gross_profit": 410263,
            "gross_margin": 61.26,
            "gross_margin_4q_avg": 62.12,
            "net_income": 138674,
            "revenue": 669746,
            "common_shares": 761230,
            "book_valuer_per_share": 26.28,
            "book_valuer_per_share_4q_avg": 24.71,
            "equity": 2139431,
            "current_ratio": 222.47,
            "debt_ratio": 39.43,
            "inventory_turnover_ratio": 2.94,
            "account_receivable_turnover_ratio": 1.22,
            "reinvestment_rate": 20.43,
            "research_to_sale_ratio": null,
            "price_fair": 152.78,
            "eps_avg_yearly": 4.37,
            "eps_latest_yearly": 7.08,
            "eps_growth_yearly": 55.59
        },
        "20214": {
            "year_quarter": 20214,
            "year": 2021,
            "quarter": 4,
            "eps": 2.42,
            "eps_growth_year": 45.07,
            "eps_4q": 7.82,
            "eps_4q_growth_year": 23.22,
            "roe": 8.23,
            "roe_4q": 29.73,
            "gross_profit": 464108,
            "gross_margin": 62.97,
            "gross_margin_4q_avg": 62.17,
            "net_income": 183886,
            "revenue": 737010,
            "common_shares": 761230,
            "book_valuer_per_share": 28.75,
            "book_valuer_per_share_4q_avg": 25.61,
            "equity": 2328495,
            "current_ratio": 243.16,
            "debt_ratio": 37.9,
            "inventory_turnover_ratio": 2.62,
            "account_receivable_turnover_ratio": 1.4,
            "reinvestment_rate": 18.24,
            "research_to_sale_ratio": null,
            "price_fair": 169.84,
            "eps_avg_yearly": 4.85,
            "eps_latest_yearly": 9.68,
            "eps_growth_yearly": 68.41
        },
        "20221": {
            "year_quarter": 20221,
            "year": 2022,
            "quarter": 1,
            "eps": 2.8,
            "eps_growth_year": 42.86,
            "eps_4q": 8.66,
            "eps_4q_growth_year": 21.36,
            "roe": 9.7,
            "roe_4q": 31.56,
            "gross_profit": 512837,
            "gross_margin": 61.37,
            "gross_margin_4q_avg": 61.56,
            "net_income": 218936,
            "revenue": 835595,
            "common_shares": 761230,
            "book_valuer_per_share": 26.73,
            "book_valuer_per_share_4q_avg": 26.57,
            "equity": 2185708,
            "current_ratio": 167.13,
            "debt_ratio": 46.38,
            "inventory_turnover_ratio": 2.52,
            "account_receivable_turnover_ratio": 1.61,
            "reinvestment_rate": 19.84,
            "research_to_sale_ratio": null,
            "price_fair": 191.98,
            "eps_avg_yearly": 5.49,
            "eps_latest_yearly": 11.2,
            "eps_growth_yearly": 82.97
        },
        "20222": {
            "year_quarter": 20222,
            "year": 2022,
            "quarter": 2,
            "eps": 2.46,
            "eps_growth_year": 47.31,
            "eps_4q": 8.99,
            "eps_4q_growth_year": 23.18,
            "roe": 8.34,
            "roe_4q": 32.97,
            "gross_profit": 479775,
            "gross_margin": 60.79,
            "gross_margin_4q_avg": 61.6,
            "net_income": 189840,
            "revenue": 789280,
            "common_shares": 761230,
            "book_valuer_per_share": 29.1,
            "book_valuer_per_share_4q_avg": 27.72,
            "equity": 2366249,
            "current_ratio": 198.28,
            "debt_ratio": 41.11,
            "inventory_turnover_ratio": 1.98,
            "account_receivable_turnover_ratio": 1.58,
            "reinvestment_rate": 24.45,
            "research_to_sale_ratio": null,
            "price_fair": 208.08,
            "eps_avg_yearly": 5.95,
            "eps_latest_yearly": 9.84,
            "eps_growth_yearly": 47.53
        },
        "20223": {
            "year_quarter": 20223,
            "year": 2022,
            "quarter": 3,
            "eps": 2.58,
            "eps_growth_year": 45.76,
            "eps_4q": 9.89,
            "eps_4q_growth_year": 39.93,
            "roe": 8.59,
            "roe_4q": 34.86,
            "gross_profit": 557416,
            "gross_margin": 61.16,
            "gross_margin_4q_avg": 61.57,
            "net_income": 212937,
            "revenue": 911450,
            "common_shares": 799292,
            "book_valuer_per_share": 30.34,
            "book_valuer_per_share_4q_avg": 28.73,
            "equity": 2589367,
            "current_ratio": 234.35,
            "debt_ratio": 37.92,
            "inventory_turnover_ratio": 1.93,
            "account_receivable_turnover_ratio": 1.81,
            "reinvestment_rate": 34.7,
            "research_to_sale_ratio": null,
            "price_fair": 226.1,
            "eps_avg_yearly": 6.46,
            "eps_latest_yearly": 10.32,
            "eps_growth_yearly": 52.78
        },
        "20224": {
            "year_quarter": 20224,
            "year": 2022,
            "quarter": 4,
            "eps": 3.05,
            "eps_growth_year": 26.06,
            "eps_4q": 10.64,
            "eps_4q_growth_year": 36.02,
            "roe": 9.09,
            "roe_4q": 35.72,
            "gross_profit": 589882,
            "gross_margin": 61.59,
            "gross_margin_4q_avg": 61.23,
            "net_income": 246196,
            "revenue": 957732,
            "common_shares": 799292,
            "book_valuer_per_share": 33.32,
            "book_valuer_per_share_4q_avg": 29.87,
            "equity": 2828126,
            "current_ratio": 237.15,
            "debt_ratio": 37.02,
            "inventory_turnover_ratio": 1.74,
            "account_receivable_turnover_ratio": 1.75,
            "reinvestment_rate": 33.64,
            "research_to_sale_ratio": null,
            "price_fair": 246.58,
            "eps_avg_yearly": 7.05,
            "eps_latest_yearly": 12.2,
            "eps_growth_yearly": 48.2
        },
        "20231": {
            "year_quarter": 20231,
            "year": 2023,
            "quarter": 1,
            "eps": 3.33,
            "eps_growth_year": 18.93,
            "eps_4q": 11.3,
            "eps_4q_growth_year": 30.44,
            "roe": 9.96,
            "roe_4q": 35.980000000000004,
            "gross_profit": 631974,
            "gross_margin": 61.45,
            "gross_margin_4q_avg": 61.25,
            "net_income": 271820,
            "revenue": 1028455,
            "common_shares": 799292,
            "book_valuer_per_share": 30.67,
            "book_valuer_per_share_4q_avg": 30.86,
            "equity": 2627941,
            "current_ratio": 170.61,
            "debt_ratio": 46.1,
            "inventory_turnover_ratio": 1.62,
            "account_receivable_turnover_ratio": 1.83,
            "reinvestment_rate": 30,
            "research_to_sale_ratio": null,
            "price_fair": 270.38,
            "eps_avg_yearly": 7.73,
            "eps_latest_yearly": 13.32,
            "eps_growth_yearly": 54.02
        }
    },
    "months": {
        "2004-02": {
            "month": "2004-02",
            "price": "38.66",
            "revenue": 24204
        },
        "2004-04": {
            "month": "2004-04",
            "price": "38.17",
            "revenue": 25104
        },
        "2004-05": {
            "month": "2004-05",
            "price": "50.25",
            "revenue": 23953
        },
        "2004-06": {
            "month": "2004-06",
            "price": "56.25",
            "revenue": 23334
        },
        "2004-07": {
            "month": "2004-07",
            "price": "40.72",
            "revenue": 28740
        },
        "2004-08": {
            "month": "2004-08",
            "price": "38.53",
            "revenue": 25638
        },
        "2004-09": {
            "month": "2004-09",
            "price": "38.93",
            "revenue": 25243
        },
        "2004-10": {
            "month": "2004-10",
            "price": "39.53",
            "revenue": 28430
        },
        "2004-11": {
            "month": "2004-11",
            "price": "42.00",
            "revenue": 29754
        },
        "2004-12": {
            "month": "2004-12",
            "price": "43.41",
            "revenue": 32982
        },
        "2005-01": {
            "month": "2005-01",
            "price": "46.48",
            "revenue": 40345
        },
        "2005-02": {
            "month": "2005-02",
            "price": "82.35",
            "revenue": 35810
        },
        "2005-03": {
            "month": "2005-03",
            "price": "92.25",
            "revenue": 35551
        },
        "2005-04": {
            "month": "2005-04",
            "price": "85.76",
            "revenue": 35664
        },
        "2005-05": {
            "month": "2005-05",
            "price": "82.07",
            "revenue": 29818
        },
        "2005-06": {
            "month": "2005-06",
            "price": "83.05",
            "revenue": 26724
        },
        "2005-07": {
            "month": "2005-07",
            "price": "88.52",
            "revenue": 30233
        },
        "2005-08": {
            "month": "2005-08",
            "price": "74.91",
            "revenue": 25963
        },
        "2005-09": {
            "month": "2005-09",
            "price": "59.67",
            "revenue": 24353
        },
        "2005-10": {
            "month": "2005-10",
            "price": "50.52",
            "revenue": 25138
        },
        "2005-11": {
            "month": "2005-11",
            "price": "47.23",
            "revenue": 23985
        },
        "2005-12": {
            "month": "2005-12",
            "price": "49.06",
            "revenue": 23946
        },
        "2006-01": {
            "month": "2006-01",
            "price": "52.61",
            "revenue": 32205
        },
        "2006-02": {
            "month": "2006-02",
            "price": "50.44",
            "revenue": 27775
        },
        "2006-03": {
            "month": "2006-03",
            "price": "43.37",
            "revenue": 26511
        },
        "2006-04": {
            "month": "2006-04",
            "price": "40.16",
            "revenue": 28282
        },
        "2006-05": {
            "month": "2006-05",
            "price": "46.40",
            "revenue": 26233
        },
        "2006-06": {
            "month": "2006-06",
            "price": "40.08",
            "revenue": 28797
        },
        "2006-07": {
            "month": "2006-07",
            "price": "38.63",
            "revenue": 28983
        },
        "2006-08": {
            "month": "2006-08",
            "price": "36.12",
            "revenue": 25532
        },
        "2006-09": {
            "month": "2006-09",
            "price": "35.31",
            "revenue": 28772
        },
        "2006-10": {
            "month": "2006-10",
            "price": "35.34",
            "revenue": 26667
        },
        "2006-11": {
            "month": "2006-11",
            "price": "34.82",
            "revenue": 28207
        },
        "2006-12": {
            "month": "2006-12",
            "price": "36.81",
            "revenue": 28090
        },
        "2007-01": {
            "month": "2007-01",
            "price": "36.90",
            "revenue": 28172
        },
        "2007-02": {
            "month": "2007-02",
            "price": "36.93",
            "revenue": 32355
        },
        "2007-03": {
            "month": "2007-03",
            "price": "56.90",
            "revenue": 31652
        },
        "2007-04": {
            "month": "2007-04",
            "price": "68.96",
            "revenue": 29157
        },
        "2007-05": {
            "month": "2007-05",
            "price": "66.12",
            "revenue": 26776
        },
        "2007-06": {
            "month": "2007-06",
            "price": "64.88",
            "revenue": 30796
        },
        "2007-07": {
            "month": "2007-07",
            "price": "74.75",
            "revenue": 32973
        },
        "2007-08": {
            "month": "2007-08",
            "price": "78.06",
            "revenue": 32878
        },
        "2007-09": {
            "month": "2007-09",
            "price": "62.42",
            "revenue": 40077
        },
        "2007-10": {
            "month": "2007-10",
            "price": "62.39",
            "revenue": 36893
        },
        "2007-11": {
            "month": "2007-11",
            "price": "49.36",
            "revenue": 36206
        },
        "2007-12": {
            "month": "2007-12",
            "price": "40.42",
            "revenue": 39038
        },
        "2008-01": {
            "month": "2008-01",
            "price": "38.71",
            "revenue": 40247
        },
        "2008-02": {
            "month": "2008-02",
            "price": "41.50",
            "revenue": 40468
        },
        "2008-03": {
            "month": "2008-03",
            "price": "43.96",
            "revenue": 40968
        },
        "2008-04": {
            "month": "2008-04",
            "price": "47.90",
            "revenue": 40773
        },
        "2008-05": {
            "month": "2008-05",
            "price": "46.46",
            "revenue": 42124
        },
        "2008-06": {
            "month": "2008-06",
            "price": "41.29",
            "revenue": 43040
        },
        "2008-07": {
            "month": "2008-07",
            "price": "37.37",
            "revenue": 40519
        },
        "2008-08": {
            "month": "2008-08",
            "price": "33.32",
            "revenue": 53791
        },
        "2008-09": {
            "month": "2008-09",
            "price": "28.31",
            "revenue": 52412
        },
        "2008-10": {
            "month": "2008-10",
            "price": "26.17",
            "revenue": 56197
        },
        "2008-11": {
            "month": "2008-11",
            "price": "27.00",
            "revenue": 48465
        },
        "2008-12": {
            "month": "2008-12",
            "price": "23.53",
            "revenue": 47177
        },
        "2009-01": {
            "month": "2009-01",
            "price": "22.55",
            "revenue": 46960
        },
        "2009-02": {
            "month": "2009-02",
            "price": "22.04",
            "revenue": 45905
        },
        "2009-03": {
            "month": "2009-03",
            "price": "25.40",
            "revenue": 42301
        },
        "2009-04": {
            "month": "2009-04",
            "price": "33.58",
            "revenue": 44729
        },
        "2009-05": {
            "month": "2009-05",
            "price": "34.80",
            "revenue": 43985
        },
        "2009-06": {
            "month": "2009-06",
            "price": "31.90",
            "revenue": 37825
        },
        "2009-07": {
            "month": "2009-07",
            "price": "41.39",
            "revenue": 43128
        },
        "2009-08": {
            "month": "2009-08",
            "price": "35.75",
            "revenue": 42336
        },
        "2009-09": {
            "month": "2009-09",
            "price": "34.31",
            "revenue": 43095
        },
        "2009-10": {
            "month": "2009-10",
            "price": "35.95",
            "revenue": 42870
        },
        "2009-11": {
            "month": "2009-11",
            "price": "37.07",
            "revenue": 43391
        },
        "2009-12": {
            "month": "2009-12",
            "price": "36.39",
            "revenue": 46250
        },
        "2010-01": {
            "month": "2010-01",
            "price": "35.90",
            "revenue": 49247
        },
        "2010-02": {
            "month": "2010-02",
            "price": "30.38",
            "revenue": 55168
        },
        "2010-03": {
            "month": "2010-03",
            "price": "31.94",
            "revenue": 50645
        },
        "2010-04": {
            "month": "2010-04",
            "price": "32.20",
            "revenue": 53389
        },
        "2010-05": {
            "month": "2010-05",
            "price": "27.81",
            "revenue": 51127
        },
        "2010-06": {
            "month": "2010-06",
            "price": "24.77",
            "revenue": 54758
        },
        "2010-07": {
            "month": "2010-07",
            "price": "28.15",
            "revenue": 62577
        },
        "2010-08": {
            "month": "2010-08",
            "price": "28.73",
            "revenue": 59073
        },
        "2010-09": {
            "month": "2010-09",
            "price": "28.34",
            "revenue": 58181
        },
        "2010-10": {
            "month": "2010-10",
            "price": "28.03",
            "revenue": 65423
        },
        "2010-11": {
            "month": "2010-11",
            "price": "25.53",
            "revenue": 59856
        },
        "2010-12": {
            "month": "2010-12",
            "price": "27.22",
            "revenue": 72153
        },
        "2011-01": {
            "month": "2011-01",
            "price": "26.99",
            "revenue": 81896
        },
        "2011-02": {
            "month": "2011-02",
            "price": "32.10",
            "revenue": 62732
        },
        "2011-03": {
            "month": "2011-03",
            "price": "49.52",
            "revenue": 64864
        },
        "2011-04": {
            "month": "2011-04",
            "price": "49.02",
            "revenue": 68758
        },
        "2011-05": {
            "month": "2011-05",
            "price": "44.75",
            "revenue": 57571
        },
        "2011-06": {
            "month": "2011-06",
            "price": "38.51",
            "revenue": 60847
        },
        "2011-07": {
            "month": "2011-07",
            "price": "38.52",
            "revenue": 71678
        },
        "2011-08": {
            "month": "2011-08",
            "price": "32.56",
            "revenue": 70702
        },
        "2011-09": {
            "month": "2011-09",
            "price": "26.65",
            "revenue": 72106
        },
        "2011-10": {
            "month": "2011-10",
            "price": "26.27",
            "revenue": 72176
        },
        "2011-11": {
            "month": "2011-11",
            "price": "27.78",
            "revenue": 65690
        },
        "2011-12": {
            "month": "2011-12",
            "price": "22.29",
            "revenue": 82611
        },
        "2012-01": {
            "month": "2012-01",
            "price": "25.18",
            "revenue": 84201
        },
        "2012-02": {
            "month": "2012-02",
            "price": "30.25",
            "revenue": 67321
        },
        "2012-03": {
            "month": "2012-03",
            "price": "27.63",
            "revenue": 58814
        },
        "2012-04": {
            "month": "2012-04",
            "price": "22.23",
            "revenue": 53868
        },
        "2012-05": {
            "month": "2012-05",
            "price": "21.14",
            "revenue": 58662
        },
        "2012-06": {
            "month": "2012-06",
            "price": "21.18",
            "revenue": 61235
        },
        "2012-07": {
            "month": "2012-07",
            "price": "22.27",
            "revenue": 61474
        },
        "2012-08": {
            "month": "2012-08",
            "price": "23.06",
            "revenue": 65574
        },
        "2012-09": {
            "month": "2012-09",
            "price": "23.04",
            "revenue": 68623
        },
        "2012-10": {
            "month": "2012-10",
            "price": "21.50",
            "revenue": 66269
        },
        "2012-11": {
            "month": "2012-11",
            "price": "19.67",
            "revenue": 57477
        },
        "2012-12": {
            "month": "2012-12",
            "price": "21.10",
            "revenue": 63767
        },
        "2013-01": {
            "month": "2013-01",
            "price": "21.50",
            "revenue": 63900
        },
        "2013-02": {
            "month": "2013-02",
            "price": "21.96",
            "revenue": 70193
        },
        "2013-03": {
            "month": "2013-03",
            "price": "21.95",
            "revenue": 75339
        },
        "2013-04": {
            "month": "2013-04",
            "price": "19.81",
            "revenue": 67424
        },
        "2013-05": {
            "month": "2013-05",
            "price": "20.16",
            "revenue": 73055
        },
        "2013-06": {
            "month": "2013-06",
            "price": "23.34",
            "revenue": 76301
        },
        "2013-07": {
            "month": "2013-07",
            "price": "27.72",
            "revenue": 82957
        },
        "2013-08": {
            "month": "2013-08",
            "price": "25.85",
            "revenue": 80131
        },
        "2013-09": {
            "month": "2013-09",
            "price": "25.07",
            "revenue": 76101
        },
        "2013-10": {
            "month": "2013-10",
            "price": "24.34",
            "revenue": 75135
        },
        "2013-11": {
            "month": "2013-11",
            "price": "24.11",
            "revenue": 89089
        },
        "2013-12": {
            "month": "2013-12",
            "price": "26.11",
            "revenue": 86154
        },
        "2014-01": {
            "month": "2014-01",
            "price": "32.85",
            "revenue": 87755
        },
        "2014-02": {
            "month": "2014-02",
            "price": "40.32",
            "revenue": 71776
        },
        "2014-03": {
            "month": "2014-03",
            "price": "38.63",
            "revenue": 78781
        },
        "2014-04": {
            "month": "2014-04",
            "price": "37.05",
            "revenue": 76347
        },
        "2014-05": {
            "month": "2014-05",
            "price": "37.97",
            "revenue": 79137
        },
        "2014-06": {
            "month": "2014-06",
            "price": "40.43",
            "revenue": 85559
        },
        "2014-07": {
            "month": "2014-07",
            "price": "37.58",
            "revenue": 82986
        },
        "2014-08": {
            "month": "2014-08",
            "price": "33.35",
            "revenue": 86133
        },
        "2014-09": {
            "month": "2014-09",
            "price": "33.99",
            "revenue": 88593
        },
        "2014-10": {
            "month": "2014-10",
            "price": "32.55",
            "revenue": 80620
        },
        "2014-11": {
            "month": "2014-11",
            "price": "29.74",
            "revenue": 78804
        },
        "2014-12": {
            "month": "2014-12",
            "price": "31.78",
            "revenue": 81663
        },
        "2015-01": {
            "month": "2015-01",
            "price": "31.43",
            "revenue": 80812
        },
        "2015-02": {
            "month": "2015-02",
            "price": "30.72",
            "revenue": 89381
        },
        "2015-03": {
            "month": "2015-03",
            "price": "33.45",
            "revenue": 79228
        },
        "2015-04": {
            "month": "2015-04",
            "price": "35.44",
            "revenue": 84801
        },
        "2015-05": {
            "month": "2015-05",
            "price": "30.98",
            "revenue": 86355
        },
        "2015-06": {
            "month": "2015-06",
            "price": "28.86",
            "revenue": 87054
        },
        "2015-07": {
            "month": "2015-07",
            "price": "28.39",
            "revenue": 85011
        },
        "2015-08": {
            "month": "2015-08",
            "price": "23.03",
            "revenue": 87629
        },
        "2015-09": {
            "month": "2015-09",
            "price": "23.23",
            "revenue": 88824
        },
        "2015-10": {
            "month": "2015-10",
            "price": "25.32",
            "revenue": 83270
        },
        "2015-11": {
            "month": "2015-11",
            "price": "25.76",
            "revenue": 74737
        },
        "2015-12": {
            "month": "2015-12",
            "price": "25.04",
            "revenue": 89215
        },
        "2016-01": {
            "month": "2016-01",
            "price": "23.30",
            "revenue": 86362
        },
        "2016-02": {
            "month": "2016-02",
            "price": "24.44",
            "revenue": 79612
        },
        "2016-03": {
            "month": "2016-03",
            "price": "24.38",
            "revenue": 82206
        },
        "2016-04": {
            "month": "2016-04",
            "price": "23.61",
            "revenue": 92827
        },
        "2016-05": {
            "month": "2016-05",
            "price": "23.26",
            "revenue": 92753
        },
        "2016-06": {
            "month": "2016-06",
            "price": "23.50",
            "revenue": 89144
        },
        "2016-07": {
            "month": "2016-07",
            "price": "23.25",
            "revenue": 89922
        },
        "2016-08": {
            "month": "2016-08",
            "price": "22.42",
            "revenue": 92796
        },
        "2016-09": {
            "month": "2016-09",
            "price": "22.56",
            "revenue": 86786
        },
        "2016-10": {
            "month": "2016-10",
            "price": "23.15",
            "revenue": 85728
        },
        "2016-11": {
            "month": "2016-11",
            "price": "21.31",
            "revenue": 79386
        },
        "2016-12": {
            "month": "2016-12",
            "price": "21.54",
            "revenue": 115451
        },
        "2017-01": {
            "month": "2017-01",
            "price": "22.83",
            "revenue": 81213
        },
        "2017-02": {
            "month": "2017-02",
            "price": "23.14",
            "revenue": 82836
        },
        "2017-03": {
            "month": "2017-03",
            "price": "27.19",
            "revenue": 84402
        },
        "2017-04": {
            "month": "2017-04",
            "price": "26.89",
            "revenue": 87516
        },
        "2017-05": {
            "month": "2017-05",
            "price": "28.08",
            "revenue": 92773
        },
        "2017-06": {
            "month": "2017-06",
            "price": "26.30",
            "revenue": 89652
        },
        "2017-07": {
            "month": "2017-07",
            "price": "25.49",
            "revenue": 90992
        },
        "2017-08": {
            "month": "2017-08",
            "price": "26.07",
            "revenue": 101584
        },
        "2017-09": {
            "month": "2017-09",
            "price": "26.45",
            "revenue": 93272
        },
        "2017-10": {
            "month": "2017-10",
            "price": "26.82",
            "revenue": 86121
        },
        "2017-11": {
            "month": "2017-11",
            "price": "27.00",
            "revenue": 82535
        },
        "2017-12": {
            "month": "2017-12",
            "price": "26.76",
            "revenue": 109523
        },
        "2018-01": {
            "month": "2018-01",
            "price": "29.61",
            "revenue": 87497
        },
        "2018-02": {
            "month": "2018-02",
            "price": "28.54",
            "revenue": 88299
        },
        "2018-03": {
            "month": "2018-03",
            "price": "30.93",
            "revenue": 97367
        },
        "2018-04": {
            "month": "2018-04",
            "price": "32.08",
            "revenue": 101230
        },
        "2018-05": {
            "month": "2018-05",
            "price": "30.13",
            "revenue": 107917
        },
        "2018-06": {
            "month": "2018-06",
            "price": "30.92",
            "revenue": 97575
        },
        "2018-07": {
            "month": "2018-07",
            "price": "28.16",
            "revenue": 99383
        },
        "2018-08": {
            "month": "2018-08",
            "price": "26.92",
            "revenue": 109321
        },
        "2018-09": {
            "month": "2018-09",
            "price": "26.61",
            "revenue": 98309
        },
        "2018-10": {
            "month": "2018-10",
            "price": "25.30",
            "revenue": 96485
        },
        "2018-11": {
            "month": "2018-11",
            "price": "25.16",
            "revenue": 98860
        },
        "2018-12": {
            "month": "2018-12",
            "price": "25.75",
            "revenue": 112685
        },
        "2019-01": {
            "month": "2019-01",
            "price": "26.09",
            "revenue": 110683
        },
        "2019-02": {
            "month": "2019-02",
            "price": "27.43",
            "revenue": 92718
        },
        "2019-03": {
            "month": "2019-03",
            "price": "28.42",
            "revenue": 107633
        },
        "2019-04": {
            "month": "2019-04",
            "price": "29.73",
            "revenue": 114503
        },
        "2019-05": {
            "month": "2019-05",
            "price": "31.68",
            "revenue": 123806
        },
        "2019-06": {
            "month": "2019-06",
            "price": "34.06",
            "revenue": 120405
        },
        "2019-07": {
            "month": "2019-07",
            "price": "38.59",
            "revenue": 113572
        },
        "2019-08": {
            "month": "2019-08",
            "price": "40.57",
            "revenue": 130552
        },
        "2019-09": {
            "month": "2019-09",
            "price": "52.98",
            "revenue": 118505
        },
        "2019-10": {
            "month": "2019-10",
            "price": "60.31",
            "revenue": 122056
        },
        "2019-11": {
            "month": "2019-11",
            "price": "67.65",
            "revenue": 134920
        },
        "2019-12": {
            "month": "2019-12",
            "price": "66.85",
            "revenue": 129626
        },
        "2020-01": {
            "month": "2020-01",
            "price": "69.79",
            "revenue": 137658
        },
        "2020-02": {
            "month": "2020-02",
            "price": "84.04",
            "revenue": 124732
        },
        "2020-03": {
            "month": "2020-03",
            "price": "66.13",
            "revenue": 132407
        },
        "2020-04": {
            "month": "2020-04",
            "price": "76.07",
            "revenue": 145869
        },
        "2020-05": {
            "month": "2020-05",
            "price": "118.31",
            "revenue": 160042
        },
        "2020-06": {
            "month": "2020-06",
            "price": "162.15",
            "revenue": 178080
        },
        "2020-07": {
            "month": "2020-07",
            "price": "173.20",
            "revenue": 200317
        },
        "2020-08": {
            "month": "2020-08",
            "price": "214.10",
            "revenue": 205639
        },
        "2020-09": {
            "month": "2020-09",
            "price": "276.50",
            "revenue": 194051
        },
        "2020-10": {
            "month": "2020-10",
            "price": "262.08",
            "revenue": 192186
        },
        "2020-11": {
            "month": "2020-11",
            "price": "280.67",
            "revenue": 192148
        },
        "2020-12": {
            "month": "2020-12",
            "price": "256.83",
            "revenue": 190012
        },
        "2021-01": {
            "month": "2021-01",
            "price": "246.32",
            "revenue": 202896
        },
        "2021-02": {
            "month": "2021-02",
            "price": "237.58",
            "revenue": 202369
        },
        "2021-03": {
            "month": "2021-03",
            "price": "279.57",
            "revenue": 205010
        },
        "2021-04": {
            "month": "2021-04",
            "price": "305.21",
            "revenue": 230168
        },
        "2021-05": {
            "month": "2021-05",
            "price": "301.81",
            "revenue": 208940
        },
        "2021-06": {
            "month": "2021-06",
            "price": "332.43",
            "revenue": 178142
        },
        "2021-07": {
            "month": "2021-07",
            "price": "338.34",
            "revenue": 221122
        },
        "2021-08": {
            "month": "2021-08",
            "price": "319.91",
            "revenue": 224784
        },
        "2021-09": {
            "month": "2021-09",
            "price": "303.32",
            "revenue": 223840
        },
        "2021-10": {
            "month": "2021-10",
            "price": "317.35",
            "revenue": 256465
        },
        "2021-11": {
            "month": "2021-11",
            "price": "293.16",
            "revenue": 223923
        },
        "2021-12": {
            "month": "2021-12",
            "price": "279.11",
            "revenue": 256622
        },
        "2022-01": {
            "month": "2022-01",
            "price": "272.42",
            "revenue": 311592
        },
        "2022-02": {
            "month": "2022-02",
            "price": "279.57",
            "revenue": 248373
        },
        "2022-03": {
            "month": "2022-03",
            "price": "279.87",
            "revenue": 275630
        },
        "2022-04": {
            "month": "2022-04",
            "price": "261.29",
            "revenue": 285146
        },
        "2022-05": {
            "month": "2022-05",
            "price": "246.64",
            "revenue": 234727
        },
        "2022-06": {
            "month": "2022-06",
            "price": "276.62",
            "revenue": 269407
        },
        "2022-07": {
            "month": "2022-07",
            "price": "307.33",
            "revenue": 316563
        },
        "2022-08": {
            "month": "2022-08",
            "price": "336.54",
            "revenue": 301657
        },
        "2022-09": {
            "month": "2022-09",
            "price": "302.71",
            "revenue": 293230
        },
        "2022-10": {
            "month": "2022-10",
            "price": "255.90",
            "revenue": 324291
        },
        "2022-11": {
            "month": "2022-11",
            "price": "256.95",
            "revenue": 298180
        },
        "2022-12": {
            "month": "2022-12",
            "price": "290.50",
            "revenue": 335261
        },
        "2023-01": {
            "month": "2023-01",
            "price": "310.65",
            "revenue": 332851
        },
        "2023-02": {
            "month": "2023-02",
            "price": "330.19",
            "revenue": 327706
        },
        "2023-03": {
            "month": "2023-03",
            "price": "348.89",
            "revenue": 367898
        },
        "2023-04": {
            "month": "2023-04",
            "price": "400.18",
            "revenue": 343432
        },
        "2023-05": {
            "month": "2023-05",
            "price": "398.91",
            "revenue": 303681
        }
    }
}
