{
    "summary": {
        "stock_name": "倚強科",
        "stock_id": "3219",
        "category": "其他電子",
        "main_business": "自動化機械相關設備之設計、製造及銷售等",
        "website_url": "https://www.aether-tek.com/",
        "ceo": "張明杰",
        "pe_ratio": 47,
        "report_year_from": 2002,
        "report_year_to": 2023,
        "age": 22,
        "eps_negative_percentage": 48,
        "eps_growth_avg": {
            "last_all": -32.09,
            "last_2y": -11,
            "last_4y": -11,
            "last_8y": -46.6,
            "last_12y": -22.17,
            "last_16y": -16.62,
            "last_20y": null,
            "at_2006_last_3y": null,
            "at_2007_last_3y": -29.29,
            "at_2008_last_3y": -33.33,
            "at_2009_last_3y": 0,
            "at_2010_last_3y": 0,
            "at_2011_last_3y": -100,
            "at_2012_last_3y": null,
            "at_2013_last_3y": null,
            "at_2014_last_3y": 100,
            "at_2015_last_3y": 0,
            "at_2016_last_3y": 0,
            "at_2017_last_3y": 0,
            "at_2018_last_3y": -100,
            "at_2019_last_3y": -100,
            "at_2020_last_3y": -100,
            "at_2021_last_3y": 0,
            "at_2022_last_3y": 17.14,
            "at_2023_last_3y": -11,
            "at_2024_last_3y": -11,
            "at_2006_last_all": -93.94,
            "at_2007_last_all": -29.29,
            "at_2008_last_all": -46.97,
            "at_2009_last_all": -46.97,
            "at_2010_last_all": -46.97,
            "at_2011_last_all": -46.97,
            "at_2012_last_all": -46.97,
            "at_2013_last_all": -46.97,
            "at_2014_last_all": -17.58,
            "at_2015_last_all": -31.31,
            "at_2016_last_all": -31.31,
            "at_2017_last_all": -31.31,
            "at_2018_last_all": -41.13,
            "at_2019_last_all": -41.13,
            "at_2020_last_all": -41.13,
            "at_2021_last_all": -23.49,
            "at_2022_last_all": -28.18,
            "at_2023_last_all": -32.09,
            "at_2024_last_all": -32.09
        },
        "latest_eps": 0.95,
        "latest_price": 44.6,
        "latest_roe": 5.56,
        "latest_gross_margin": 51.06,
        "latest_equity": 1568644,
        "latest_revenue": 429229,
        "latest_gross_profit": 219153,
        "latest_net_income": 64143,
        "latest_debt_ratio": 28.04,
        "latest_current_ratio": 332.52,
        "latest_account_receivable_turnover_ratio": 1.54,
        "latest_inventory_turnover_ratio": 0.91,
        "latest_reinvestment_rate": 74.28,
        "latest_research_to_sale_ratio": 17.22
    },
    "eps_dividends": {
        "2001": {
            "cash": 0,
            "stock": 0,
            "eps": 0
        },
        "2002": {
            "cash": 0,
            "stock": 0,
            "eps": 0
        },
        "2003": {
            "cash": 0,
            "stock": 0.29,
            "eps": 5.86
        },
        "2004": {
            "cash": 0.5,
            "stock": 0.4,
            "eps": 0.71
        },
        "2005": {
            "cash": 0,
            "stock": 0.6,
            "eps": -1.71
        },
        "2006": {
            "cash": 0,
            "stock": 0,
            "eps": 0.19
        },
        "2007": {
            "cash": 0,
            "stock": 0,
            "eps": 2.79
        },
        "2008": {
            "cash": 0.5,
            "stock": 0.5,
            "eps": -1.85
        },
        "2009": {
            "cash": 0,
            "stock": 0,
            "eps": -2.39
        },
        "2010": {
            "cash": 0,
            "stock": 0,
            "eps": -2.02
        },
        "2011": {
            "cash": 0,
            "stock": 0,
            "eps": -2.3
        },
        "2012": {
            "cash": 0,
            "stock": 0,
            "eps": -0.97
        },
        "2013": {
            "cash": 0,
            "stock": 0,
            "eps": 0.06
        },
        "2014": {
            "cash": 0,
            "stock": 0,
            "eps": 0.14
        },
        "2015": {
            "cash": 0,
            "stock": 0,
            "eps": -0.17
        },
        "2016": {
            "cash": 0,
            "stock": 0,
            "eps": -1.1
        },
        "2017": {
            "cash": 0,
            "stock": 0,
            "eps": 0.46
        },
        "2018": {
            "cash": 0,
            "stock": 0,
            "eps": -1.03
        },
        "2019": {
            "cash": 0,
            "stock": 0,
            "eps": -3.83
        },
        "2020": {
            "cash": 0,
            "stock": 0,
            "eps": 0.04
        },
        "2021": {
            "cash": 0,
            "stock": 0,
            "eps": 6.33
        },
        "2022": {
            "cash": 2.5,
            "stock": 0,
            "eps": 2.17
        },
        "2023": {
            "cash": 1.03,
            "stock": 0,
            "eps": 0.71
        }
    },
    "dividends": {
        "2003-05-20": {
            "cash": 0,
            "stock": 0.29
        },
        "2004-03-16": {
            "cash": 0.5,
            "stock": 0.4
        },
        "2005-04-01": {
            "cash": 0,
            "stock": 0.6
        },
        "2008-04-01": {
            "cash": 0.5,
            "stock": 0.5
        },
        "2022-08-30": {
            "cash": 2.5,
            "stock": 0
        },
        "2023-08-25": {
            "cash": 1.03,
            "stock": 0
        }
    },
    "prices": {
        "200101": "無",
        "200102": "無",
        "200103": "無",
        "200104": "無",
        "200105": "無",
        "200106": "無",
        "200107": "無",
        "200108": "無",
        "200109": "無",
        "200110": "無",
        "200111": "無",
        "200112": "無",
        "200201": "無",
        "200202": "無",
        "200203": "無",
        "200204": "無",
        "200205": "無",
        "200206": "無",
        "200207": "無",
        "200208": "無",
        "200209": "無",
        "200210": "無",
        "200211": "無",
        "200212": "無",
        "200301": "無",
        "200302": "無",
        "200303": "無",
        "200304": "無",
        "200305": "無",
        "200306": "無",
        "200307": "無",
        "200308": "無",
        "200309": "43.30",
        "200310": "43.79",
        "200311": "48.49",
        "200312": "53.90",
        "200401": "62.76",
        "200402": "78.50",
        "200403": "73.11",
        "200404": "66.73",
        "200405": "52.00",
        "200406": "48.21",
        "200407": "36.83",
        "200408": "30.24",
        "200409": "22.18",
        "200410": "17.05",
        "200411": "13.74",
        "200412": "12.73",
        "200501": "13.15",
        "200502": "15.07",
        "200503": "19.85",
        "200504": "16.02",
        "200505": "14.50",
        "200506": "17.47",
        "200507": "17.95",
        "200508": "13.88",
        "200509": "13.25",
        "200510": "12.41",
        "200511": "10.98",
        "200512": "14.28",
        "200601": "15.45",
        "200602": "13.45",
        "200603": "14.61",
        "200604": "17.05",
        "200605": "17.18",
        "200606": "17.67",
        "200607": "17.71",
        "200608": "19.29",
        "200609": "25.51",
        "200610": "21.64",
        "200611": "20.93",
        "200612": "23.71",
        "200701": "25.12",
        "200702": "23.50",
        "200703": "27.40",
        "200704": "31.33",
        "200705": "32.51",
        "200706": "37.89",
        "200707": "36.84",
        "200708": "32.33",
        "200709": "38.59",
        "200710": "50.99",
        "200711": "52.65",
        "200712": "42.91",
        "200801": "39.28",
        "200802": "33.14",
        "200803": "33.30",
        "200804": "33.46",
        "200805": "32.50",
        "200806": "27.25",
        "200807": "24.30",
        "200808": "23.74",
        "200809": "21.38",
        "200810": "17.60",
        "200811": "16.72",
        "200812": "15.57",
        "200901": "16.18",
        "200902": "16.25",
        "200903": "16.98",
        "200904": "18.36",
        "200905": "18.24",
        "200906": "15.90",
        "200907": "16.49",
        "200908": "18.15",
        "200909": "17.74",
        "200910": "18.66",
        "200911": "16.36",
        "200912": "17.52",
        "201001": "18.66",
        "201002": "15.21",
        "201003": "15.81",
        "201004": "16.38",
        "201005": "13.35",
        "201006": "12.95",
        "201007": "13.34",
        "201008": "12.99",
        "201009": "11.75",
        "201010": "11.11",
        "201011": "6.52",
        "201012": "5.81",
        "201101": "5.88",
        "201102": "6.52",
        "201103": "6.00",
        "201104": "6.33",
        "201105": "6.01",
        "201106": "5.18",
        "201107": "4.89",
        "201108": "4.62",
        "201109": "4.26",
        "201110": "4.07",
        "201111": "4.41",
        "201112": "5.54",
        "201201": "5.67",
        "201202": "6.03",
        "201203": "6.41",
        "201204": "6.62",
        "201205": "5.02",
        "201206": "4.49",
        "201207": "3.87",
        "201208": "4.19",
        "201209": "3.40",
        "201210": "3.64",
        "201211": "4.36",
        "201212": "6.24",
        "201301": "5.94",
        "201302": "6.75",
        "201303": "5.71",
        "201304": "5.52",
        "201305": "6.56",
        "201306": "6.70",
        "201307": "6.12",
        "201308": "5.19",
        "201309": "11.13",
        "201310": "14.73",
        "201311": "15.00",
        "201312": "14.20",
        "201401": "10.73",
        "201402": "10.14",
        "201403": "10.48",
        "201404": "12.85",
        "201405": "13.76",
        "201406": "14.00",
        "201407": "13.37",
        "201408": "12.95",
        "201409": "13.35",
        "201410": "13.03",
        "201411": "13.99",
        "201412": "18.48",
        "201501": "20.42",
        "201502": "19.27",
        "201503": "18.97",
        "201504": "18.76",
        "201505": "19.16",
        "201506": "18.47",
        "201507": "16.54",
        "201508": "12.74",
        "201509": "12.12",
        "201510": "11.92",
        "201511": "10.30",
        "201512": "10.17",
        "201601": "10.02",
        "201602": "9.60",
        "201603": "9.84",
        "201604": "10.16",
        "201605": "9.74",
        "201606": "9.64",
        "201607": "9.93",
        "201608": "10.29",
        "201609": "12.42",
        "201610": "20.56",
        "201611": "25.03",
        "201612": "23.89",
        "201701": "21.74",
        "201702": "20.27",
        "201703": "19.69",
        "201704": "17.97",
        "201705": "17.12",
        "201706": "無",
        "201707": "無",
        "201708": "無",
        "201709": "無",
        "201710": "無",
        "201711": "19.42",
        "201712": "30.28",
        "201801": "32.71",
        "201802": "33.32",
        "201803": "28.74",
        "201804": "27.08",
        "201805": "26.55",
        "201806": "25.14",
        "201807": "24.65",
        "201808": "23.44",
        "201809": "21.28",
        "201810": "18.78",
        "201811": "14.86",
        "201812": "10.67",
        "201901": "14.31",
        "201902": "14.16",
        "201903": "14.08",
        "201904": "22.93",
        "201905": "25.01",
        "201906": "25.24",
        "201907": "25.56",
        "201908": "22.89",
        "201909": "21.40",
        "201910": "20.00",
        "201911": "15.88",
        "201912": "16.01",
        "202001": "17.36",
        "202002": "17.40",
        "202003": "無",
        "202004": "無",
        "202005": "無",
        "202006": "無",
        "202007": "無",
        "202008": "24.22",
        "202009": "37.73",
        "202010": "39.87",
        "202011": "38.70",
        "202012": "43.82",
        "202101": "48.00",
        "202102": "88.55",
        "202103": "117.52",
        "202104": "112.05",
        "202105": "110.43",
        "202106": "107.50",
        "202107": "140.86",
        "202108": "155.93",
        "202109": "121.18",
        "202110": "96.68",
        "202111": "96.16",
        "202112": "92.37",
        "202201": "86.81",
        "202202": "120.13",
        "202203": "113.85",
        "202204": "100.69",
        "202205": "91.60",
        "202206": "85.76",
        "202207": "78.09",
        "202208": "74.81",
        "202209": "65.61",
        "202210": "46.92",
        "202211": "44.95",
        "202212": "49.43",
        "202301": "55.48",
        "202302": "63.59",
        "202303": "57.51",
        "202304": "53.97",
        "202305": "51.95",
        "202306": "50.04",
        "202307": "56.30",
        "202308": "54.20",
        "202309": "49.58",
        "202310": "47.67",
        "202311": "47.08",
        "202312": "47.56"
    },
    "quarters": {
        "20011": {
            "year_quarter": 20011,
            "year": 2001,
            "quarter": 1,
            "eps": null,
            "eps_growth_year": null,
            "eps_4q": null,
            "eps_4q_growth_year": null,
            "roe": null,
            "roe_4q": 0,
            "gross_profit": null,
            "gross_margin": null,
            "gross_margin_4q_avg": 0,
            "net_income": null,
            "net_income_4q": null,
            "revenue": null,
            "revenue_4q": null,
            "common_shares": null,
            "book_valuer_per_share": null,
            "book_valuer_per_share_4q_avg": 0,
            "equity": null,
            "current_ratio": null,
            "debt_ratio": null,
            "inventory_turnover_ratio": null,
            "account_receivable_turnover_ratio": null,
            "reinvestment_rate": null,
            "research_to_sale_ratio": null,
            "price_fair": 0,
            "eps_avg_yearly": 0,
            "eps_latest_yearly": 0,
            "eps_growth_yearly": 0
        },
        "20012": {
            "year_quarter": 20012,
            "year": 2001,
            "quarter": 2,
            "eps": null,
            "eps_growth_year": null,
            "eps_4q": null,
            "eps_4q_growth_year": null,
            "roe": null,
            "roe_4q": 0,
            "gross_profit": null,
            "gross_margin": null,
            "gross_margin_4q_avg": 0,
            "net_income": null,
            "net_income_4q": null,
            "revenue": null,
            "revenue_4q": null,
            "common_shares": null,
            "book_valuer_per_share": null,
            "book_valuer_per_share_4q_avg": 0,
            "equity": null,
            "current_ratio": null,
            "debt_ratio": null,
            "inventory_turnover_ratio": null,
            "account_receivable_turnover_ratio": null,
            "reinvestment_rate": null,
            "research_to_sale_ratio": null,
            "price_fair": 0,
            "eps_avg_yearly": 0,
            "eps_latest_yearly": 0,
            "eps_growth_yearly": 0
        },
        "20013": {
            "year_quarter": 20013,
            "year": 2001,
            "quarter": 3,
            "eps": null,
            "eps_growth_year": null,
            "eps_4q": null,
            "eps_4q_growth_year": null,
            "roe": null,
            "roe_4q": 0,
            "gross_profit": null,
            "gross_margin": null,
            "gross_margin_4q_avg": 0,
            "net_income": null,
            "net_income_4q": null,
            "revenue": null,
            "revenue_4q": null,
            "common_shares": null,
            "book_valuer_per_share": null,
            "book_valuer_per_share_4q_avg": 0,
            "equity": null,
            "current_ratio": null,
            "debt_ratio": null,
            "inventory_turnover_ratio": null,
            "account_receivable_turnover_ratio": null,
            "reinvestment_rate": null,
            "research_to_sale_ratio": null,
            "price_fair": 0,
            "eps_avg_yearly": 0,
            "eps_latest_yearly": 0,
            "eps_growth_yearly": 0
        },
        "20014": {
            "year_quarter": 20014,
            "year": 2001,
            "quarter": 4,
            "eps": null,
            "eps_growth_year": null,
            "eps_4q": null,
            "eps_4q_growth_year": null,
            "roe": null,
            "roe_4q": 0,
            "gross_profit": null,
            "gross_margin": null,
            "gross_margin_4q_avg": 0,
            "net_income": null,
            "net_income_4q": null,
            "revenue": null,
            "revenue_4q": null,
            "common_shares": 133000,
            "book_valuer_per_share": 8.22,
            "book_valuer_per_share_4q_avg": 2.06,
            "equity": 109304,
            "current_ratio": 275.93,
            "debt_ratio": 24.86,
            "inventory_turnover_ratio": null,
            "account_receivable_turnover_ratio": null,
            "reinvestment_rate": null,
            "research_to_sale_ratio": null,
            "price_fair": 0,
            "eps_avg_yearly": 0,
            "eps_latest_yearly": 0,
            "eps_growth_yearly": 0
        },
        "20021": {
            "year_quarter": 20021,
            "year": 2002,
            "quarter": 1,
            "eps": null,
            "eps_growth_year": null,
            "eps_4q": null,
            "eps_4q_growth_year": null,
            "roe": null,
            "roe_4q": 0,
            "gross_profit": null,
            "gross_margin": null,
            "gross_margin_4q_avg": 0,
            "net_income": null,
            "net_income_4q": null,
            "revenue": null,
            "revenue_4q": null,
            "common_shares": null,
            "book_valuer_per_share": null,
            "book_valuer_per_share_4q_avg": 2.06,
            "equity": null,
            "current_ratio": null,
            "debt_ratio": null,
            "inventory_turnover_ratio": null,
            "account_receivable_turnover_ratio": null,
            "reinvestment_rate": null,
            "research_to_sale_ratio": null,
            "price_fair": 0,
            "eps_avg_yearly": 0,
            "eps_latest_yearly": 0,
            "eps_growth_yearly": 0
        },
        "20022": {
            "year_quarter": 20022,
            "year": 2002,
            "quarter": 2,
            "eps": null,
            "eps_growth_year": null,
            "eps_4q": null,
            "eps_4q_growth_year": null,
            "roe": null,
            "roe_4q": 0,
            "gross_profit": null,
            "gross_margin": null,
            "gross_margin_4q_avg": 0,
            "net_income": null,
            "net_income_4q": null,
            "revenue": null,
            "revenue_4q": null,
            "common_shares": null,
            "book_valuer_per_share": null,
            "book_valuer_per_share_4q_avg": 2.06,
            "equity": null,
            "current_ratio": null,
            "debt_ratio": null,
            "inventory_turnover_ratio": null,
            "account_receivable_turnover_ratio": null,
            "reinvestment_rate": null,
            "research_to_sale_ratio": null,
            "price_fair": 0,
            "eps_avg_yearly": 0,
            "eps_latest_yearly": 0,
            "eps_growth_yearly": 0
        },
        "20023": {
            "year_quarter": 20023,
            "year": 2002,
            "quarter": 3,
            "eps": null,
            "eps_growth_year": null,
            "eps_4q": null,
            "eps_4q_growth_year": null,
            "roe": null,
            "roe_4q": 0,
            "gross_profit": null,
            "gross_margin": null,
            "gross_margin_4q_avg": 0,
            "net_income": null,
            "net_income_4q": null,
            "revenue": null,
            "revenue_4q": null,
            "common_shares": null,
            "book_valuer_per_share": null,
            "book_valuer_per_share_4q_avg": 2.06,
            "equity": null,
            "current_ratio": null,
            "debt_ratio": null,
            "inventory_turnover_ratio": null,
            "account_receivable_turnover_ratio": null,
            "reinvestment_rate": null,
            "research_to_sale_ratio": null,
            "price_fair": 0,
            "eps_avg_yearly": 0,
            "eps_latest_yearly": 0,
            "eps_growth_yearly": 0
        },
        "20024": {
            "year_quarter": 20024,
            "year": 2002,
            "quarter": 4,
            "eps": null,
            "eps_growth_year": null,
            "eps_4q": null,
            "eps_4q_growth_year": null,
            "roe": null,
            "roe_4q": 0,
            "gross_profit": null,
            "gross_margin": null,
            "gross_margin_4q_avg": 0,
            "net_income": null,
            "net_income_4q": null,
            "revenue": null,
            "revenue_4q": null,
            "common_shares": 153000,
            "book_valuer_per_share": 13.98,
            "book_valuer_per_share_4q_avg": 3.5,
            "equity": 213865,
            "current_ratio": 431.83,
            "debt_ratio": 21.23,
            "inventory_turnover_ratio": null,
            "account_receivable_turnover_ratio": null,
            "reinvestment_rate": null,
            "research_to_sale_ratio": null,
            "price_fair": 0,
            "eps_avg_yearly": 0,
            "eps_latest_yearly": 0,
            "eps_growth_yearly": 0
        },
        "20031": {
            "year_quarter": 20031,
            "year": 2003,
            "quarter": 1,
            "eps": 0.7,
            "eps_growth_year": null,
            "eps_4q": null,
            "eps_4q_growth_year": null,
            "roe": 6.57,
            "roe_4q": 6.57,
            "gross_profit": 39411,
            "gross_margin": 50.01,
            "gross_margin_4q_avg": 12.5,
            "net_income": 14528,
            "net_income_4q": null,
            "revenue": 78801,
            "revenue_4q": null,
            "common_shares": 153000,
            "book_valuer_per_share": 14.93,
            "book_valuer_per_share_4q_avg": 7.23,
            "equity": 228393,
            "current_ratio": 420.33,
            "debt_ratio": 22.24,
            "inventory_turnover_ratio": 1.69,
            "account_receivable_turnover_ratio": null,
            "reinvestment_rate": null,
            "research_to_sale_ratio": null,
            "price_fair": 0,
            "eps_avg_yearly": 0,
            "eps_latest_yearly": 0,
            "eps_growth_yearly": 0
        },
        "20032": {
            "year_quarter": 20032,
            "year": 2003,
            "quarter": 2,
            "eps": 1.03,
            "eps_growth_year": null,
            "eps_4q": null,
            "eps_4q_growth_year": null,
            "roe": 8.93,
            "roe_4q": 15.5,
            "gross_profit": 34272,
            "gross_margin": 49.02,
            "gross_margin_4q_avg": 24.76,
            "net_income": 21278,
            "net_income_4q": null,
            "revenue": 69915,
            "revenue_4q": null,
            "common_shares": 153000,
            "book_valuer_per_share": 16.21,
            "book_valuer_per_share_4q_avg": 11.28,
            "equity": 248027,
            "current_ratio": 493.34,
            "debt_ratio": 16.12,
            "inventory_turnover_ratio": 1.41,
            "account_receivable_turnover_ratio": null,
            "reinvestment_rate": null,
            "research_to_sale_ratio": null,
            "price_fair": 144.2,
            "eps_avg_yearly": 4.12,
            "eps_latest_yearly": 4.12,
            "eps_growth_yearly": 188.57
        },
        "20033": {
            "year_quarter": 20033,
            "year": 2003,
            "quarter": 3,
            "eps": 0.94,
            "eps_growth_year": null,
            "eps_4q": null,
            "eps_4q_growth_year": null,
            "roe": 9.71,
            "roe_4q": 25.21,
            "gross_profit": 61836,
            "gross_margin": 48.44,
            "gross_margin_4q_avg": 36.87,
            "net_income": 29145,
            "net_income_4q": null,
            "revenue": 127668,
            "revenue_4q": null,
            "common_shares": 231135,
            "book_valuer_per_share": 15.24,
            "book_valuer_per_share_4q_avg": 15.09,
            "equity": 352172,
            "current_ratio": 397.94,
            "debt_ratio": 21.2,
            "inventory_turnover_ratio": 3.19,
            "account_receivable_turnover_ratio": null,
            "reinvestment_rate": null,
            "research_to_sale_ratio": null,
            "price_fair": 137.9,
            "eps_avg_yearly": 3.94,
            "eps_latest_yearly": 3.76,
            "eps_growth_yearly": 76.81
        },
        "20034": {
            "year_quarter": 20034,
            "year": 2003,
            "quarter": 4,
            "eps": 3.19,
            "eps_growth_year": null,
            "eps_4q": 6.2,
            "eps_4q_growth_year": null,
            "roe": 17.79,
            "roe_4q": 43,
            "gross_profit": 91615,
            "gross_margin": 52.71,
            "gross_margin_4q_avg": 50.05,
            "net_income": 68768,
            "net_income_4q": null,
            "revenue": 173823,
            "revenue_4q": null,
            "common_shares": 231135,
            "book_valuer_per_share": 18.21,
            "book_valuer_per_share_4q_avg": 16.15,
            "equity": 420940,
            "current_ratio": 291.79,
            "debt_ratio": 27.23,
            "inventory_turnover_ratio": 3.22,
            "account_receivable_turnover_ratio": null,
            "reinvestment_rate": null,
            "research_to_sale_ratio": null,
            "price_fair": 240.8,
            "eps_avg_yearly": 6.88,
            "eps_latest_yearly": 12.76,
            "eps_growth_yearly": 370.36
        },
        "20041": {
            "year_quarter": 20041,
            "year": 2004,
            "quarter": 1,
            "eps": 0.53,
            "eps_growth_year": -24.29,
            "eps_4q": 5.66,
            "eps_4q_growth_year": null,
            "roe": 2.88,
            "roe_4q": 39.31,
            "gross_profit": 40284,
            "gross_margin": 42.12,
            "gross_margin_4q_avg": 48.07,
            "net_income": 12307,
            "net_income_4q": null,
            "revenue": 95647,
            "revenue_4q": null,
            "common_shares": 231135,
            "book_valuer_per_share": 18.74,
            "book_valuer_per_share_4q_avg": 17.1,
            "equity": 433247,
            "current_ratio": 412.65,
            "debt_ratio": 18.69,
            "inventory_turnover_ratio": 1.28,
            "account_receivable_turnover_ratio": null,
            "reinvestment_rate": null,
            "research_to_sale_ratio": null,
            "price_fair": 199.15,
            "eps_avg_yearly": 5.69,
            "eps_latest_yearly": 2.12,
            "eps_growth_yearly": 194.38
        },
        "20042": {
            "year_quarter": 20042,
            "year": 2004,
            "quarter": 2,
            "eps": 0.35,
            "eps_growth_year": -66.02,
            "eps_4q": 3.65,
            "eps_4q_growth_year": null,
            "roe": 2.72,
            "roe_4q": 33.1,
            "gross_profit": 52012,
            "gross_margin": 36.23,
            "gross_margin_4q_avg": 44.88,
            "net_income": 11705,
            "net_income_4q": null,
            "revenue": 143543,
            "revenue_4q": null,
            "common_shares": 231135,
            "book_valuer_per_share": 18.51,
            "book_valuer_per_share_4q_avg": 17.68,
            "equity": 427729,
            "current_ratio": 346.7,
            "debt_ratio": 22.04,
            "inventory_turnover_ratio": 1.45,
            "account_receivable_turnover_ratio": null,
            "reinvestment_rate": null,
            "research_to_sale_ratio": null,
            "price_fair": 169.12,
            "eps_avg_yearly": 4.83,
            "eps_latest_yearly": 1.4,
            "eps_growth_yearly": 128.34
        },
        "20043": {
            "year_quarter": 20043,
            "year": 2004,
            "quarter": 3,
            "eps": 0.18,
            "eps_growth_year": -80.85,
            "eps_4q": 2.95,
            "eps_4q_growth_year": null,
            "roe": 1.4,
            "roe_4q": 24.79,
            "gross_profit": 38973,
            "gross_margin": 33.18,
            "gross_margin_4q_avg": 41.06,
            "net_income": 6026,
            "net_income_4q": null,
            "revenue": 117477,
            "revenue_4q": null,
            "common_shares": 339233,
            "book_valuer_per_share": 12.79,
            "book_valuer_per_share_4q_avg": 17.06,
            "equity": 433756,
            "current_ratio": 440.55,
            "debt_ratio": 16.43,
            "inventory_turnover_ratio": 1,
            "account_receivable_turnover_ratio": null,
            "reinvestment_rate": null,
            "research_to_sale_ratio": null,
            "price_fair": 145.13,
            "eps_avg_yearly": 4.15,
            "eps_latest_yearly": 0.72,
            "eps_growth_yearly": 74.56
        },
        "20044": {
            "year_quarter": 20044,
            "year": 2004,
            "quarter": 4,
            "eps": -0.35,
            "eps_growth_year": -110.97,
            "eps_4q": 0.51,
            "eps_4q_growth_year": -91.78,
            "roe": -2.77,
            "roe_4q": 4.23,
            "gross_profit": 20181,
            "gross_margin": 28.68,
            "gross_margin_4q_avg": 35.05,
            "net_income": -11834,
            "net_income_4q": null,
            "revenue": 70358,
            "revenue_4q": null,
            "common_shares": 339233,
            "book_valuer_per_share": 12.43,
            "book_valuer_per_share_4q_avg": 15.62,
            "equity": 421636,
            "current_ratio": 595.12,
            "debt_ratio": 11.65,
            "inventory_turnover_ratio": 0.63,
            "account_receivable_turnover_ratio": null,
            "reinvestment_rate": null,
            "research_to_sale_ratio": null,
            "price_fair": 145.13,
            "eps_avg_yearly": 4.15,
            "eps_latest_yearly": 0.72,
            "eps_growth_yearly": 74.56
        },
        "20051": {
            "year_quarter": 20051,
            "year": 2005,
            "quarter": 1,
            "eps": -1.05,
            "eps_growth_year": -298.11,
            "eps_4q": -0.88,
            "eps_4q_growth_year": -115.46,
            "roe": -8.78,
            "roe_4q": -7.429999999999998,
            "gross_profit": 16534,
            "gross_margin": 28.43,
            "gross_margin_4q_avg": 31.63,
            "net_income": -35455,
            "net_income_4q": null,
            "revenue": 58167,
            "revenue_4q": null,
            "common_shares": 339233,
            "book_valuer_per_share": 11.38,
            "book_valuer_per_share_4q_avg": 13.78,
            "equity": 386153,
            "current_ratio": 838.15,
            "debt_ratio": 8.38,
            "inventory_turnover_ratio": 0.69,
            "account_receivable_turnover_ratio": null,
            "reinvestment_rate": null,
            "research_to_sale_ratio": null,
            "price_fair": 145.13,
            "eps_avg_yearly": 4.15,
            "eps_latest_yearly": 0.72,
            "eps_growth_yearly": 74.56
        },
        "20052": {
            "year_quarter": 20052,
            "year": 2005,
            "quarter": 2,
            "eps": -0.24,
            "eps_growth_year": -168.57,
            "eps_4q": -1.46,
            "eps_4q_growth_year": -140.07,
            "roe": -2.17,
            "roe_4q": -12.319999999999999,
            "gross_profit": 27054,
            "gross_margin": 35.88,
            "gross_margin_4q_avg": 31.54,
            "net_income": -8293,
            "net_income_4q": null,
            "revenue": 75411,
            "revenue_4q": null,
            "common_shares": 339233,
            "book_valuer_per_share": 11.14,
            "book_valuer_per_share_4q_avg": 11.94,
            "equity": 377863,
            "current_ratio": 666.19,
            "debt_ratio": 10.86,
            "inventory_turnover_ratio": 1.14,
            "account_receivable_turnover_ratio": null,
            "reinvestment_rate": null,
            "research_to_sale_ratio": null,
            "price_fair": 145.13,
            "eps_avg_yearly": 4.15,
            "eps_latest_yearly": 0.72,
            "eps_growth_yearly": 74.56
        },
        "20053": {
            "year_quarter": 20053,
            "year": 2005,
            "quarter": 3,
            "eps": -0.05,
            "eps_growth_year": -127.78,
            "eps_4q": -1.59,
            "eps_4q_growth_year": -153.99,
            "roe": -0.46,
            "roe_4q": -14.18,
            "gross_profit": 33844,
            "gross_margin": 33.14,
            "gross_margin_4q_avg": 31.53,
            "net_income": -1718,
            "net_income_4q": null,
            "revenue": 102133,
            "revenue_4q": null,
            "common_shares": 359587,
            "book_valuer_per_share": 10.47,
            "book_valuer_per_share_4q_avg": 11.36,
            "equity": 376434,
            "current_ratio": 416.54,
            "debt_ratio": 17.54,
            "inventory_turnover_ratio": 1.57,
            "account_receivable_turnover_ratio": null,
            "reinvestment_rate": null,
            "research_to_sale_ratio": null,
            "price_fair": 145.13,
            "eps_avg_yearly": 4.15,
            "eps_latest_yearly": 0.72,
            "eps_growth_yearly": 74.56
        },
        "20054": {
            "year_quarter": 20054,
            "year": 2005,
            "quarter": 4,
            "eps": -0.37,
            "eps_growth_year": null,
            "eps_4q": -1.63,
            "eps_4q_growth_year": -419.61,
            "roe": -3.61,
            "roe_4q": -15.02,
            "gross_profit": 33513,
            "gross_margin": 30.48,
            "gross_margin_4q_avg": 31.98,
            "net_income": -13496,
            "net_income_4q": null,
            "revenue": 109955,
            "revenue_4q": null,
            "common_shares": 367267,
            "book_valuer_per_share": 10.09,
            "book_valuer_per_share_4q_avg": 10.77,
            "equity": 370566,
            "current_ratio": 434.83,
            "debt_ratio": 16.9,
            "inventory_turnover_ratio": 1.74,
            "account_receivable_turnover_ratio": null,
            "reinvestment_rate": null,
            "research_to_sale_ratio": null,
            "price_fair": 145.13,
            "eps_avg_yearly": 4.15,
            "eps_latest_yearly": 0.72,
            "eps_growth_yearly": 74.56
        },
        "20061": {
            "year_quarter": 20061,
            "year": 2006,
            "quarter": 1,
            "eps": -0.65,
            "eps_growth_year": null,
            "eps_4q": -1.29,
            "eps_4q_growth_year": null,
            "roe": -6.68,
            "roe_4q": -12.92,
            "gross_profit": 16023,
            "gross_margin": 28.88,
            "gross_margin_4q_avg": 32.1,
            "net_income": -24006,
            "net_income_4q": null,
            "revenue": 55482,
            "revenue_4q": null,
            "common_shares": 369187,
            "book_valuer_per_share": 9.44,
            "book_valuer_per_share_4q_avg": 10.29,
            "equity": 348440,
            "current_ratio": 617.53,
            "debt_ratio": 11.96,
            "inventory_turnover_ratio": 1.04,
            "account_receivable_turnover_ratio": null,
            "reinvestment_rate": null,
            "research_to_sale_ratio": null,
            "price_fair": 145.13,
            "eps_avg_yearly": 4.15,
            "eps_latest_yearly": 0.72,
            "eps_growth_yearly": 74.56
        },
        "20062": {
            "year_quarter": 20062,
            "year": 2006,
            "quarter": 2,
            "eps": 0.21,
            "eps_growth_year": null,
            "eps_4q": -0.86,
            "eps_4q_growth_year": null,
            "roe": 2.19,
            "roe_4q": -8.56,
            "gross_profit": 32850,
            "gross_margin": 30.59,
            "gross_margin_4q_avg": 30.77,
            "net_income": 7716,
            "net_income_4q": null,
            "revenue": 107403,
            "revenue_4q": null,
            "common_shares": 369187,
            "book_valuer_per_share": 9.65,
            "book_valuer_per_share_4q_avg": 9.91,
            "equity": 356148,
            "current_ratio": 461.42,
            "debt_ratio": 15.77,
            "inventory_turnover_ratio": 1.65,
            "account_receivable_turnover_ratio": null,
            "reinvestment_rate": null,
            "research_to_sale_ratio": null,
            "price_fair": 145.13,
            "eps_avg_yearly": 4.15,
            "eps_latest_yearly": 0.72,
            "eps_growth_yearly": 74.56
        },
        "20063": {
            "year_quarter": 20063,
            "year": 2006,
            "quarter": 3,
            "eps": 0.34,
            "eps_growth_year": null,
            "eps_4q": -0.47,
            "eps_4q_growth_year": null,
            "roe": 3.45,
            "roe_4q": -4.649999999999999,
            "gross_profit": 52304,
            "gross_margin": 34.82,
            "gross_margin_4q_avg": 31.19,
            "net_income": 12539,
            "net_income_4q": null,
            "revenue": 150217,
            "revenue_4q": null,
            "common_shares": 370357,
            "book_valuer_per_share": 9.99,
            "book_valuer_per_share_4q_avg": 9.79,
            "equity": 370088,
            "current_ratio": 401.61,
            "debt_ratio": 18.74,
            "inventory_turnover_ratio": 2.2,
            "account_receivable_turnover_ratio": null,
            "reinvestment_rate": null,
            "research_to_sale_ratio": null,
            "price_fair": 131.2,
            "eps_avg_yearly": 3.75,
            "eps_latest_yearly": 1.36,
            "eps_growth_yearly": 99.29
        },
        "20064": {
            "year_quarter": 20064,
            "year": 2006,
            "quarter": 4,
            "eps": 0.29,
            "eps_growth_year": null,
            "eps_4q": 0.19,
            "eps_4q_growth_year": null,
            "roe": 2.88,
            "roe_4q": 1.8399999999999999,
            "gross_profit": 48767,
            "gross_margin": 41.19,
            "gross_margin_4q_avg": 33.87,
            "net_income": 10839,
            "net_income_4q": null,
            "revenue": 118403,
            "revenue_4q": null,
            "common_shares": 371257,
            "book_valuer_per_share": 10.29,
            "book_valuer_per_share_4q_avg": 9.84,
            "equity": 381838,
            "current_ratio": 476.77,
            "debt_ratio": 16.64,
            "inventory_turnover_ratio": 1.52,
            "account_receivable_turnover_ratio": null,
            "reinvestment_rate": 6.92,
            "research_to_sale_ratio": null,
            "price_fair": 119.88,
            "eps_avg_yearly": 3.43,
            "eps_latest_yearly": 1.16,
            "eps_growth_yearly": 79.52
        },
        "20071": {
            "year_quarter": 20071,
            "year": 2007,
            "quarter": 1,
            "eps": -0.04,
            "eps_growth_year": null,
            "eps_4q": 0.75,
            "eps_4q_growth_year": null,
            "roe": -0.41,
            "roe_4q": 8.11,
            "gross_profit": 36398,
            "gross_margin": 43.14,
            "gross_margin_4q_avg": 37.44,
            "net_income": -1568,
            "net_income_4q": null,
            "revenue": 84362,
            "revenue_4q": null,
            "common_shares": 372127,
            "book_valuer_per_share": 10.25,
            "book_valuer_per_share_4q_avg": 10.05,
            "equity": 381260,
            "current_ratio": 624.72,
            "debt_ratio": 13.17,
            "inventory_turnover_ratio": 0.76,
            "account_receivable_turnover_ratio": null,
            "reinvestment_rate": 5.91,
            "research_to_sale_ratio": null,
            "price_fair": 119.88,
            "eps_avg_yearly": 3.43,
            "eps_latest_yearly": 1.16,
            "eps_growth_yearly": 79.52
        },
        "20072": {
            "year_quarter": 20072,
            "year": 2007,
            "quarter": 2,
            "eps": 0.68,
            "eps_growth_year": 223.81,
            "eps_4q": 1.27,
            "eps_4q_growth_year": null,
            "roe": 6.37,
            "roe_4q": 12.29,
            "gross_profit": 51611,
            "gross_margin": 53.75,
            "gross_margin_4q_avg": 43.23,
            "net_income": 25142,
            "net_income_4q": null,
            "revenue": 96027,
            "revenue_4q": null,
            "common_shares": 373237,
            "book_valuer_per_share": 10.92,
            "book_valuer_per_share_4q_avg": 10.36,
            "equity": 407599,
            "current_ratio": 659.58,
            "debt_ratio": 12.23,
            "inventory_turnover_ratio": 0.64,
            "account_receivable_turnover_ratio": null,
            "reinvestment_rate": 4.12,
            "research_to_sale_ratio": null,
            "price_fair": 116.4,
            "eps_avg_yearly": 3.33,
            "eps_latest_yearly": 1.16,
            "eps_growth_yearly": 63.94
        },
        "20073": {
            "year_quarter": 20073,
            "year": 2007,
            "quarter": 3,
            "eps": 2,
            "eps_growth_year": 488.24,
            "eps_4q": 2.92,
            "eps_4q_growth_year": null,
            "roe": 16.76,
            "roe_4q": 25.6,
            "gross_profit": 100465,
            "gross_margin": 54.77,
            "gross_margin_4q_avg": 48.21,
            "net_income": 74552,
            "net_income_4q": null,
            "revenue": 183447,
            "revenue_4q": null,
            "common_shares": 373237,
            "book_valuer_per_share": 12.92,
            "book_valuer_per_share_4q_avg": 11.1,
            "equity": 482190,
            "current_ratio": 420.13,
            "debt_ratio": 19.22,
            "inventory_turnover_ratio": 1.08,
            "account_receivable_turnover_ratio": null,
            "reinvestment_rate": 4.42,
            "research_to_sale_ratio": null,
            "price_fair": 137.6,
            "eps_avg_yearly": 3.93,
            "eps_latest_yearly": 8,
            "eps_growth_yearly": 179.86
        },
        "20074": {
            "year_quarter": 20074,
            "year": 2007,
            "quarter": 4,
            "eps": 0.15,
            "eps_growth_year": -48.28,
            "eps_4q": 2.85,
            "eps_4q_growth_year": 1400.61,
            "roe": 1.13,
            "roe_4q": 23.85,
            "gross_profit": 57554,
            "gross_margin": 49.9,
            "gross_margin_4q_avg": 50.39,
            "net_income": 5460,
            "net_income_4q": null,
            "revenue": 115340,
            "revenue_4q": null,
            "common_shares": 373237,
            "book_valuer_per_share": 13.07,
            "book_valuer_per_share_4q_avg": 11.79,
            "equity": 487733,
            "current_ratio": 879.97,
            "debt_ratio": 9.4,
            "inventory_turnover_ratio": 0.7,
            "account_receivable_turnover_ratio": null,
            "reinvestment_rate": 5.25,
            "research_to_sale_ratio": null,
            "price_fair": 6.58,
            "eps_avg_yearly": 2.19,
            "eps_latest_yearly": 0.6,
            "eps_growth_yearly": -9.77
        },
        "20081": {
            "year_quarter": 20081,
            "year": 2008,
            "quarter": 1,
            "eps": -0.6,
            "eps_growth_year": null,
            "eps_4q": 2.2,
            "eps_4q_growth_year": 191.6,
            "roe": -4.74,
            "roe_4q": 19.520000000000003,
            "gross_profit": 24939,
            "gross_margin": 35.34,
            "gross_margin_4q_avg": 48.44,
            "net_income": -22562,
            "net_income_4q": null,
            "revenue": 70564,
            "revenue_4q": null,
            "common_shares": 373237,
            "book_valuer_per_share": 12.46,
            "book_valuer_per_share_4q_avg": 12.34,
            "equity": 465003,
            "current_ratio": 927.09,
            "debt_ratio": 8.71,
            "inventory_turnover_ratio": 0.71,
            "account_receivable_turnover_ratio": null,
            "reinvestment_rate": 8.97,
            "research_to_sale_ratio": null,
            "price_fair": 77.23,
            "eps_avg_yearly": 2.21,
            "eps_latest_yearly": 0.6,
            "eps_growth_yearly": 44.19
        },
        "20082": {
            "year_quarter": 20082,
            "year": 2008,
            "quarter": 2,
            "eps": -0.51,
            "eps_growth_year": -175,
            "eps_4q": 1.02,
            "eps_4q_growth_year": -19.29,
            "roe": -4.32,
            "roe_4q": 8.830000000000002,
            "gross_profit": 41730,
            "gross_margin": 48.31,
            "gross_margin_4q_avg": 47.08,
            "net_income": -19194,
            "net_income_4q": null,
            "revenue": 86381,
            "revenue_4q": null,
            "common_shares": 373237,
            "book_valuer_per_share": 11.37,
            "book_valuer_per_share_4q_avg": 12.46,
            "equity": 424511,
            "current_ratio": 651.44,
            "debt_ratio": 12.52,
            "inventory_turnover_ratio": 1.17,
            "account_receivable_turnover_ratio": null,
            "reinvestment_rate": 42,
            "research_to_sale_ratio": null,
            "price_fair": 82.88,
            "eps_avg_yearly": 2.37,
            "eps_latest_yearly": 0.6,
            "eps_growth_yearly": 80.2
        },
        "20083": {
            "year_quarter": 20083,
            "year": 2008,
            "quarter": 3,
            "eps": 0.59,
            "eps_growth_year": -70.5,
            "eps_4q": -0.32,
            "eps_4q_growth_year": -111,
            "roe": 5.38,
            "roe_4q": -2.5500000000000007,
            "gross_profit": 68866,
            "gross_margin": 55.1,
            "gross_margin_4q_avg": 47.16,
            "net_income": 23491,
            "net_income_4q": null,
            "revenue": 124976,
            "revenue_4q": null,
            "common_shares": 397361,
            "book_valuer_per_share": 11.28,
            "book_valuer_per_share_4q_avg": 12.05,
            "equity": 448302,
            "current_ratio": 666.35,
            "debt_ratio": 12.15,
            "inventory_turnover_ratio": 1.35,
            "account_receivable_turnover_ratio": null,
            "reinvestment_rate": 13.96,
            "research_to_sale_ratio": null,
            "price_fair": 97.3,
            "eps_avg_yearly": 2.78,
            "eps_latest_yearly": 0.6,
            "eps_growth_yearly": 148.82
        },
        "20084": {
            "year_quarter": 20084,
            "year": 2008,
            "quarter": 4,
            "eps": -1.33,
            "eps_growth_year": -986.67,
            "eps_4q": -1.79,
            "eps_4q_growth_year": -162.9,
            "roe": -12.56,
            "roe_4q": -16.240000000000002,
            "gross_profit": 7036,
            "gross_margin": 22.53,
            "gross_margin_4q_avg": 40.32,
            "net_income": -52998,
            "net_income_4q": null,
            "revenue": 31234,
            "revenue_4q": null,
            "common_shares": 397361,
            "book_valuer_per_share": 9.95,
            "book_valuer_per_share_4q_avg": 11.27,
            "equity": 395290,
            "current_ratio": 1050.09,
            "debt_ratio": 7.83,
            "inventory_turnover_ratio": 0.45,
            "account_receivable_turnover_ratio": 5.96,
            "reinvestment_rate": null,
            "research_to_sale_ratio": null,
            "price_fair": 97.3,
            "eps_avg_yearly": 2.78,
            "eps_latest_yearly": 0.6,
            "eps_growth_yearly": 148.82
        },
        "20091": {
            "year_quarter": 20091,
            "year": 2009,
            "quarter": 1,
            "eps": -0.51,
            "eps_growth_year": null,
            "eps_4q": -1.73,
            "eps_4q_growth_year": -178.91,
            "roe": -5.23,
            "roe_4q": -16.73,
            "gross_profit": 9436,
            "gross_margin": 41.5,
            "gross_margin_4q_avg": 41.86,
            "net_income": -20172,
            "net_income_4q": null,
            "revenue": 22737,
            "revenue_4q": null,
            "common_shares": 397361,
            "book_valuer_per_share": 9.45,
            "book_valuer_per_share_4q_avg": 10.51,
            "equity": 375462,
            "current_ratio": 1192.61,
            "debt_ratio": 6.64,
            "inventory_turnover_ratio": 0.26,
            "account_receivable_turnover_ratio": 2.01,
            "reinvestment_rate": null,
            "research_to_sale_ratio": null,
            "price_fair": 97.3,
            "eps_avg_yearly": 2.78,
            "eps_latest_yearly": 0.6,
            "eps_growth_yearly": 148.82
        },
        "20092": {
            "year_quarter": 20092,
            "year": 2009,
            "quarter": 2,
            "eps": -0.39,
            "eps_growth_year": null,
            "eps_4q": -1.64,
            "eps_4q_growth_year": -260.08,
            "roe": -4.22,
            "roe_4q": -16.63,
            "gross_profit": 30183,
            "gross_margin": 37.34,
            "gross_margin_4q_avg": 39.12,
            "net_income": -15518,
            "net_income_4q": null,
            "revenue": 80841,
            "revenue_4q": null,
            "common_shares": 397361,
            "book_valuer_per_share": 9.05,
            "book_valuer_per_share_4q_avg": 9.93,
            "equity": 359750,
            "current_ratio": 625,
            "debt_ratio": 12.37,
            "inventory_turnover_ratio": 1.09,
            "account_receivable_turnover_ratio": 3.93,
            "reinvestment_rate": null,
            "research_to_sale_ratio": null,
            "price_fair": 97.3,
            "eps_avg_yearly": 2.78,
            "eps_latest_yearly": 0.6,
            "eps_growth_yearly": 148.82
        },
        "20093": {
            "year_quarter": 20093,
            "year": 2009,
            "quarter": 3,
            "eps": -0.38,
            "eps_growth_year": -164.41,
            "eps_4q": -2.61,
            "eps_4q_growth_year": null,
            "roe": -4.24,
            "roe_4q": -26.25,
            "gross_profit": 37189,
            "gross_margin": 42.53,
            "gross_margin_4q_avg": 35.98,
            "net_income": -14926,
            "net_income_4q": null,
            "revenue": 87432,
            "revenue_4q": null,
            "common_shares": 397361,
            "book_valuer_per_share": 8.67,
            "book_valuer_per_share_4q_avg": 9.28,
            "equity": 344604,
            "current_ratio": 747.5,
            "debt_ratio": 10.28,
            "inventory_turnover_ratio": 1.22,
            "account_receivable_turnover_ratio": 3.06,
            "reinvestment_rate": null,
            "research_to_sale_ratio": null,
            "price_fair": 97.3,
            "eps_avg_yearly": 2.78,
            "eps_latest_yearly": 0.6,
            "eps_growth_yearly": 148.82
        },
        "20094": {
            "year_quarter": 20094,
            "year": 2009,
            "quarter": 4,
            "eps": -1.11,
            "eps_growth_year": null,
            "eps_4q": -2.39,
            "eps_4q_growth_year": null,
            "roe": -13.74,
            "roe_4q": -27.43,
            "gross_profit": 11273,
            "gross_margin": 35.49,
            "gross_margin_4q_avg": 39.22,
            "net_income": -44295,
            "net_income_4q": null,
            "revenue": 31762,
            "revenue_4q": null,
            "common_shares": 397361,
            "book_valuer_per_share": 7.56,
            "book_valuer_per_share_4q_avg": 8.68,
            "equity": 300335,
            "current_ratio": 783.86,
            "debt_ratio": 10.3,
            "inventory_turnover_ratio": 0.57,
            "account_receivable_turnover_ratio": 5.31,
            "reinvestment_rate": null,
            "research_to_sale_ratio": null,
            "price_fair": 97.3,
            "eps_avg_yearly": 2.78,
            "eps_latest_yearly": 0.6,
            "eps_growth_yearly": 148.82
        },
        "20101": {
            "year_quarter": 20101,
            "year": 2010,
            "quarter": 1,
            "eps": -0.58,
            "eps_growth_year": null,
            "eps_4q": -2.46,
            "eps_4q_growth_year": null,
            "roe": -7.99,
            "roe_4q": -30.189999999999998,
            "gross_profit": 9217,
            "gross_margin": 30.8,
            "gross_margin_4q_avg": 36.54,
            "net_income": -23080,
            "net_income_4q": null,
            "revenue": 29922,
            "revenue_4q": null,
            "common_shares": 397361,
            "book_valuer_per_share": 6.98,
            "book_valuer_per_share_4q_avg": 8.07,
            "equity": 277228,
            "current_ratio": 868.46,
            "debt_ratio": 9.5,
            "inventory_turnover_ratio": 0.6,
            "account_receivable_turnover_ratio": 1.97,
            "reinvestment_rate": null,
            "research_to_sale_ratio": 64.56,
            "price_fair": 97.3,
            "eps_avg_yearly": 2.78,
            "eps_latest_yearly": 0.6,
            "eps_growth_yearly": 148.82
        },
        "20102": {
            "year_quarter": 20102,
            "year": 2010,
            "quarter": 2,
            "eps": -0.57,
            "eps_growth_year": null,
            "eps_4q": -2.64,
            "eps_4q_growth_year": null,
            "roe": -8.53,
            "roe_4q": -34.5,
            "gross_profit": 16539,
            "gross_margin": 32.34,
            "gross_margin_4q_avg": 35.29,
            "net_income": -22725,
            "net_income_4q": null,
            "revenue": 51144,
            "revenue_4q": null,
            "common_shares": 397361,
            "book_valuer_per_share": 6.44,
            "book_valuer_per_share_4q_avg": 7.41,
            "equity": 255823,
            "current_ratio": 670.1,
            "debt_ratio": 12.59,
            "inventory_turnover_ratio": 1.02,
            "account_receivable_turnover_ratio": 2.01,
            "reinvestment_rate": null,
            "research_to_sale_ratio": 36.31,
            "price_fair": 97.3,
            "eps_avg_yearly": 2.78,
            "eps_latest_yearly": 0.6,
            "eps_growth_yearly": 148.82
        },
        "20103": {
            "year_quarter": 20103,
            "year": 2010,
            "quarter": 3,
            "eps": -0.41,
            "eps_growth_year": null,
            "eps_4q": -2.68,
            "eps_4q_growth_year": null,
            "roe": -6.63,
            "roe_4q": -36.89,
            "gross_profit": 19388,
            "gross_margin": 28.15,
            "gross_margin_4q_avg": 31.7,
            "net_income": -16470,
            "net_income_4q": null,
            "revenue": 68873,
            "revenue_4q": null,
            "common_shares": 397361,
            "book_valuer_per_share": 6.06,
            "book_valuer_per_share_4q_avg": 6.76,
            "equity": 240785,
            "current_ratio": 406.94,
            "debt_ratio": 20.61,
            "inventory_turnover_ratio": 1.17,
            "account_receivable_turnover_ratio": 2.04,
            "reinvestment_rate": null,
            "research_to_sale_ratio": 31.13,
            "price_fair": 113.87,
            "eps_avg_yearly": 3.25,
            "eps_latest_yearly": 0.6,
            "eps_growth_yearly": 115.88
        },
        "20104": {
            "year_quarter": 20104,
            "year": 2010,
            "quarter": 4,
            "eps": -0.46,
            "eps_growth_year": null,
            "eps_4q": -2.03,
            "eps_4q_growth_year": null,
            "roe": -7.87,
            "roe_4q": -31.020000000000003,
            "gross_profit": 9221,
            "gross_margin": 26.12,
            "gross_margin_4q_avg": 29.35,
            "net_income": -18257,
            "net_income_4q": null,
            "revenue": 35296,
            "revenue_4q": null,
            "common_shares": 397361,
            "book_valuer_per_share": 5.62,
            "book_valuer_per_share_4q_avg": 6.28,
            "equity": 223428,
            "current_ratio": 407.19,
            "debt_ratio": 19.55,
            "inventory_turnover_ratio": 0.58,
            "account_receivable_turnover_ratio": 1.23,
            "reinvestment_rate": null,
            "research_to_sale_ratio": 51.89,
            "price_fair": 150.5,
            "eps_avg_yearly": 4.3,
            "eps_latest_yearly": 0.6,
            "eps_growth_yearly": 203.24
        },
        "20111": {
            "year_quarter": 20111,
            "year": 2011,
            "quarter": 1,
            "eps": -0.52,
            "eps_growth_year": null,
            "eps_4q": -1.49,
            "eps_4q_growth_year": null,
            "roe": -10.26,
            "roe_4q": -33.29,
            "gross_profit": 4470,
            "gross_margin": 18.87,
            "gross_margin_4q_avg": 26.37,
            "net_income": -25382,
            "net_income_4q": null,
            "revenue": 23691,
            "revenue_4q": null,
            "common_shares": 557361,
            "book_valuer_per_share": 4.87,
            "book_valuer_per_share_4q_avg": 5.75,
            "equity": 271219,
            "current_ratio": 921.47,
            "debt_ratio": 10.16,
            "inventory_turnover_ratio": 0.59,
            "account_receivable_turnover_ratio": 1.21,
            "reinvestment_rate": null,
            "research_to_sale_ratio": 70.57,
            "price_fair": 150.5,
            "eps_avg_yearly": 4.3,
            "eps_latest_yearly": 0.6,
            "eps_growth_yearly": 203.24
        },
        "20112": {
            "year_quarter": 20112,
            "year": 2011,
            "quarter": 2,
            "eps": -0.39,
            "eps_growth_year": null,
            "eps_4q": -1.47,
            "eps_4q_growth_year": null,
            "roe": -8.43,
            "roe_4q": -33.19,
            "gross_profit": 10569,
            "gross_margin": 27.44,
            "gross_margin_4q_avg": 25.15,
            "net_income": -21953,
            "net_income_4q": null,
            "revenue": 38517,
            "revenue_4q": null,
            "common_shares": 557361,
            "book_valuer_per_share": 4.48,
            "book_valuer_per_share_4q_avg": 5.26,
            "equity": 249556,
            "current_ratio": 437.51,
            "debt_ratio": 19.65,
            "inventory_turnover_ratio": 0.85,
            "account_receivable_turnover_ratio": 2.25,
            "reinvestment_rate": null,
            "research_to_sale_ratio": 50.42,
            "price_fair": 150.5,
            "eps_avg_yearly": 4.3,
            "eps_latest_yearly": 0.6,
            "eps_growth_yearly": 203.24
        },
        "20113": {
            "year_quarter": 20113,
            "year": 2011,
            "quarter": 3,
            "eps": -0.3,
            "eps_growth_year": null,
            "eps_4q": -1.47,
            "eps_4q_growth_year": null,
            "roe": -6.86,
            "roe_4q": -33.419999999999995,
            "gross_profit": 11316,
            "gross_margin": 33.61,
            "gross_margin_4q_avg": 26.51,
            "net_income": -16607,
            "net_income_4q": null,
            "revenue": 33666,
            "revenue_4q": null,
            "common_shares": 557361,
            "book_valuer_per_share": 4.21,
            "book_valuer_per_share_4q_avg": 4.8,
            "equity": 234576,
            "current_ratio": 401.08,
            "debt_ratio": 20.35,
            "inventory_turnover_ratio": 0.63,
            "account_receivable_turnover_ratio": 1.82,
            "reinvestment_rate": null,
            "research_to_sale_ratio": 55.65,
            "price_fair": 1.8,
            "eps_avg_yearly": 0.6,
            "eps_latest_yearly": 0.6,
            "eps_growth_yearly": -370
        },
        "20114": {
            "year_quarter": 20114,
            "year": 2011,
            "quarter": 4,
            "eps": -1.09,
            "eps_growth_year": null,
            "eps_4q": -2.24,
            "eps_4q_growth_year": null,
            "roe": -29.82,
            "roe_4q": -55.37,
            "gross_profit": 13056,
            "gross_margin": 44.1,
            "gross_margin_4q_avg": 31.01,
            "net_income": -60915,
            "net_income_4q": null,
            "revenue": 29603,
            "revenue_4q": null,
            "common_shares": 557361,
            "book_valuer_per_share": 3.12,
            "book_valuer_per_share_4q_avg": 4.17,
            "equity": 173975,
            "current_ratio": 649.99,
            "debt_ratio": 15.39,
            "inventory_turnover_ratio": 0.52,
            "account_receivable_turnover_ratio": 1.99,
            "reinvestment_rate": null,
            "research_to_sale_ratio": 71.52,
            "price_fair": 0,
            "eps_avg_yearly": 0,
            "eps_latest_yearly": 0,
            "eps_growth_yearly": 0
        },
        "20121": {
            "year_quarter": 20121,
            "year": 2012,
            "quarter": 1,
            "eps": -0.16,
            "eps_growth_year": null,
            "eps_4q": -1.94,
            "eps_4q_growth_year": null,
            "roe": -5.17,
            "roe_4q": -50.28,
            "gross_profit": 16685,
            "gross_margin": 41.59,
            "gross_margin_4q_avg": 36.69,
            "net_income": -8788,
            "net_income_4q": null,
            "revenue": 40114,
            "revenue_4q": null,
            "common_shares": 557361,
            "book_valuer_per_share": 2.98,
            "book_valuer_per_share_4q_avg": 3.7,
            "equity": 165954,
            "current_ratio": 590.08,
            "debt_ratio": 16.02,
            "inventory_turnover_ratio": 0.86,
            "account_receivable_turnover_ratio": 3.39,
            "reinvestment_rate": null,
            "research_to_sale_ratio": 41.92,
            "price_fair": 0,
            "eps_avg_yearly": 0,
            "eps_latest_yearly": 0,
            "eps_growth_yearly": 0
        },
        "20122": {
            "year_quarter": 20122,
            "year": 2012,
            "quarter": 2,
            "eps": -0.06,
            "eps_growth_year": null,
            "eps_4q": -1.6,
            "eps_4q_growth_year": null,
            "roe": -1.88,
            "roe_4q": -43.73,
            "gross_profit": 20581,
            "gross_margin": 38.39,
            "gross_margin_4q_avg": 39.42,
            "net_income": -3090,
            "net_income_4q": null,
            "revenue": 53611,
            "revenue_4q": null,
            "common_shares": 557361,
            "book_valuer_per_share": 2.91,
            "book_valuer_per_share_4q_avg": 3.31,
            "equity": 162058,
            "current_ratio": 470.92,
            "debt_ratio": 19.67,
            "inventory_turnover_ratio": 1.44,
            "account_receivable_turnover_ratio": 4.52,
            "reinvestment_rate": null,
            "research_to_sale_ratio": 28.64,
            "price_fair": 0,
            "eps_avg_yearly": 0,
            "eps_latest_yearly": 0,
            "eps_growth_yearly": 0
        },
        "20123": {
            "year_quarter": 20123,
            "year": 2012,
            "quarter": 3,
            "eps": -0,
            "eps_growth_year": null,
            "eps_4q": -3.27,
            "eps_4q_growth_year": null,
            "roe": -0.01,
            "roe_4q": -36.88,
            "gross_profit": 21735,
            "gross_margin": 40.8,
            "gross_margin_4q_avg": 41.22,
            "net_income": -19,
            "net_income_4q": null,
            "revenue": 53273,
            "revenue_4q": null,
            "common_shares": 222944,
            "book_valuer_per_share": 7.28,
            "book_valuer_per_share_4q_avg": 4.07,
            "equity": 162311,
            "current_ratio": 360.32,
            "debt_ratio": 24.53,
            "inventory_turnover_ratio": 1.29,
            "account_receivable_turnover_ratio": 4.79,
            "reinvestment_rate": null,
            "research_to_sale_ratio": 24.02,
            "price_fair": 0,
            "eps_avg_yearly": 0,
            "eps_latest_yearly": 0,
            "eps_growth_yearly": 0
        },
        "20124": {
            "year_quarter": 20124,
            "year": 2012,
            "quarter": 4,
            "eps": -0.75,
            "eps_growth_year": null,
            "eps_4q": -1.29,
            "eps_4q_growth_year": null,
            "roe": -10.93,
            "roe_4q": -17.990000000000002,
            "gross_profit": 21559,
            "gross_margin": 40.01,
            "gross_margin_4q_avg": 40.2,
            "net_income": -16809,
            "net_income_4q": null,
            "revenue": 53885,
            "revenue_4q": null,
            "common_shares": 222944,
            "book_valuer_per_share": 6.51,
            "book_valuer_per_share_4q_avg": 4.92,
            "equity": 145142,
            "current_ratio": 337.1,
            "debt_ratio": 29.58,
            "inventory_turnover_ratio": 1.18,
            "account_receivable_turnover_ratio": 4.08,
            "reinvestment_rate": null,
            "research_to_sale_ratio": 24.49,
            "price_fair": 0,
            "eps_avg_yearly": 0,
            "eps_latest_yearly": 0,
            "eps_growth_yearly": 0
        },
        "20131": {
            "year_quarter": 20131,
            "year": 2013,
            "quarter": 1,
            "eps": -0.12,
            "eps_growth_year": null,
            "eps_4q": -1.02,
            "eps_4q_growth_year": null,
            "roe": -1.92,
            "roe_4q": -14.739999999999998,
            "gross_profit": 17363,
            "gross_margin": 38.91,
            "gross_margin_4q_avg": 39.53,
            "net_income": -2749,
            "net_income_4q": null,
            "revenue": 44626,
            "revenue_4q": null,
            "common_shares": 222944,
            "book_valuer_per_share": 6.33,
            "book_valuer_per_share_4q_avg": 5.76,
            "equity": 141144,
            "current_ratio": 320.64,
            "debt_ratio": 31.97,
            "inventory_turnover_ratio": 0.81,
            "account_receivable_turnover_ratio": 3.56,
            "reinvestment_rate": null,
            "research_to_sale_ratio": 26.5,
            "price_fair": 0,
            "eps_avg_yearly": 0,
            "eps_latest_yearly": 0,
            "eps_growth_yearly": 0
        },
        "20132": {
            "year_quarter": 20132,
            "year": 2013,
            "quarter": 2,
            "eps": -0.07,
            "eps_growth_year": null,
            "eps_4q": -0.94,
            "eps_4q_growth_year": null,
            "roe": -1.05,
            "roe_4q": -13.909999999999998,
            "gross_profit": 19513,
            "gross_margin": 37.48,
            "gross_margin_4q_avg": 39.3,
            "net_income": -1474,
            "net_income_4q": null,
            "revenue": 52061,
            "revenue_4q": null,
            "common_shares": 222944,
            "book_valuer_per_share": 6.28,
            "book_valuer_per_share_4q_avg": 6.6,
            "equity": 140005,
            "current_ratio": 310.24,
            "debt_ratio": 33.37,
            "inventory_turnover_ratio": 0.76,
            "account_receivable_turnover_ratio": 3.24,
            "reinvestment_rate": null,
            "research_to_sale_ratio": 20.41,
            "price_fair": 0,
            "eps_avg_yearly": 0,
            "eps_latest_yearly": 0,
            "eps_growth_yearly": 0
        },
        "20133": {
            "year_quarter": 20133,
            "year": 2013,
            "quarter": 3,
            "eps": -0.03,
            "eps_growth_year": null,
            "eps_4q": -0.98,
            "eps_4q_growth_year": null,
            "roe": -0.52,
            "roe_4q": -14.42,
            "gross_profit": 21148,
            "gross_margin": 39.27,
            "gross_margin_4q_avg": 38.92,
            "net_income": -730,
            "net_income_4q": null,
            "revenue": 53851,
            "revenue_4q": null,
            "common_shares": 222944,
            "book_valuer_per_share": 6.26,
            "book_valuer_per_share_4q_avg": 6.35,
            "equity": 139497,
            "current_ratio": 407.22,
            "debt_ratio": 26.41,
            "inventory_turnover_ratio": 0.85,
            "account_receivable_turnover_ratio": 2.88,
            "reinvestment_rate": null,
            "research_to_sale_ratio": 18.23,
            "price_fair": 0,
            "eps_avg_yearly": 0,
            "eps_latest_yearly": 0,
            "eps_growth_yearly": 0
        },
        "20134": {
            "year_quarter": 20134,
            "year": 2013,
            "quarter": 4,
            "eps": 0.28,
            "eps_growth_year": null,
            "eps_4q": 0.06,
            "eps_4q_growth_year": null,
            "roe": 4.33,
            "roe_4q": 0.8399999999999999,
            "gross_profit": 25177,
            "gross_margin": 34.49,
            "gross_margin_4q_avg": 37.54,
            "net_income": 6251,
            "net_income_4q": null,
            "revenue": 73002,
            "revenue_4q": null,
            "common_shares": 222944,
            "book_valuer_per_share": 6.68,
            "book_valuer_per_share_4q_avg": 6.39,
            "equity": 148993,
            "current_ratio": 403.58,
            "debt_ratio": 26.16,
            "inventory_turnover_ratio": 1.63,
            "account_receivable_turnover_ratio": 4.53,
            "reinvestment_rate": null,
            "research_to_sale_ratio": 12.5,
            "price_fair": 0,
            "eps_avg_yearly": 0,
            "eps_latest_yearly": 0,
            "eps_growth_yearly": 0
        },
        "20141": {
            "year_quarter": 20141,
            "year": 2014,
            "quarter": 1,
            "eps": -0.03,
            "eps_growth_year": null,
            "eps_4q": 0.15,
            "eps_4q_growth_year": null,
            "roe": -0.45,
            "roe_4q": 2.3099999999999996,
            "gross_profit": 18425,
            "gross_margin": 37.97,
            "gross_margin_4q_avg": 37.3,
            "net_income": -673,
            "net_income_4q": null,
            "revenue": 48528,
            "revenue_4q": null,
            "common_shares": 223294,
            "book_valuer_per_share": 6.67,
            "book_valuer_per_share_4q_avg": 6.47,
            "equity": 148840,
            "current_ratio": 376.89,
            "debt_ratio": 27.37,
            "inventory_turnover_ratio": 0.93,
            "account_receivable_turnover_ratio": 3.38,
            "reinvestment_rate": null,
            "research_to_sale_ratio": 18.86,
            "price_fair": 0,
            "eps_avg_yearly": 0,
            "eps_latest_yearly": 0,
            "eps_growth_yearly": 0
        },
        "20142": {
            "year_quarter": 20142,
            "year": 2014,
            "quarter": 2,
            "eps": 0.1,
            "eps_growth_year": null,
            "eps_4q": 0.32,
            "eps_4q_growth_year": null,
            "roe": 1.49,
            "roe_4q": 4.85,
            "gross_profit": 22852,
            "gross_margin": 36.91,
            "gross_margin_4q_avg": 37.16,
            "net_income": 2238,
            "net_income_4q": null,
            "revenue": 61908,
            "revenue_4q": null,
            "common_shares": 223294,
            "book_valuer_per_share": 6.77,
            "book_valuer_per_share_4q_avg": 6.6,
            "equity": 151068,
            "current_ratio": 384.74,
            "debt_ratio": 27.33,
            "inventory_turnover_ratio": 0.95,
            "account_receivable_turnover_ratio": 6.2,
            "reinvestment_rate": null,
            "research_to_sale_ratio": 15.26,
            "price_fair": 0,
            "eps_avg_yearly": 0,
            "eps_latest_yearly": 0,
            "eps_growth_yearly": 0
        },
        "20143": {
            "year_quarter": 20143,
            "year": 2014,
            "quarter": 3,
            "eps": 0.19,
            "eps_growth_year": null,
            "eps_4q": 0.54,
            "eps_4q_growth_year": null,
            "roe": 2.78,
            "roe_4q": 8.149999999999999,
            "gross_profit": 24786,
            "gross_margin": 35.01,
            "gross_margin_4q_avg": 36.1,
            "net_income": 4264,
            "net_income_4q": null,
            "revenue": 70797,
            "revenue_4q": null,
            "common_shares": 223294,
            "book_valuer_per_share": 6.97,
            "book_valuer_per_share_4q_avg": 6.77,
            "equity": 155577,
            "current_ratio": 358.93,
            "debt_ratio": 28.54,
            "inventory_turnover_ratio": 1,
            "account_receivable_turnover_ratio": 10.46,
            "reinvestment_rate": null,
            "research_to_sale_ratio": 13.61,
            "price_fair": 26.6,
            "eps_avg_yearly": 0.76,
            "eps_latest_yearly": 0.76,
            "eps_growth_yearly": 360
        },
        "20144": {
            "year_quarter": 20144,
            "year": 2014,
            "quarter": 4,
            "eps": -0.12,
            "eps_growth_year": -141.83,
            "eps_4q": 0.14,
            "eps_4q_growth_year": 138.7,
            "roe": -1.71,
            "roe_4q": 2.1099999999999994,
            "gross_profit": 22519,
            "gross_margin": 29.89,
            "gross_margin_4q_avg": 34.95,
            "net_income": -2668,
            "net_income_4q": null,
            "revenue": 75351,
            "revenue_4q": null,
            "common_shares": 223294,
            "book_valuer_per_share": 6.9,
            "book_valuer_per_share_4q_avg": 6.83,
            "equity": 157004,
            "current_ratio": 356.17,
            "debt_ratio": 29.31,
            "inventory_turnover_ratio": 1.26,
            "account_receivable_turnover_ratio": 11.1,
            "reinvestment_rate": null,
            "research_to_sale_ratio": 14.64,
            "price_fair": 26.6,
            "eps_avg_yearly": 0.76,
            "eps_latest_yearly": 0.76,
            "eps_growth_yearly": 360
        },
        "20151": {
            "year_quarter": 20151,
            "year": 2015,
            "quarter": 1,
            "eps": -0.19,
            "eps_growth_year": null,
            "eps_4q": -0.02,
            "eps_4q_growth_year": -113.66,
            "roe": -2.74,
            "roe_4q": -0.18000000000000038,
            "gross_profit": 15455,
            "gross_margin": 36.75,
            "gross_margin_4q_avg": 34.64,
            "net_income": -4314,
            "net_income_4q": null,
            "revenue": 42052,
            "revenue_4q": null,
            "common_shares": 227454,
            "book_valuer_per_share": 6.81,
            "book_valuer_per_share_4q_avg": 6.86,
            "equity": 158376,
            "current_ratio": 458.62,
            "debt_ratio": 23.52,
            "inventory_turnover_ratio": 0.81,
            "account_receivable_turnover_ratio": 6.05,
            "reinvestment_rate": null,
            "research_to_sale_ratio": 20.66,
            "price_fair": 26.6,
            "eps_avg_yearly": 0.76,
            "eps_latest_yearly": 0.76,
            "eps_growth_yearly": 360
        },
        "20152": {
            "year_quarter": 20152,
            "year": 2015,
            "quarter": 2,
            "eps": -0.01,
            "eps_growth_year": -110,
            "eps_4q": -0.13,
            "eps_4q_growth_year": -140.08,
            "roe": -0.15,
            "roe_4q": -1.8199999999999998,
            "gross_profit": 15286,
            "gross_margin": 32.89,
            "gross_margin_4q_avg": 33.64,
            "net_income": -244,
            "net_income_4q": null,
            "revenue": 46474,
            "revenue_4q": null,
            "common_shares": 232594,
            "book_valuer_per_share": 6.8,
            "book_valuer_per_share_4q_avg": 6.87,
            "equity": 158401,
            "current_ratio": 778.85,
            "debt_ratio": 14.45,
            "inventory_turnover_ratio": 1.11,
            "account_receivable_turnover_ratio": 7.32,
            "reinvestment_rate": null,
            "research_to_sale_ratio": 13.96,
            "price_fair": 26.6,
            "eps_avg_yearly": 0.76,
            "eps_latest_yearly": 0.76,
            "eps_growth_yearly": 360
        },
        "20153": {
            "year_quarter": 20153,
            "year": 2015,
            "quarter": 3,
            "eps": 0.12,
            "eps_growth_year": -36.84,
            "eps_4q": -0.19,
            "eps_4q_growth_year": -135.28,
            "roe": 1.74,
            "roe_4q": -2.8600000000000003,
            "gross_profit": 15794,
            "gross_margin": 30.97,
            "gross_margin_4q_avg": 32.63,
            "net_income": 2779,
            "net_income_4q": null,
            "revenue": 50990,
            "revenue_4q": null,
            "common_shares": 233004,
            "book_valuer_per_share": 6.93,
            "book_valuer_per_share_4q_avg": 6.86,
            "equity": 161467,
            "current_ratio": 689.42,
            "debt_ratio": 16.46,
            "inventory_turnover_ratio": 0.97,
            "account_receivable_turnover_ratio": 8.78,
            "reinvestment_rate": null,
            "research_to_sale_ratio": 10.27,
            "price_fair": 26.6,
            "eps_avg_yearly": 0.76,
            "eps_latest_yearly": 0.76,
            "eps_growth_yearly": 360
        },
        "20154": {
            "year_quarter": 20154,
            "year": 2015,
            "quarter": 4,
            "eps": -0.09,
            "eps_growth_year": null,
            "eps_4q": -0.17,
            "eps_4q_growth_year": -220.9,
            "roe": -1.31,
            "roe_4q": -2.4600000000000004,
            "gross_profit": 10013,
            "gross_margin": 31.63,
            "gross_margin_4q_avg": 33.06,
            "net_income": -2136,
            "net_income_4q": null,
            "revenue": 31656,
            "revenue_4q": null,
            "common_shares": 233004,
            "book_valuer_per_share": 7.03,
            "book_valuer_per_share_4q_avg": 6.89,
            "equity": 163876,
            "current_ratio": 1284.15,
            "debt_ratio": 8.47,
            "inventory_turnover_ratio": 0.48,
            "account_receivable_turnover_ratio": 7.73,
            "reinvestment_rate": null,
            "research_to_sale_ratio": 12.21,
            "price_fair": 26.6,
            "eps_avg_yearly": 0.76,
            "eps_latest_yearly": 0.76,
            "eps_growth_yearly": 360
        },
        "20161": {
            "year_quarter": 20161,
            "year": 2016,
            "quarter": 1,
            "eps": 0.14,
            "eps_growth_year": null,
            "eps_4q": 0.16,
            "eps_4q_growth_year": null,
            "roe": 1.98,
            "roe_4q": 2.2600000000000002,
            "gross_profit": 13925,
            "gross_margin": 37.17,
            "gross_margin_4q_avg": 33.17,
            "net_income": 3282,
            "net_income_4q": null,
            "revenue": 37465,
            "revenue_4q": null,
            "common_shares": 233004,
            "book_valuer_per_share": 7.17,
            "book_valuer_per_share_4q_avg": 6.98,
            "equity": 167106,
            "current_ratio": 958.19,
            "debt_ratio": 11,
            "inventory_turnover_ratio": 0.54,
            "account_receivable_turnover_ratio": 10.8,
            "reinvestment_rate": null,
            "research_to_sale_ratio": 9.14,
            "price_fair": 26.6,
            "eps_avg_yearly": 0.76,
            "eps_latest_yearly": 0.76,
            "eps_growth_yearly": 360
        },
        "20162": {
            "year_quarter": 20162,
            "year": 2016,
            "quarter": 2,
            "eps": 0.06,
            "eps_growth_year": null,
            "eps_4q": 0.23,
            "eps_4q_growth_year": null,
            "roe": 0.83,
            "roe_4q": 3.24,
            "gross_profit": 12524,
            "gross_margin": 31.52,
            "gross_margin_4q_avg": 32.82,
            "net_income": 1400,
            "net_income_4q": null,
            "revenue": 39733,
            "revenue_4q": null,
            "common_shares": 233004,
            "book_valuer_per_share": 7.23,
            "book_valuer_per_share_4q_avg": 7.09,
            "equity": 168512,
            "current_ratio": 1300.66,
            "debt_ratio": 8.4,
            "inventory_turnover_ratio": 0.74,
            "account_receivable_turnover_ratio": 6.08,
            "reinvestment_rate": null,
            "research_to_sale_ratio": 7.17,
            "price_fair": 17.5,
            "eps_avg_yearly": 0.5,
            "eps_latest_yearly": 0.24,
            "eps_growth_yearly": 65.71
        },
        "20163": {
            "year_quarter": 20163,
            "year": 2016,
            "quarter": 3,
            "eps": -0.78,
            "eps_growth_year": -750,
            "eps_4q": -0.67,
            "eps_4q_growth_year": null,
            "roe": -11.44,
            "roe_4q": -9.94,
            "gross_profit": -2241,
            "gross_margin": -6.62,
            "gross_margin_4q_avg": 23.43,
            "net_income": -18235,
            "net_income_4q": null,
            "revenue": 33846,
            "revenue_4q": null,
            "common_shares": 233004,
            "book_valuer_per_share": 6.45,
            "book_valuer_per_share_4q_avg": 6.97,
            "equity": 150231,
            "current_ratio": 3244.08,
            "debt_ratio": 2.99,
            "inventory_turnover_ratio": 1.48,
            "account_receivable_turnover_ratio": 6.17,
            "reinvestment_rate": null,
            "research_to_sale_ratio": 12.45,
            "price_fair": 17.5,
            "eps_avg_yearly": 0.5,
            "eps_latest_yearly": 0.24,
            "eps_growth_yearly": 65.71
        },
        "20164": {
            "year_quarter": 20164,
            "year": 2016,
            "quarter": 4,
            "eps": -0.52,
            "eps_growth_year": null,
            "eps_4q": -1.11,
            "eps_4q_growth_year": null,
            "roe": -8.5,
            "roe_4q": -17.13,
            "gross_profit": -4678,
            "gross_margin": -30.14,
            "gross_margin_4q_avg": 7.98,
            "net_income": -12227,
            "net_income_4q": null,
            "revenue": 15520,
            "revenue_4q": null,
            "common_shares": 233004,
            "book_valuer_per_share": 5.9,
            "book_valuer_per_share_4q_avg": 6.69,
            "equity": 137407,
            "current_ratio": 5616.61,
            "debt_ratio": 1.75,
            "inventory_turnover_ratio": 2.43,
            "account_receivable_turnover_ratio": 8.02,
            "reinvestment_rate": null,
            "research_to_sale_ratio": 0.32,
            "price_fair": 17.5,
            "eps_avg_yearly": 0.5,
            "eps_latest_yearly": 0.24,
            "eps_growth_yearly": 65.71
        },
        "20171": {
            "year_quarter": 20171,
            "year": 2017,
            "quarter": 1,
            "eps": -0.35,
            "eps_growth_year": -350,
            "eps_4q": -1.59,
            "eps_4q_growth_year": -1109.37,
            "roe": -6.1,
            "roe_4q": -25.21,
            "gross_profit": 5256,
            "gross_margin": 72.26,
            "gross_margin_4q_avg": 16.76,
            "net_income": -8093,
            "net_income_4q": null,
            "revenue": 7274,
            "revenue_4q": null,
            "common_shares": 233004,
            "book_valuer_per_share": 5.48,
            "book_valuer_per_share_4q_avg": 6.27,
            "equity": 127726,
            "current_ratio": 419.29,
            "debt_ratio": 22.41,
            "inventory_turnover_ratio": 0.52,
            "account_receivable_turnover_ratio": 0.96,
            "reinvestment_rate": null,
            "research_to_sale_ratio": 0,
            "price_fair": 17.5,
            "eps_avg_yearly": 0.5,
            "eps_latest_yearly": 0.24,
            "eps_growth_yearly": 65.71
        },
        "20172": {
            "year_quarter": 20172,
            "year": 2017,
            "quarter": 2,
            "eps": 0.42,
            "eps_growth_year": 600,
            "eps_4q": -1.24,
            "eps_4q_growth_year": -642.12,
            "roe": 7.31,
            "roe_4q": -18.73,
            "gross_profit": 24505,
            "gross_margin": 34.24,
            "gross_margin_4q_avg": 17.44,
            "net_income": 9687,
            "net_income_4q": null,
            "revenue": 71577,
            "revenue_4q": null,
            "common_shares": 233004,
            "book_valuer_per_share": 5.9,
            "book_valuer_per_share_4q_avg": 5.93,
            "equity": 137366,
            "current_ratio": 475.18,
            "debt_ratio": 19.87,
            "inventory_turnover_ratio": 4.63,
            "account_receivable_turnover_ratio": 3.69,
            "reinvestment_rate": null,
            "research_to_sale_ratio": 0,
            "price_fair": 17.5,
            "eps_avg_yearly": 0.5,
            "eps_latest_yearly": 0.24,
            "eps_growth_yearly": 65.71
        },
        "20173": {
            "year_quarter": 20173,
            "year": 2017,
            "quarter": 3,
            "eps": 0.52,
            "eps_growth_year": null,
            "eps_4q": 0.07,
            "eps_4q_growth_year": null,
            "roe": 8.12,
            "roe_4q": 0.8300000000000001,
            "gross_profit": 25165,
            "gross_margin": 10.14,
            "gross_margin_4q_avg": 21.63,
            "net_income": 12436,
            "net_income_4q": null,
            "revenue": 248124,
            "revenue_4q": null,
            "common_shares": 233004,
            "book_valuer_per_share": 6.43,
            "book_valuer_per_share_4q_avg": 5.93,
            "equity": 169019,
            "current_ratio": 568.28,
            "debt_ratio": 16.4,
            "inventory_turnover_ratio": 12.93,
            "account_receivable_turnover_ratio": 9.31,
            "reinvestment_rate": null,
            "research_to_sale_ratio": 0,
            "price_fair": 35.93,
            "eps_avg_yearly": 1.03,
            "eps_latest_yearly": 2.08,
            "eps_growth_yearly": 75.56
        },
        "20174": {
            "year_quarter": 20174,
            "year": 2017,
            "quarter": 4,
            "eps": -0.13,
            "eps_growth_year": null,
            "eps_4q": 0.47,
            "eps_4q_growth_year": null,
            "roe": -1.7,
            "roe_4q": 7.629999999999999,
            "gross_profit": 14420,
            "gross_margin": 2.74,
            "gross_margin_4q_avg": 29.85,
            "net_income": -2845,
            "net_income_4q": null,
            "revenue": 525522,
            "revenue_4q": null,
            "common_shares": 233004,
            "book_valuer_per_share": 6.27,
            "book_valuer_per_share_4q_avg": 6.02,
            "equity": 165042,
            "current_ratio": 580.6,
            "debt_ratio": 14.98,
            "inventory_turnover_ratio": 14.93,
            "account_receivable_turnover_ratio": 17.89,
            "reinvestment_rate": null,
            "research_to_sale_ratio": 0,
            "price_fair": 35.93,
            "eps_avg_yearly": 1.03,
            "eps_latest_yearly": 2.08,
            "eps_growth_yearly": 75.56
        },
        "20181": {
            "year_quarter": 20181,
            "year": 2018,
            "quarter": 1,
            "eps": -0.41,
            "eps_growth_year": null,
            "eps_4q": 0.4,
            "eps_4q_growth_year": null,
            "roe": -6.18,
            "roe_4q": 7.549999999999999,
            "gross_profit": 5496,
            "gross_margin": 2.06,
            "gross_margin_4q_avg": 12.3,
            "net_income": -9844,
            "net_income_4q": null,
            "revenue": 266359,
            "revenue_4q": null,
            "common_shares": 233004,
            "book_valuer_per_share": 5.81,
            "book_valuer_per_share_4q_avg": 6.1,
            "equity": 153668,
            "current_ratio": 308.54,
            "debt_ratio": 27.22,
            "inventory_turnover_ratio": 7.79,
            "account_receivable_turnover_ratio": 13.96,
            "reinvestment_rate": null,
            "research_to_sale_ratio": null,
            "price_fair": 35.93,
            "eps_avg_yearly": 1.03,
            "eps_latest_yearly": 2.08,
            "eps_growth_yearly": 75.56
        },
        "20182": {
            "year_quarter": 20182,
            "year": 2018,
            "quarter": 2,
            "eps": -0.46,
            "eps_growth_year": -209.52,
            "eps_4q": -0.47,
            "eps_4q_growth_year": null,
            "roe": -7.08,
            "roe_4q": -6.84,
            "gross_profit": 1135,
            "gross_margin": 0.89,
            "gross_margin_4q_avg": 3.96,
            "net_income": -10618,
            "net_income_4q": null,
            "revenue": 127692,
            "revenue_4q": null,
            "common_shares": 233004,
            "book_valuer_per_share": 5.45,
            "book_valuer_per_share_4q_avg": 5.99,
            "equity": 146330,
            "current_ratio": 430.22,
            "debt_ratio": 26.68,
            "inventory_turnover_ratio": 10.38,
            "account_receivable_turnover_ratio": 5.53,
            "reinvestment_rate": null,
            "research_to_sale_ratio": null,
            "price_fair": 35.93,
            "eps_avg_yearly": 1.03,
            "eps_latest_yearly": 2.08,
            "eps_growth_yearly": 75.56
        },
        "20183": {
            "year_quarter": 20183,
            "year": 2018,
            "quarter": 3,
            "eps": -0.38,
            "eps_growth_year": -173.08,
            "eps_4q": -1.38,
            "eps_4q_growth_year": -2155.64,
            "roe": -6.85,
            "roe_4q": -21.81,
            "gross_profit": 1548,
            "gross_margin": 4.99,
            "gross_margin_4q_avg": 2.67,
            "net_income": -8939,
            "net_income_4q": null,
            "revenue": 31044,
            "revenue_4q": null,
            "common_shares": 233004,
            "book_valuer_per_share": 4.92,
            "book_valuer_per_share_4q_avg": 5.61,
            "equity": 114610,
            "current_ratio": 336.72,
            "debt_ratio": 31.45,
            "inventory_turnover_ratio": 6.7,
            "account_receivable_turnover_ratio": 1.15,
            "reinvestment_rate": null,
            "research_to_sale_ratio": null,
            "price_fair": 3.48,
            "eps_avg_yearly": 1.16,
            "eps_latest_yearly": 2.08,
            "eps_growth_yearly": -66.67
        },
        "20184": {
            "year_quarter": 20184,
            "year": 2018,
            "quarter": 4,
            "eps": 0.22,
            "eps_growth_year": null,
            "eps_4q": -1.75,
            "eps_4q_growth_year": -476.54,
            "roe": 2.83,
            "roe_4q": -17.28,
            "gross_profit": 2918,
            "gross_margin": 12.91,
            "gross_margin_4q_avg": 5.21,
            "net_income": 3287,
            "net_income_4q": null,
            "revenue": 22609,
            "revenue_4q": null,
            "common_shares": 147840,
            "book_valuer_per_share": 7.98,
            "book_valuer_per_share_4q_avg": 6.04,
            "equity": 118021,
            "current_ratio": 343.72,
            "debt_ratio": 29.99,
            "inventory_turnover_ratio": 4.79,
            "account_receivable_turnover_ratio": 1.75,
            "reinvestment_rate": null,
            "research_to_sale_ratio": null,
            "price_fair": 3.48,
            "eps_avg_yearly": 1.16,
            "eps_latest_yearly": 2.08,
            "eps_growth_yearly": -66.67
        },
        "20191": {
            "year_quarter": 20191,
            "year": 2019,
            "quarter": 1,
            "eps": 0,
            "eps_growth_year": null,
            "eps_4q": -1.11,
            "eps_4q_growth_year": -374.09,
            "roe": 1.53,
            "roe_4q": -9.57,
            "gross_profit": 18984,
            "gross_margin": 76.51,
            "gross_margin_4q_avg": 23.83,
            "net_income": 1891,
            "net_income_4q": null,
            "revenue": 24814,
            "revenue_4q": null,
            "common_shares": 147840,
            "book_valuer_per_share": 8.5,
            "book_valuer_per_share_4q_avg": 6.71,
            "equity": 128624,
            "current_ratio": 224.2,
            "debt_ratio": 45.38,
            "inventory_turnover_ratio": 1.52,
            "account_receivable_turnover_ratio": 1.29,
            "reinvestment_rate": null,
            "research_to_sale_ratio": 3.82,
            "price_fair": 3.48,
            "eps_avg_yearly": 1.16,
            "eps_latest_yearly": 2.08,
            "eps_growth_yearly": -66.67
        },
        "20192": {
            "year_quarter": 20192,
            "year": 2019,
            "quarter": 2,
            "eps": 0.07,
            "eps_growth_year": null,
            "eps_4q": -0.31,
            "eps_4q_growth_year": null,
            "roe": 1.72,
            "roe_4q": -0.7699999999999996,
            "gross_profit": 23646,
            "gross_margin": 69.21,
            "gross_margin_4q_avg": 40.91,
            "net_income": 2226,
            "net_income_4q": null,
            "revenue": 34167,
            "revenue_4q": null,
            "common_shares": 147840,
            "book_valuer_per_share": 8.56,
            "book_valuer_per_share_4q_avg": 7.49,
            "equity": 130662,
            "current_ratio": 246.33,
            "debt_ratio": 41.84,
            "inventory_turnover_ratio": 0.42,
            "account_receivable_turnover_ratio": 0.92,
            "reinvestment_rate": null,
            "research_to_sale_ratio": 2.74,
            "price_fair": 3.48,
            "eps_avg_yearly": 1.16,
            "eps_latest_yearly": 2.08,
            "eps_growth_yearly": -66.67
        },
        "20193": {
            "year_quarter": 20193,
            "year": 2019,
            "quarter": 3,
            "eps": -2.4,
            "eps_growth_year": null,
            "eps_4q": -2.11,
            "eps_4q_growth_year": null,
            "roe": -33.52,
            "roe_4q": -27.440000000000005,
            "gross_profit": 10250,
            "gross_margin": 43.87,
            "gross_margin_4q_avg": 50.63,
            "net_income": -37368,
            "net_income_4q": null,
            "revenue": 23367,
            "revenue_4q": null,
            "common_shares": 147840,
            "book_valuer_per_share": 6.09,
            "book_valuer_per_share_4q_avg": 7.78,
            "equity": 92321,
            "current_ratio": 211.73,
            "debt_ratio": 44.49,
            "inventory_turnover_ratio": 0.39,
            "account_receivable_turnover_ratio": 0.52,
            "reinvestment_rate": null,
            "research_to_sale_ratio": 3.33,
            "price_fair": 3.48,
            "eps_avg_yearly": 1.16,
            "eps_latest_yearly": 2.08,
            "eps_growth_yearly": -66.67
        },
        "20194": {
            "year_quarter": 20194,
            "year": 2019,
            "quarter": 4,
            "eps": -1.5,
            "eps_growth_year": -775.45,
            "eps_4q": -3.84,
            "eps_4q_growth_year": null,
            "roe": -35.85,
            "roe_4q": -66.12,
            "gross_profit": 3447,
            "gross_margin": 15.56,
            "gross_margin_4q_avg": 51.29,
            "net_income": -27931,
            "net_income_4q": null,
            "revenue": 22156,
            "revenue_4q": null,
            "common_shares": 147840,
            "book_valuer_per_share": 4.51,
            "book_valuer_per_share_4q_avg": 6.92,
            "equity": 63485,
            "current_ratio": 208.06,
            "debt_ratio": 54.38,
            "inventory_turnover_ratio": 1.38,
            "account_receivable_turnover_ratio": 0.64,
            "reinvestment_rate": null,
            "research_to_sale_ratio": 11.48,
            "price_fair": 3.48,
            "eps_avg_yearly": 1.16,
            "eps_latest_yearly": 2.08,
            "eps_growth_yearly": -66.67
        },
        "20201": {
            "year_quarter": 20201,
            "year": 2020,
            "quarter": 1,
            "eps": -1.25,
            "eps_growth_year": null,
            "eps_4q": -2.16,
            "eps_4q_growth_year": null,
            "roe": -9.49,
            "roe_4q": -77.14000000000001,
            "gross_profit": 8618,
            "gross_margin": 94.35,
            "gross_margin_4q_avg": 55.75,
            "net_income": -19560,
            "net_income_4q": null,
            "revenue": 9134,
            "revenue_4q": null,
            "common_shares": 147840,
            "book_valuer_per_share": 23.56,
            "book_valuer_per_share_4q_avg": 10.68,
            "equity": 348734,
            "current_ratio": 1912.3,
            "debt_ratio": 5.2,
            "inventory_turnover_ratio": 0.16,
            "account_receivable_turnover_ratio": 0.51,
            "reinvestment_rate": null,
            "research_to_sale_ratio": null,
            "price_fair": 3.48,
            "eps_avg_yearly": 1.16,
            "eps_latest_yearly": 2.08,
            "eps_growth_yearly": -66.67
        },
        "20202": {
            "year_quarter": 20202,
            "year": 2020,
            "quarter": 2,
            "eps": 0.85,
            "eps_growth_year": 1114.29,
            "eps_4q": -1.33,
            "eps_4q_growth_year": null,
            "roe": 8.21,
            "roe_4q": -70.65,
            "gross_profit": 32336,
            "gross_margin": 95.4,
            "gross_margin_4q_avg": 62.3,
            "net_income": 29867,
            "net_income_4q": null,
            "revenue": 33896,
            "revenue_4q": null,
            "common_shares": 349840,
            "book_valuer_per_share": 10.82,
            "book_valuer_per_share_4q_avg": 11.25,
            "equity": 378601,
            "current_ratio": 10691.49,
            "debt_ratio": 0.93,
            "inventory_turnover_ratio": null,
            "account_receivable_turnover_ratio": 2.85,
            "reinvestment_rate": null,
            "research_to_sale_ratio": null,
            "price_fair": 72.8,
            "eps_avg_yearly": 2.08,
            "eps_latest_yearly": 2.08,
            "eps_growth_yearly": 95.24
        },
        "20203": {
            "year_quarter": 20203,
            "year": 2020,
            "quarter": 3,
            "eps": 0.48,
            "eps_growth_year": null,
            "eps_4q": 0.17,
            "eps_4q_growth_year": null,
            "roe": 4.36,
            "roe_4q": -32.77,
            "gross_profit": 23205,
            "gross_margin": 85.6,
            "gross_margin_4q_avg": 72.73,
            "net_income": 16893,
            "net_income_4q": null,
            "revenue": 27108,
            "revenue_4q": null,
            "common_shares": 349840,
            "book_valuer_per_share": 11.3,
            "book_valuer_per_share_4q_avg": 12.55,
            "equity": 395494,
            "current_ratio": 11072.02,
            "debt_ratio": 0.9,
            "inventory_turnover_ratio": null,
            "account_receivable_turnover_ratio": 2.83,
            "reinvestment_rate": null,
            "research_to_sale_ratio": null,
            "price_fair": 6,
            "eps_avg_yearly": 2,
            "eps_latest_yearly": 1.92,
            "eps_growth_yearly": -39.44
        },
        "20204": {
            "year_quarter": 20204,
            "year": 2020,
            "quarter": 4,
            "eps": -0.04,
            "eps_growth_year": null,
            "eps_4q": 0.36,
            "eps_4q_growth_year": null,
            "roe": -0.46,
            "roe_4q": 2.620000000000001,
            "gross_profit": 9872,
            "gross_margin": 49.88,
            "gross_margin_4q_avg": 81.31,
            "net_income": -2880,
            "net_income_4q": null,
            "revenue": 19791,
            "revenue_4q": null,
            "common_shares": 702840,
            "book_valuer_per_share": 12.25,
            "book_valuer_per_share_4q_avg": 14.48,
            "equity": 860692,
            "current_ratio": 9053.46,
            "debt_ratio": 1.23,
            "inventory_turnover_ratio": null,
            "account_receivable_turnover_ratio": 3.44,
            "reinvestment_rate": null,
            "research_to_sale_ratio": null,
            "price_fair": 6,
            "eps_avg_yearly": 2,
            "eps_latest_yearly": 1.92,
            "eps_growth_yearly": -39.44
        },
        "20211": {
            "year_quarter": 20211,
            "year": 2021,
            "quarter": 1,
            "eps": 0.01,
            "eps_growth_year": null,
            "eps_4q": 0.64,
            "eps_4q_growth_year": null,
            "roe": 0.09,
            "roe_4q": 12.200000000000001,
            "gross_profit": 7061,
            "gross_margin": 52.06,
            "gross_margin_4q_avg": 70.74,
            "net_income": 762,
            "net_income_4q": null,
            "revenue": 13563,
            "revenue_4q": null,
            "common_shares": 702840,
            "book_valuer_per_share": 12.26,
            "book_valuer_per_share_4q_avg": 11.66,
            "equity": 861447,
            "current_ratio": 14176.95,
            "debt_ratio": 0.79,
            "inventory_turnover_ratio": null,
            "account_receivable_turnover_ratio": 2.72,
            "reinvestment_rate": null,
            "research_to_sale_ratio": null,
            "price_fair": 6,
            "eps_avg_yearly": 2,
            "eps_latest_yearly": 1.92,
            "eps_growth_yearly": -39.44
        },
        "20212": {
            "year_quarter": 20212,
            "year": 2021,
            "quarter": 2,
            "eps": 1.96,
            "eps_growth_year": 130.59,
            "eps_4q": 2.17,
            "eps_4q_growth_year": null,
            "roe": 12.18,
            "roe_4q": 16.169999999999998,
            "gross_profit": 404535,
            "gross_margin": 60.83,
            "gross_margin_4q_avg": 62.09,
            "net_income": 125594,
            "net_income_4q": null,
            "revenue": 664999,
            "revenue_4q": null,
            "common_shares": 702840,
            "book_valuer_per_share": 14.1,
            "book_valuer_per_share_4q_avg": 12.48,
            "equity": 1200562,
            "current_ratio": 131.76,
            "debt_ratio": 59.77,
            "inventory_turnover_ratio": 0.46,
            "account_receivable_turnover_ratio": 1.84,
            "reinvestment_rate": 204.1,
            "research_to_sale_ratio": 20.69,
            "price_fair": 138.13,
            "eps_avg_yearly": 3.95,
            "eps_latest_yearly": 7.84,
            "eps_growth_yearly": 25973.71
        },
        "20213": {
            "year_quarter": 20213,
            "year": 2021,
            "quarter": 3,
            "eps": 4.03,
            "eps_growth_year": 739.58,
            "eps_4q": 5.96,
            "eps_4q_growth_year": 3479.62,
            "roe": 21.29,
            "roe_4q": 33.1,
            "gross_profit": 580467,
            "gross_margin": 55.99,
            "gross_margin_4q_avg": 54.69,
            "net_income": 285848,
            "net_income_4q": null,
            "revenue": 1036802,
            "revenue_4q": null,
            "common_shares": 702840,
            "book_valuer_per_share": 18.11,
            "book_valuer_per_share_4q_avg": 14.18,
            "equity": 1484289,
            "current_ratio": 171.69,
            "debt_ratio": 44.62,
            "inventory_turnover_ratio": 1,
            "account_receivable_turnover_ratio": 1.21,
            "reinvestment_rate": 45.84,
            "research_to_sale_ratio": 12.46,
            "price_fair": 301.93,
            "eps_avg_yearly": 8.63,
            "eps_latest_yearly": 16.12,
            "eps_growth_yearly": 26082.78
        },
        "20214": {
            "year_quarter": 20214,
            "year": 2021,
            "quarter": 4,
            "eps": 0.33,
            "eps_growth_year": null,
            "eps_4q": 6.33,
            "eps_4q_growth_year": 1669.11,
            "roe": 0.18,
            "roe_4q": 33.74,
            "gross_profit": 151990,
            "gross_margin": 45.2,
            "gross_margin_4q_avg": 53.52,
            "net_income": 2705,
            "net_income_4q": null,
            "revenue": 336264,
            "revenue_4q": null,
            "common_shares": 702840,
            "book_valuer_per_share": 18.46,
            "book_valuer_per_share_4q_avg": 15.73,
            "equity": 1482370,
            "current_ratio": 207.38,
            "debt_ratio": 35.51,
            "inventory_turnover_ratio": 0.58,
            "account_receivable_turnover_ratio": 0.45,
            "reinvestment_rate": 39.32,
            "research_to_sale_ratio": 22.17,
            "price_fair": 238,
            "eps_avg_yearly": 6.8,
            "eps_latest_yearly": 1.32,
            "eps_growth_yearly": 19470.27
        },
        "20221": {
            "year_quarter": 20221,
            "year": 2022,
            "quarter": 1,
            "eps": 0.41,
            "eps_growth_year": 4000,
            "eps_4q": 6.73,
            "eps_4q_growth_year": 959.17,
            "roe": 0.13,
            "roe_4q": 33.78,
            "gross_profit": 153878,
            "gross_margin": 51.37,
            "gross_margin_4q_avg": 53.35,
            "net_income": 2001,
            "net_income_4q": null,
            "revenue": 299534,
            "revenue_4q": null,
            "common_shares": 702840,
            "book_valuer_per_share": 19.11,
            "book_valuer_per_share_4q_avg": 17.45,
            "equity": 1507894,
            "current_ratio": 214.8,
            "debt_ratio": 34.54,
            "inventory_turnover_ratio": 0.51,
            "account_receivable_turnover_ratio": 0.67,
            "reinvestment_rate": 36.16,
            "research_to_sale_ratio": 35.67,
            "price_fair": 201.88,
            "eps_avg_yearly": 5.77,
            "eps_latest_yearly": 1.64,
            "eps_growth_yearly": 15595.61
        },
        "20222": {
            "year_quarter": 20222,
            "year": 2022,
            "quarter": 2,
            "eps": 0.51,
            "eps_growth_year": -73.98,
            "eps_4q": 5.28,
            "eps_4q_growth_year": 142.72,
            "roe": 4.92,
            "roe_4q": 26.52,
            "gross_profit": 208840,
            "gross_margin": 57.44,
            "gross_margin_4q_avg": 52.5,
            "net_income": 71761,
            "net_income_4q": null,
            "revenue": 363573,
            "revenue_4q": null,
            "common_shares": 702840,
            "book_valuer_per_share": 17.24,
            "book_valuer_per_share_4q_avg": 18.23,
            "equity": 1409212,
            "current_ratio": 198.63,
            "debt_ratio": 37.88,
            "inventory_turnover_ratio": 0.44,
            "account_receivable_turnover_ratio": 0.94,
            "reinvestment_rate": 31.84,
            "research_to_sale_ratio": 29.49,
            "price_fair": 180.13,
            "eps_avg_yearly": 5.15,
            "eps_latest_yearly": 2.04,
            "eps_growth_yearly": 13012.6
        },
        "20223": {
            "year_quarter": 20223,
            "year": 2022,
            "quarter": 3,
            "eps": 1.01,
            "eps_growth_year": -74.94,
            "eps_4q": 2.26,
            "eps_4q_growth_year": -62.14,
            "roe": 6.71,
            "roe_4q": 11.94,
            "gross_profit": 255775,
            "gross_margin": 51.24,
            "gross_margin_4q_avg": 51.31,
            "net_income": 99046,
            "net_income_4q": null,
            "revenue": 499135,
            "revenue_4q": null,
            "common_shares": 703512,
            "book_valuer_per_share": 18.69,
            "book_valuer_per_share_4q_avg": 18.38,
            "equity": 1542614,
            "current_ratio": 275.9,
            "debt_ratio": 28.01,
            "inventory_turnover_ratio": 0.66,
            "account_receivable_turnover_ratio": 1.2,
            "reinvestment_rate": 36.85,
            "research_to_sale_ratio": 22.43,
            "price_fair": 174.6,
            "eps_avg_yearly": 4.99,
            "eps_latest_yearly": 4.04,
            "eps_growth_yearly": 11209.68
        },
        "20224": {
            "year_quarter": 20224,
            "year": 2022,
            "quarter": 4,
            "eps": 0.24,
            "eps_growth_year": -26.16,
            "eps_4q": 2.17,
            "eps_4q_growth_year": -65.7,
            "roe": 1.56,
            "roe_4q": 13.32,
            "gross_profit": 172981,
            "gross_margin": 53.72,
            "gross_margin_4q_avg": 53.44,
            "net_income": 24130,
            "net_income_4q": null,
            "revenue": 322029,
            "revenue_4q": null,
            "common_shares": 703512,
            "book_valuer_per_share": 18.68,
            "book_valuer_per_share_4q_avg": 18.43,
            "equity": 1545198,
            "current_ratio": 308.07,
            "debt_ratio": 25.09,
            "inventory_turnover_ratio": 0.51,
            "account_receivable_turnover_ratio": 0.82,
            "reinvestment_rate": 35.73,
            "research_to_sale_ratio": 24.55,
            "price_fair": 156.98,
            "eps_avg_yearly": 4.49,
            "eps_latest_yearly": 0.96,
            "eps_growth_yearly": 9770.35
        },
        "20231": {
            "year_quarter": 20231,
            "year": 2023,
            "quarter": 1,
            "eps": -0.56,
            "eps_growth_year": -236.59,
            "eps_4q": 1.21,
            "eps_4q_growth_year": -82.07,
            "roe": -3.96,
            "roe_4q": 9.23,
            "gross_profit": 77935,
            "gross_margin": 49.73,
            "gross_margin_4q_avg": 53.03,
            "net_income": -60021,
            "net_income_4q": null,
            "revenue": 156719,
            "revenue_4q": null,
            "common_shares": 703512,
            "book_valuer_per_share": 18.09,
            "book_valuer_per_share_4q_avg": 18.18,
            "equity": 1484331,
            "current_ratio": 251.42,
            "debt_ratio": 23.6,
            "inventory_turnover_ratio": 0.32,
            "account_receivable_turnover_ratio": 0.62,
            "reinvestment_rate": 86.14,
            "research_to_sale_ratio": 52.13,
            "price_fair": 156.98,
            "eps_avg_yearly": 4.49,
            "eps_latest_yearly": 0.96,
            "eps_growth_yearly": 9770.35
        },
        "20232": {
            "year_quarter": 20232,
            "year": 2023,
            "quarter": 2,
            "eps": 0.47,
            "eps_growth_year": -7.84,
            "eps_4q": 1.17,
            "eps_4q_growth_year": -77.9,
            "roe": 3.95,
            "roe_4q": 8.26,
            "gross_profit": 201406,
            "gross_margin": 54.8,
            "gross_margin_4q_avg": 52.37,
            "net_income": 58221,
            "net_income_4q": null,
            "revenue": 367523,
            "revenue_4q": null,
            "common_shares": 703612,
            "book_valuer_per_share": 17.59,
            "book_valuer_per_share_4q_avg": 18.26,
            "equity": 1466825,
            "current_ratio": 241.82,
            "debt_ratio": 34.87,
            "inventory_turnover_ratio": 0.64,
            "account_receivable_turnover_ratio": 1.46,
            "reinvestment_rate": 84.3,
            "research_to_sale_ratio": 22.17,
            "price_fair": 156.98,
            "eps_avg_yearly": 4.49,
            "eps_latest_yearly": 0.96,
            "eps_growth_yearly": 9770.35
        },
        "20233": {
            "year_quarter": 20233,
            "year": 2023,
            "quarter": 3,
            "eps": 0.8,
            "eps_growth_year": -20.79,
            "eps_4q": 0.95,
            "eps_4q_growth_year": -57.7,
            "roe": 4.23,
            "roe_4q": 5.779999999999999,
            "gross_profit": 219153,
            "gross_margin": 51.06,
            "gross_margin_4q_avg": 52.33,
            "net_income": 64143,
            "net_income_4q": null,
            "revenue": 429229,
            "revenue_4q": null,
            "common_shares": 704285,
            "book_valuer_per_share": 18.74,
            "book_valuer_per_share_4q_avg": 18.28,
            "equity": 1568644,
            "current_ratio": 332.52,
            "debt_ratio": 28.04,
            "inventory_turnover_ratio": 0.91,
            "account_receivable_turnover_ratio": 1.54,
            "reinvestment_rate": 74.28,
            "research_to_sale_ratio": 17.22,
            "price_fair": 151.98,
            "eps_avg_yearly": 4.34,
            "eps_latest_yearly": 3.2,
            "eps_growth_yearly": 8715.96
        }
    },
    "months": {
        "2003-09": {
            "month": "2003-09",
            "price": "43.30",
            "revenue": 71856
        },
        "2003-10": {
            "month": "2003-10",
            "price": "43.79",
            "revenue": 57863
        },
        "2003-11": {
            "month": "2003-11",
            "price": "48.49",
            "revenue": 54570
        },
        "2003-12": {
            "month": "2003-12",
            "price": "53.90",
            "revenue": 61390
        },
        "2004-01": {
            "month": "2004-01",
            "price": "62.76",
            "revenue": 30311
        },
        "2004-02": {
            "month": "2004-02",
            "price": "78.50",
            "revenue": 31052
        },
        "2004-03": {
            "month": "2004-03",
            "price": "73.11",
            "revenue": 34283
        },
        "2004-04": {
            "month": "2004-04",
            "price": "66.73",
            "revenue": 43053
        },
        "2004-05": {
            "month": "2004-05",
            "price": "52.00",
            "revenue": 49528
        },
        "2004-06": {
            "month": "2004-06",
            "price": "48.21",
            "revenue": 50961
        },
        "2004-07": {
            "month": "2004-07",
            "price": "36.83",
            "revenue": 50922
        },
        "2004-08": {
            "month": "2004-08",
            "price": "30.24",
            "revenue": 42241
        },
        "2004-09": {
            "month": "2004-09",
            "price": "22.18",
            "revenue": 24314
        },
        "2004-10": {
            "month": "2004-10",
            "price": "17.05",
            "revenue": 18116
        },
        "2004-11": {
            "month": "2004-11",
            "price": "13.74",
            "revenue": 28597
        },
        "2004-12": {
            "month": "2004-12",
            "price": "12.73",
            "revenue": 23651
        },
        "2005-01": {
            "month": "2005-01",
            "price": "13.15",
            "revenue": 23719
        },
        "2005-02": {
            "month": "2005-02",
            "price": "15.07",
            "revenue": 11159
        },
        "2005-03": {
            "month": "2005-03",
            "price": "19.85",
            "revenue": 23289
        },
        "2005-04": {
            "month": "2005-04",
            "price": "16.02",
            "revenue": 25235
        },
        "2005-05": {
            "month": "2005-05",
            "price": "14.50",
            "revenue": 28873
        },
        "2005-06": {
            "month": "2005-06",
            "price": "17.47",
            "revenue": 21303
        },
        "2005-07": {
            "month": "2005-07",
            "price": "17.95",
            "revenue": 25001
        },
        "2005-08": {
            "month": "2005-08",
            "price": "13.88",
            "revenue": 38603
        },
        "2005-09": {
            "month": "2005-09",
            "price": "13.25",
            "revenue": 38529
        },
        "2005-10": {
            "month": "2005-10",
            "price": "12.41",
            "revenue": 32782
        },
        "2005-11": {
            "month": "2005-11",
            "price": "10.98",
            "revenue": 45088
        },
        "2005-12": {
            "month": "2005-12",
            "price": "14.28",
            "revenue": 32085
        },
        "2006-01": {
            "month": "2006-01",
            "price": "15.45",
            "revenue": 13707
        },
        "2006-02": {
            "month": "2006-02",
            "price": "13.45",
            "revenue": 14877
        },
        "2006-03": {
            "month": "2006-03",
            "price": "14.61",
            "revenue": 26898
        },
        "2006-04": {
            "month": "2006-04",
            "price": "17.05",
            "revenue": 29089
        },
        "2006-05": {
            "month": "2006-05",
            "price": "17.18",
            "revenue": 39373
        },
        "2006-06": {
            "month": "2006-06",
            "price": "17.67",
            "revenue": 38941
        },
        "2006-07": {
            "month": "2006-07",
            "price": "17.71",
            "revenue": 51295
        },
        "2006-08": {
            "month": "2006-08",
            "price": "19.29",
            "revenue": 55265
        },
        "2006-09": {
            "month": "2006-09",
            "price": "25.51",
            "revenue": 43657
        },
        "2006-10": {
            "month": "2006-10",
            "price": "21.64",
            "revenue": 41838
        },
        "2006-11": {
            "month": "2006-11",
            "price": "20.93",
            "revenue": 45124
        },
        "2006-12": {
            "month": "2006-12",
            "price": "23.71",
            "revenue": 31442
        },
        "2007-01": {
            "month": "2007-01",
            "price": "25.12",
            "revenue": 27022
        },
        "2007-02": {
            "month": "2007-02",
            "price": "23.50",
            "revenue": 22561
        },
        "2007-03": {
            "month": "2007-03",
            "price": "27.40",
            "revenue": 34780
        },
        "2007-04": {
            "month": "2007-04",
            "price": "31.33",
            "revenue": 33079
        },
        "2007-05": {
            "month": "2007-05",
            "price": "32.51",
            "revenue": 24480
        },
        "2007-06": {
            "month": "2007-06",
            "price": "37.89",
            "revenue": 38468
        },
        "2007-07": {
            "month": "2007-07",
            "price": "36.84",
            "revenue": 48466
        },
        "2007-08": {
            "month": "2007-08",
            "price": "32.33",
            "revenue": 60986
        },
        "2007-09": {
            "month": "2007-09",
            "price": "38.59",
            "revenue": 73995
        },
        "2007-10": {
            "month": "2007-10",
            "price": "50.99",
            "revenue": 51058
        },
        "2007-11": {
            "month": "2007-11",
            "price": "52.65",
            "revenue": 34257
        },
        "2007-12": {
            "month": "2007-12",
            "price": "42.91",
            "revenue": 30024
        },
        "2008-01": {
            "month": "2008-01",
            "price": "39.28",
            "revenue": 21056
        },
        "2008-02": {
            "month": "2008-02",
            "price": "33.14",
            "revenue": 20753
        },
        "2008-03": {
            "month": "2008-03",
            "price": "33.30",
            "revenue": 28019
        },
        "2008-04": {
            "month": "2008-04",
            "price": "33.46",
            "revenue": 25477
        },
        "2008-05": {
            "month": "2008-05",
            "price": "32.50",
            "revenue": 29777
        },
        "2008-06": {
            "month": "2008-06",
            "price": "27.25",
            "revenue": 29261
        },
        "2008-07": {
            "month": "2008-07",
            "price": "24.30",
            "revenue": 35253
        },
        "2008-08": {
            "month": "2008-08",
            "price": "23.74",
            "revenue": 44993
        },
        "2008-09": {
            "month": "2008-09",
            "price": "21.38",
            "revenue": 39001
        },
        "2008-10": {
            "month": "2008-10",
            "price": "17.60",
            "revenue": 19635
        },
        "2008-11": {
            "month": "2008-11",
            "price": "16.72",
            "revenue": 5279
        },
        "2008-12": {
            "month": "2008-12",
            "price": "15.57",
            "revenue": 5493
        },
        "2009-01": {
            "month": "2009-01",
            "price": "16.18",
            "revenue": 2373
        },
        "2009-02": {
            "month": "2009-02",
            "price": "16.25",
            "revenue": 8878
        },
        "2009-03": {
            "month": "2009-03",
            "price": "16.98",
            "revenue": 10621
        },
        "2009-04": {
            "month": "2009-04",
            "price": "18.36",
            "revenue": 14664
        },
        "2009-05": {
            "month": "2009-05",
            "price": "18.24",
            "revenue": 28060
        },
        "2009-06": {
            "month": "2009-06",
            "price": "15.90",
            "revenue": 33696
        },
        "2009-07": {
            "month": "2009-07",
            "price": "16.49",
            "revenue": 35738
        },
        "2009-08": {
            "month": "2009-08",
            "price": "18.15",
            "revenue": 24566
        },
        "2009-09": {
            "month": "2009-09",
            "price": "17.74",
            "revenue": 19307
        },
        "2009-10": {
            "month": "2009-10",
            "price": "18.66",
            "revenue": 6487
        },
        "2009-11": {
            "month": "2009-11",
            "price": "16.36",
            "revenue": 10682
        },
        "2009-12": {
            "month": "2009-12",
            "price": "17.52",
            "revenue": 12655
        },
        "2010-01": {
            "month": "2010-01",
            "price": "18.66",
            "revenue": 7635
        },
        "2010-02": {
            "month": "2010-02",
            "price": "15.21",
            "revenue": 11034
        },
        "2010-03": {
            "month": "2010-03",
            "price": "15.81",
            "revenue": 11254
        },
        "2010-04": {
            "month": "2010-04",
            "price": "16.38",
            "revenue": 14065
        },
        "2010-05": {
            "month": "2010-05",
            "price": "13.35",
            "revenue": 16479
        },
        "2010-06": {
            "month": "2010-06",
            "price": "12.95",
            "revenue": 20617
        },
        "2010-07": {
            "month": "2010-07",
            "price": "13.34",
            "revenue": 20280
        },
        "2010-08": {
            "month": "2010-08",
            "price": "12.99",
            "revenue": 16333
        },
        "2010-09": {
            "month": "2010-09",
            "price": "11.75",
            "revenue": 32243
        },
        "2010-10": {
            "month": "2010-10",
            "price": "11.11",
            "revenue": 11650
        },
        "2010-11": {
            "month": "2010-11",
            "price": "6.52",
            "revenue": 11447
        },
        "2010-12": {
            "month": "2010-12",
            "price": "5.81",
            "revenue": 12248
        },
        "2011-01": {
            "month": "2011-01",
            "price": "5.88",
            "revenue": 6401
        },
        "2011-02": {
            "month": "2011-02",
            "price": "6.52",
            "revenue": 6522
        },
        "2011-03": {
            "month": "2011-03",
            "price": "6.00",
            "revenue": 10789
        },
        "2011-04": {
            "month": "2011-04",
            "price": "6.33",
            "revenue": 11860
        },
        "2011-05": {
            "month": "2011-05",
            "price": "6.01",
            "revenue": 12246
        },
        "2011-06": {
            "month": "2011-06",
            "price": "5.18",
            "revenue": 14411
        },
        "2011-07": {
            "month": "2011-07",
            "price": "4.89",
            "revenue": 8790
        },
        "2011-08": {
            "month": "2011-08",
            "price": "4.62",
            "revenue": 12410
        },
        "2011-09": {
            "month": "2011-09",
            "price": "4.26",
            "revenue": 12495
        },
        "2011-10": {
            "month": "2011-10",
            "price": "4.07",
            "revenue": 11290
        },
        "2011-11": {
            "month": "2011-11",
            "price": "4.41",
            "revenue": 8649
        },
        "2011-12": {
            "month": "2011-12",
            "price": "5.54",
            "revenue": 9632
        },
        "2012-01": {
            "month": "2012-01",
            "price": "5.67",
            "revenue": 6465
        },
        "2012-02": {
            "month": "2012-02",
            "price": "6.03",
            "revenue": 12603
        },
        "2012-03": {
            "month": "2012-03",
            "price": "6.41",
            "revenue": 21057
        },
        "2012-04": {
            "month": "2012-04",
            "price": "6.62",
            "revenue": 16936
        },
        "2012-05": {
            "month": "2012-05",
            "price": "5.02",
            "revenue": 22324
        },
        "2012-06": {
            "month": "2012-06",
            "price": "4.49",
            "revenue": 14355
        },
        "2012-07": {
            "month": "2012-07",
            "price": "3.87",
            "revenue": 18295
        },
        "2012-08": {
            "month": "2012-08",
            "price": "4.19",
            "revenue": 14280
        },
        "2012-09": {
            "month": "2012-09",
            "price": "3.40",
            "revenue": 20712
        },
        "2012-10": {
            "month": "2012-10",
            "price": "3.64",
            "revenue": 15759
        },
        "2012-11": {
            "month": "2012-11",
            "price": "4.36",
            "revenue": 21856
        },
        "2012-12": {
            "month": "2012-12",
            "price": "6.24",
            "revenue": 16274
        },
        "2013-01": {
            "month": "2013-01",
            "price": "5.94",
            "revenue": 20741
        },
        "2013-02": {
            "month": "2013-02",
            "price": "6.75",
            "revenue": 7410
        },
        "2013-03": {
            "month": "2013-03",
            "price": "5.71",
            "revenue": 16475
        },
        "2013-04": {
            "month": "2013-04",
            "price": "5.52",
            "revenue": 22933
        },
        "2013-05": {
            "month": "2013-05",
            "price": "6.56",
            "revenue": 14041
        },
        "2013-06": {
            "month": "2013-06",
            "price": "6.70",
            "revenue": 15090
        },
        "2013-07": {
            "month": "2013-07",
            "price": "6.12",
            "revenue": 15043
        },
        "2013-08": {
            "month": "2013-08",
            "price": "5.19",
            "revenue": 14570
        },
        "2013-09": {
            "month": "2013-09",
            "price": "11.13",
            "revenue": 25027
        },
        "2013-10": {
            "month": "2013-10",
            "price": "14.73",
            "revenue": 27821
        },
        "2013-11": {
            "month": "2013-11",
            "price": "15.00",
            "revenue": 18687
        },
        "2013-12": {
            "month": "2013-12",
            "price": "14.20",
            "revenue": 26493
        },
        "2014-01": {
            "month": "2014-01",
            "price": "10.73",
            "revenue": 12424
        },
        "2014-02": {
            "month": "2014-02",
            "price": "10.14",
            "revenue": 11994
        },
        "2014-03": {
            "month": "2014-03",
            "price": "10.48",
            "revenue": 24077
        },
        "2014-04": {
            "month": "2014-04",
            "price": "12.85",
            "revenue": 32340
        },
        "2014-05": {
            "month": "2014-05",
            "price": "13.76",
            "revenue": 14721
        },
        "2014-06": {
            "month": "2014-06",
            "price": "14.00",
            "revenue": 14856
        },
        "2014-07": {
            "month": "2014-07",
            "price": "13.37",
            "revenue": 22577
        },
        "2014-08": {
            "month": "2014-08",
            "price": "12.95",
            "revenue": 19853
        },
        "2014-09": {
            "month": "2014-09",
            "price": "13.35",
            "revenue": 28370
        },
        "2014-10": {
            "month": "2014-10",
            "price": "13.03",
            "revenue": 34414
        },
        "2014-11": {
            "month": "2014-11",
            "price": "13.99",
            "revenue": 21670
        },
        "2014-12": {
            "month": "2014-12",
            "price": "18.48",
            "revenue": 19258
        },
        "2015-01": {
            "month": "2015-01",
            "price": "20.42",
            "revenue": 21007
        },
        "2015-02": {
            "month": "2015-02",
            "price": "19.27",
            "revenue": 5818
        },
        "2015-03": {
            "month": "2015-03",
            "price": "18.97",
            "revenue": 15244
        },
        "2015-04": {
            "month": "2015-04",
            "price": "18.76",
            "revenue": 15097
        },
        "2015-05": {
            "month": "2015-05",
            "price": "19.16",
            "revenue": 17073
        },
        "2015-06": {
            "month": "2015-06",
            "price": "18.47",
            "revenue": 14285
        },
        "2015-07": {
            "month": "2015-07",
            "price": "16.54",
            "revenue": 18405
        },
        "2015-08": {
            "month": "2015-08",
            "price": "12.74",
            "revenue": 18853
        },
        "2015-09": {
            "month": "2015-09",
            "price": "12.12",
            "revenue": 13776
        },
        "2015-10": {
            "month": "2015-10",
            "price": "11.92",
            "revenue": 10563
        },
        "2015-11": {
            "month": "2015-11",
            "price": "10.30",
            "revenue": 13561
        },
        "2015-12": {
            "month": "2015-12",
            "price": "10.17",
            "revenue": 7526
        },
        "2016-01": {
            "month": "2016-01",
            "price": "10.02",
            "revenue": 13939
        },
        "2016-02": {
            "month": "2016-02",
            "price": "9.60",
            "revenue": 8226
        },
        "2016-03": {
            "month": "2016-03",
            "price": "9.84",
            "revenue": 15300
        },
        "2016-04": {
            "month": "2016-04",
            "price": "10.16",
            "revenue": 12851
        },
        "2016-05": {
            "month": "2016-05",
            "price": "9.74",
            "revenue": 16183
        },
        "2016-06": {
            "month": "2016-06",
            "price": "9.64",
            "revenue": 10699
        },
        "2016-07": {
            "month": "2016-07",
            "price": "9.93",
            "revenue": 11334
        },
        "2016-08": {
            "month": "2016-08",
            "price": "10.29",
            "revenue": 13862
        },
        "2016-09": {
            "month": "2016-09",
            "price": "12.42",
            "revenue": 8650
        },
        "2016-10": {
            "month": "2016-10",
            "price": "20.56",
            "revenue": 12665
        },
        "2016-11": {
            "month": "2016-11",
            "price": "25.03",
            "revenue": 374
        },
        "2016-12": {
            "month": "2016-12",
            "price": "23.89",
            "revenue": 2481
        },
        "2017-01": {
            "month": "2017-01",
            "price": "21.74",
            "revenue": 2092
        },
        "2017-02": {
            "month": "2017-02",
            "price": "20.27",
            "revenue": 2190
        },
        "2017-03": {
            "month": "2017-03",
            "price": "19.69",
            "revenue": 2992
        },
        "2017-04": {
            "month": "2017-04",
            "price": "17.97",
            "revenue": 16828
        },
        "2017-05": {
            "month": "2017-05",
            "price": "17.12",
            "revenue": 22558
        },
        "2017-11": {
            "month": "2017-11",
            "price": "19.42",
            "revenue": 165760
        },
        "2017-12": {
            "month": "2017-12",
            "price": "30.28",
            "revenue": 200872
        },
        "2018-01": {
            "month": "2018-01",
            "price": "32.71",
            "revenue": 128083
        },
        "2018-02": {
            "month": "2018-02",
            "price": "33.32",
            "revenue": 10661
        },
        "2018-03": {
            "month": "2018-03",
            "price": "28.74",
            "revenue": 127615
        },
        "2018-04": {
            "month": "2018-04",
            "price": "27.08",
            "revenue": 41793
        },
        "2018-05": {
            "month": "2018-05",
            "price": "26.55",
            "revenue": 41264
        },
        "2018-06": {
            "month": "2018-06",
            "price": "25.14",
            "revenue": 44655
        },
        "2018-07": {
            "month": "2018-07",
            "price": "24.65",
            "revenue": 5556
        },
        "2018-08": {
            "month": "2018-08",
            "price": "23.44",
            "revenue": 6504
        },
        "2018-09": {
            "month": "2018-09",
            "price": "21.28",
            "revenue": 18963
        },
        "2018-10": {
            "month": "2018-10",
            "price": "18.78",
            "revenue": 9380
        },
        "2018-11": {
            "month": "2018-11",
            "price": "14.86",
            "revenue": 7054
        },
        "2018-12": {
            "month": "2018-12",
            "price": "10.67",
            "revenue": 6176
        },
        "2019-01": {
            "month": "2019-01",
            "price": "14.31",
            "revenue": 10694
        },
        "2019-02": {
            "month": "2019-02",
            "price": "14.16",
            "revenue": 10002
        },
        "2019-03": {
            "month": "2019-03",
            "price": "14.08",
            "revenue": 11335
        },
        "2019-04": {
            "month": "2019-04",
            "price": "22.93",
            "revenue": 11867
        },
        "2019-05": {
            "month": "2019-05",
            "price": "25.01",
            "revenue": 11897
        },
        "2019-06": {
            "month": "2019-06",
            "price": "25.24",
            "revenue": 10403
        },
        "2019-07": {
            "month": "2019-07",
            "price": "25.56",
            "revenue": 15932
        },
        "2019-08": {
            "month": "2019-08",
            "price": "22.89",
            "revenue": 6879
        },
        "2019-09": {
            "month": "2019-09",
            "price": "21.40",
            "revenue": 5007
        },
        "2019-10": {
            "month": "2019-10",
            "price": "20.00",
            "revenue": 8303
        },
        "2019-11": {
            "month": "2019-11",
            "price": "15.88",
            "revenue": 11814
        },
        "2019-12": {
            "month": "2019-12",
            "price": "16.01",
            "revenue": 2039
        },
        "2020-01": {
            "month": "2020-01",
            "price": "17.36",
            "revenue": 2285
        },
        "2020-02": {
            "month": "2020-02",
            "price": "17.40",
            "revenue": 8864
        },
        "2020-08": {
            "month": "2020-08",
            "price": "24.22",
            "revenue": 10142
        },
        "2020-09": {
            "month": "2020-09",
            "price": "37.73",
            "revenue": 6232
        },
        "2020-10": {
            "month": "2020-10",
            "price": "39.87",
            "revenue": 6756
        },
        "2020-11": {
            "month": "2020-11",
            "price": "38.70",
            "revenue": 7402
        },
        "2020-12": {
            "month": "2020-12",
            "price": "43.82",
            "revenue": 5633
        },
        "2021-01": {
            "month": "2021-01",
            "price": "48.00",
            "revenue": 5614
        },
        "2021-02": {
            "month": "2021-02",
            "price": "88.55",
            "revenue": 4261
        },
        "2021-03": {
            "month": "2021-03",
            "price": "117.52",
            "revenue": 3688
        },
        "2021-04": {
            "month": "2021-04",
            "price": "112.05",
            "revenue": 162096
        },
        "2021-05": {
            "month": "2021-05",
            "price": "110.43",
            "revenue": 156357
        },
        "2021-06": {
            "month": "2021-06",
            "price": "107.50",
            "revenue": 346746
        },
        "2021-07": {
            "month": "2021-07",
            "price": "140.86",
            "revenue": 490234
        },
        "2021-08": {
            "month": "2021-08",
            "price": "155.93",
            "revenue": 244256
        },
        "2021-09": {
            "month": "2021-09",
            "price": "121.18",
            "revenue": 302112
        },
        "2021-10": {
            "month": "2021-10",
            "price": "96.68",
            "revenue": 126711
        },
        "2021-11": {
            "month": "2021-11",
            "price": "96.16",
            "revenue": 131337
        },
        "2021-12": {
            "month": "2021-12",
            "price": "92.37",
            "revenue": 78216
        },
        "2022-01": {
            "month": "2022-01",
            "price": "86.81",
            "revenue": 119522
        },
        "2022-02": {
            "month": "2022-02",
            "price": "120.13",
            "revenue": 111477
        },
        "2022-03": {
            "month": "2022-03",
            "price": "113.85",
            "revenue": 68535
        },
        "2022-04": {
            "month": "2022-04",
            "price": "100.69",
            "revenue": 82325
        },
        "2022-05": {
            "month": "2022-05",
            "price": "91.60",
            "revenue": 102138
        },
        "2022-06": {
            "month": "2022-06",
            "price": "85.76",
            "revenue": 179111
        },
        "2022-07": {
            "month": "2022-07",
            "price": "78.09",
            "revenue": 240129
        },
        "2022-08": {
            "month": "2022-08",
            "price": "74.81",
            "revenue": 186884
        },
        "2022-09": {
            "month": "2022-09",
            "price": "65.61",
            "revenue": 72180
        },
        "2022-10": {
            "month": "2022-10",
            "price": "46.92",
            "revenue": 140632
        },
        "2022-11": {
            "month": "2022-11",
            "price": "44.95",
            "revenue": 77287
        },
        "2022-12": {
            "month": "2022-12",
            "price": "49.43",
            "revenue": 104052
        },
        "2023-01": {
            "month": "2023-01",
            "price": "55.48",
            "revenue": 62342
        },
        "2023-02": {
            "month": "2023-02",
            "price": "63.59",
            "revenue": 44533
        },
        "2023-03": {
            "month": "2023-03",
            "price": "57.51",
            "revenue": 49844
        },
        "2023-04": {
            "month": "2023-04",
            "price": "53.97",
            "revenue": 100772
        },
        "2023-05": {
            "month": "2023-05",
            "price": "51.95",
            "revenue": 78129
        },
        "2023-06": {
            "month": "2023-06",
            "price": "50.04",
            "revenue": 188622
        },
        "2023-07": {
            "month": "2023-07",
            "price": "56.30",
            "revenue": 161289
        },
        "2023-08": {
            "month": "2023-08",
            "price": "54.20",
            "revenue": 155292
        },
        "2023-09": {
            "month": "2023-09",
            "price": "49.58",
            "revenue": 112819
        },
        "2023-10": {
            "month": "2023-10",
            "price": "47.67",
            "revenue": 59825
        },
        "2023-11": {
            "month": "2023-11",
            "price": "47.08",
            "revenue": 67246
        },
        "2023-12": {
            "month": "2023-12",
            "price": "47.56",
            "revenue": 76666
        }
    }
}
