{
    "summary": {
        "stock_name": "台嘉碩",
        "stock_id": "3221",
        "category": "通信網路",
        "main_business": "有、無線電通信零組件及其系統設備之研發、設計、製造、銷售。<br>電腦硬體及週邊設備零組件之研發、設計、製造、銷售。<br>積體電路製造及封裝。",
        "website_url": "http://www.taisaw.com",
        "ceo": "陳瑞鴻",
        "pe_ratio": 13,
        "report_year_from": 2002,
        "report_year_to": 2023,
        "age": 21,
        "eps_negative_percentage": 20,
        "eps_growth_avg": {
            "last_all": -13.14,
            "last_2y": -39.12,
            "last_4y": -46.37,
            "last_8y": -27.85,
            "last_12y": -21.66,
            "last_16y": -21.84,
            "last_20y": null,
            "at_2006_last_3y": null,
            "at_2007_last_3y": null,
            "at_2008_last_3y": 16.83,
            "at_2009_last_3y": -22.24,
            "at_2010_last_3y": -11.81,
            "at_2011_last_3y": -25.73,
            "at_2012_last_3y": -18.76,
            "at_2013_last_3y": -0,
            "at_2014_last_3y": -30.53,
            "at_2015_last_3y": 8.96,
            "at_2016_last_3y": 4.63,
            "at_2017_last_3y": -13.97,
            "at_2018_last_3y": -23.7,
            "at_2019_last_3y": -43.45,
            "at_2020_last_3y": -56.58,
            "at_2021_last_3y": -50,
            "at_2022_last_3y": -69.56,
            "at_2023_last_3y": -69.56,
            "at_2006_last_all": 79.13,
            "at_2007_last_all": 37.99,
            "at_2008_last_all": 16.83,
            "at_2009_last_all": 2.21,
            "at_2010_last_all": 18.5,
            "at_2011_last_all": 1.58,
            "at_2012_last_all": 1.58,
            "at_2013_last_all": 1.58,
            "at_2014_last_all": 6.25,
            "at_2015_last_all": 3.22,
            "at_2016_last_all": 2.49,
            "at_2017_last_all": -4.08,
            "at_2018_last_all": -3.74,
            "at_2019_last_all": -11.14,
            "at_2020_last_all": -11.14,
            "at_2021_last_all": -11.14,
            "at_2022_last_all": -13.14,
            "at_2023_last_all": -13.14
        },
        "latest_eps": 2.33,
        "latest_price": 29.45,
        "latest_roe": 10.41,
        "latest_gross_margin": 23.4,
        "latest_equity": 2437533,
        "latest_revenue": 516236,
        "latest_gross_profit": 120811,
        "latest_net_income": -3569,
        "latest_debt_ratio": 31.06,
        "latest_current_ratio": 252.33,
        "latest_account_receivable_turnover_ratio": 1.01,
        "latest_inventory_turnover_ratio": 0.73,
        "latest_reinvestment_rate": -28.84,
        "latest_research_to_sale_ratio": 9.06
    },
    "eps_dividends": {
        "2001": {
            "cash": 0,
            "stock": 0,
            "eps": 0
        },
        "2002": {
            "cash": 0,
            "stock": 0,
            "eps": 0
        },
        "2003": {
            "cash": 0,
            "stock": 0,
            "eps": 0
        },
        "2004": {
            "cash": 0,
            "stock": 0,
            "eps": 1.4
        },
        "2005": {
            "cash": 0,
            "stock": 1,
            "eps": 3.21
        },
        "2006": {
            "cash": 1.7,
            "stock": 1,
            "eps": 5.08
        },
        "2007": {
            "cash": 3.15,
            "stock": 0.65,
            "eps": 2.83
        },
        "2008": {
            "cash": 1.66,
            "stock": 0.55,
            "eps": 1.51
        },
        "2009": {
            "cash": 0.61,
            "stock": 0.22,
            "eps": 0.66
        },
        "2010": {
            "cash": 0.65,
            "stock": 0,
            "eps": 1.32
        },
        "2011": {
            "cash": 0.8,
            "stock": 0.4,
            "eps": -0.58
        },
        "2012": {
            "cash": 0.2,
            "stock": 0,
            "eps": -0.07
        },
        "2013": {
            "cash": 0.25,
            "stock": 0,
            "eps": 1.13
        },
        "2014": {
            "cash": 0.95,
            "stock": 0,
            "eps": 1.57
        },
        "2015": {
            "cash": 1.3,
            "stock": 0,
            "eps": 1.24
        },
        "2016": {
            "cash": 1,
            "stock": 0,
            "eps": 1.19
        },
        "2017": {
            "cash": 1,
            "stock": 0,
            "eps": 0.36
        },
        "2018": {
            "cash": 0.5,
            "stock": 0,
            "eps": 0.36
        },
        "2019": {
            "cash": 0.42,
            "stock": 0,
            "eps": -0.33
        },
        "2020": {
            "cash": 0.2,
            "stock": 0,
            "eps": -0.67
        },
        "2021": {
            "cash": 0.2,
            "stock": 0,
            "eps": 5.24
        },
        "2022": {
            "cash": 2.1,
            "stock": 0,
            "eps": 3.19
        },
        "2023": {
            "cash": 2.5,
            "stock": 0,
            "eps": 0.01
        }
    },
    "dividends": {
        "2005-01-28": {
            "cash": 0,
            "stock": 1
        },
        "2006-03-02": {
            "cash": 1.7,
            "stock": 1
        },
        "2007-04-24": {
            "cash": 3.15,
            "stock": 0.65
        },
        "2008-04-24": {
            "cash": 1.66,
            "stock": 0.55
        },
        "2009-02-26": {
            "cash": 0.61,
            "stock": 0.22
        },
        "2010-02-25": {
            "cash": 0.65,
            "stock": 0
        },
        "2011-03-11": {
            "cash": 0.8,
            "stock": 0.4
        },
        "2012-02-29": {
            "cash": 0.2,
            "stock": 0
        },
        "2013-06-13": {
            "cash": 0.25,
            "stock": 0
        },
        "2014-09-18": {
            "cash": 0.95,
            "stock": 0
        },
        "2015-09-04": {
            "cash": 1.3,
            "stock": 0
        },
        "2016-09-08": {
            "cash": 1,
            "stock": 0
        },
        "2017-09-07": {
            "cash": 1,
            "stock": 0
        },
        "2018-09-07": {
            "cash": 0.5,
            "stock": 0
        },
        "2019-09-06": {
            "cash": 0.42,
            "stock": 0
        },
        "2020-09-07": {
            "cash": 0.2,
            "stock": 0
        },
        "2021-09-03": {
            "cash": 0.2,
            "stock": 0
        },
        "2022-07-28": {
            "cash": 2.1,
            "stock": 0
        },
        "2023-03-22": {
            "cash": 2.5,
            "stock": 0
        }
    },
    "prices": {
        "200101": "無",
        "200102": "無",
        "200103": "無",
        "200104": "無",
        "200105": "無",
        "200106": "無",
        "200107": "無",
        "200108": "無",
        "200109": "無",
        "200110": "無",
        "200111": "無",
        "200112": "無",
        "200201": "無",
        "200202": "無",
        "200203": "無",
        "200204": "無",
        "200205": "無",
        "200206": "無",
        "200207": "無",
        "200208": "無",
        "200209": "無",
        "200210": "無",
        "200211": "無",
        "200212": "無",
        "200301": "無",
        "200302": "無",
        "200303": "無",
        "200304": "無",
        "200305": "無",
        "200306": "無",
        "200307": "無",
        "200308": "無",
        "200309": "無",
        "200310": "無",
        "200311": "無",
        "200312": "無",
        "200401": "無",
        "200402": "無",
        "200403": "無",
        "200404": "無",
        "200405": "無",
        "200406": "無",
        "200407": "無",
        "200408": "無",
        "200409": "24.36",
        "200410": "21.07",
        "200411": "無",
        "200412": "無",
        "200501": "無",
        "200502": "22.20",
        "200503": "23.53",
        "200504": "無",
        "200505": "23.65",
        "200506": "25.08",
        "200507": "31.86",
        "200508": "34.29",
        "200509": "31.58",
        "200510": "32.21",
        "200511": "33.79",
        "200512": "41.68",
        "200601": "52.33",
        "200602": "47.00",
        "200603": "51.50",
        "200604": "62.01",
        "200605": "80.45",
        "200606": "72.18",
        "200607": "69.69",
        "200608": "70.14",
        "200609": "65.70",
        "200610": "62.38",
        "200611": "57.62",
        "200612": "61.00",
        "200701": "63.88",
        "200702": "58.73",
        "200703": "53.13",
        "200704": "51.45",
        "200705": "46.85",
        "200706": "49.47",
        "200707": "51.02",
        "200708": "45.38",
        "200709": "46.47",
        "200710": "48.62",
        "200711": "43.86",
        "200712": "38.00",
        "200801": "29.33",
        "200802": "27.98",
        "200803": "30.20",
        "200804": "35.29",
        "200805": "39.90",
        "200806": "34.11",
        "200807": "28.13",
        "200808": "27.25",
        "200809": "21.24",
        "200810": "17.15",
        "200811": "12.47",
        "200812": "10.98",
        "200901": "11.43",
        "200902": "11.46",
        "200903": "13.13",
        "200904": "15.11",
        "200905": "14.25",
        "200906": "13.16",
        "200907": "14.00",
        "200908": "14.26",
        "200909": "21.39",
        "200910": "26.95",
        "200911": "25.74",
        "200912": "28.59",
        "201001": "27.99",
        "201002": "26.23",
        "201003": "28.63",
        "201004": "32.21",
        "201005": "29.05",
        "201006": "27.40",
        "201007": "26.69",
        "201008": "25.80",
        "201009": "23.36",
        "201010": "22.71",
        "201011": "20.50",
        "201012": "20.78",
        "201101": "21.61",
        "201102": "20.58",
        "201103": "19.86",
        "201104": "19.76",
        "201105": "18.20",
        "201106": "17.16",
        "201107": "16.68",
        "201108": "13.32",
        "201109": "12.55",
        "201110": "12.34",
        "201111": "11.42",
        "201112": "9.86",
        "201201": "9.73",
        "201202": "11.76",
        "201203": "12.05",
        "201204": "10.63",
        "201205": "9.83",
        "201206": "9.33",
        "201207": "9.29",
        "201208": "9.14",
        "201209": "9.47",
        "201210": "9.17",
        "201211": "8.81",
        "201212": "9.16",
        "201301": "9.33",
        "201302": "9.14",
        "201303": "9.38",
        "201304": "10.56",
        "201305": "12.35",
        "201306": "11.58",
        "201307": "11.25",
        "201308": "11.42",
        "201309": "15.13",
        "201310": "15.45",
        "201311": "14.28",
        "201312": "15.09",
        "201401": "16.50",
        "201402": "17.99",
        "201403": "21.56",
        "201404": "23.65",
        "201405": "25.59",
        "201406": "28.98",
        "201407": "26.19",
        "201408": "22.71",
        "201409": "21.96",
        "201410": "21.08",
        "201411": "19.22",
        "201412": "21.45",
        "201501": "23.94",
        "201502": "24.23",
        "201503": "24.30",
        "201504": "22.26",
        "201505": "20.20",
        "201506": "18.85",
        "201507": "17.08",
        "201508": "12.70",
        "201509": "14.86",
        "201510": "16.24",
        "201511": "17.76",
        "201512": "17.75",
        "201601": "21.55",
        "201602": "25.72",
        "201603": "26.38",
        "201604": "24.94",
        "201605": "26.13",
        "201606": "28.56",
        "201607": "29.52",
        "201608": "27.52",
        "201609": "28.08",
        "201610": "28.05",
        "201611": "25.38",
        "201612": "24.19",
        "201701": "24.34",
        "201702": "24.48",
        "201703": "23.42",
        "201704": "22.08",
        "201705": "19.48",
        "201706": "20.08",
        "201707": "19.78",
        "201708": "18.41",
        "201709": "18.82",
        "201710": "18.48",
        "201711": "18.04",
        "201712": "18.01",
        "201801": "20.14",
        "201802": "18.47",
        "201803": "18.63",
        "201804": "19.15",
        "201805": "21.20",
        "201806": "25.53",
        "201807": "29.17",
        "201808": "24.35",
        "201809": "20.52",
        "201810": "16.68",
        "201811": "17.50",
        "201812": "19.27",
        "201901": "19.05",
        "201902": "19.68",
        "201903": "19.79",
        "201904": "21.18",
        "201905": "19.28",
        "201906": "18.81",
        "201907": "21.19",
        "201908": "21.79",
        "201909": "23.15",
        "201910": "22.39",
        "201911": "25.27",
        "201912": "26.67",
        "202001": "24.04",
        "202002": "22.40",
        "202003": "18.25",
        "202004": "19.15",
        "202005": "22.02",
        "202006": "21.80",
        "202007": "25.09",
        "202008": "26.00",
        "202009": "24.34",
        "202010": "22.27",
        "202011": "22.24",
        "202012": "22.42",
        "202101": "21.42",
        "202102": "22.10",
        "202103": "23.64",
        "202104": "25.53",
        "202105": "21.69",
        "202106": "23.79",
        "202107": "29.22",
        "202108": "32.54",
        "202109": "31.90",
        "202110": "29.08",
        "202111": "37.49",
        "202112": "41.62",
        "202201": "35.79",
        "202202": "33.32",
        "202203": "33.76",
        "202204": "34.09",
        "202205": "36.37",
        "202206": "38.66",
        "202207": "36.30",
        "202208": "36.25",
        "202209": "30.48",
        "202210": "24.54",
        "202211": "26.44",
        "202212": "26.43",
        "202301": "26.17",
        "202302": "28.22",
        "202303": "29.33",
        "202304": "29.28",
        "202305": "28.52",
        "202306": "29.48"
    },
    "quarters": {
        "20011": {
            "year_quarter": 20011,
            "year": 2001,
            "quarter": 1,
            "eps": null,
            "eps_growth_year": null,
            "eps_4q": null,
            "eps_4q_growth_year": null,
            "roe": null,
            "roe_4q": 0,
            "gross_profit": null,
            "gross_margin": null,
            "gross_margin_4q_avg": 0,
            "net_income": null,
            "revenue": null,
            "common_shares": null,
            "book_valuer_per_share": null,
            "book_valuer_per_share_4q_avg": 0,
            "equity": null,
            "current_ratio": null,
            "debt_ratio": null,
            "inventory_turnover_ratio": null,
            "account_receivable_turnover_ratio": null,
            "reinvestment_rate": null,
            "research_to_sale_ratio": null,
            "price_fair": 0,
            "eps_avg_yearly": 0,
            "eps_latest_yearly": 0,
            "eps_growth_yearly": 0
        },
        "20012": {
            "year_quarter": 20012,
            "year": 2001,
            "quarter": 2,
            "eps": null,
            "eps_growth_year": null,
            "eps_4q": null,
            "eps_4q_growth_year": null,
            "roe": null,
            "roe_4q": 0,
            "gross_profit": null,
            "gross_margin": null,
            "gross_margin_4q_avg": 0,
            "net_income": null,
            "revenue": null,
            "common_shares": null,
            "book_valuer_per_share": null,
            "book_valuer_per_share_4q_avg": 0,
            "equity": null,
            "current_ratio": null,
            "debt_ratio": null,
            "inventory_turnover_ratio": null,
            "account_receivable_turnover_ratio": null,
            "reinvestment_rate": null,
            "research_to_sale_ratio": null,
            "price_fair": 0,
            "eps_avg_yearly": 0,
            "eps_latest_yearly": 0,
            "eps_growth_yearly": 0
        },
        "20013": {
            "year_quarter": 20013,
            "year": 2001,
            "quarter": 3,
            "eps": null,
            "eps_growth_year": null,
            "eps_4q": null,
            "eps_4q_growth_year": null,
            "roe": null,
            "roe_4q": 0,
            "gross_profit": null,
            "gross_margin": null,
            "gross_margin_4q_avg": 0,
            "net_income": null,
            "revenue": null,
            "common_shares": null,
            "book_valuer_per_share": null,
            "book_valuer_per_share_4q_avg": 0,
            "equity": null,
            "current_ratio": null,
            "debt_ratio": null,
            "inventory_turnover_ratio": null,
            "account_receivable_turnover_ratio": null,
            "reinvestment_rate": null,
            "research_to_sale_ratio": null,
            "price_fair": 0,
            "eps_avg_yearly": 0,
            "eps_latest_yearly": 0,
            "eps_growth_yearly": 0
        },
        "20014": {
            "year_quarter": 20014,
            "year": 2001,
            "quarter": 4,
            "eps": null,
            "eps_growth_year": null,
            "eps_4q": null,
            "eps_4q_growth_year": null,
            "roe": null,
            "roe_4q": 0,
            "gross_profit": null,
            "gross_margin": null,
            "gross_margin_4q_avg": 0,
            "net_income": null,
            "revenue": null,
            "common_shares": 386000,
            "book_valuer_per_share": 17.1,
            "book_valuer_per_share_4q_avg": 4.28,
            "equity": 660088,
            "current_ratio": 426.98,
            "debt_ratio": 12.21,
            "inventory_turnover_ratio": null,
            "account_receivable_turnover_ratio": null,
            "reinvestment_rate": null,
            "research_to_sale_ratio": null,
            "price_fair": 0,
            "eps_avg_yearly": 0,
            "eps_latest_yearly": 0,
            "eps_growth_yearly": 0
        },
        "20021": {
            "year_quarter": 20021,
            "year": 2002,
            "quarter": 1,
            "eps": null,
            "eps_growth_year": null,
            "eps_4q": null,
            "eps_4q_growth_year": null,
            "roe": null,
            "roe_4q": 0,
            "gross_profit": null,
            "gross_margin": null,
            "gross_margin_4q_avg": 0,
            "net_income": null,
            "revenue": null,
            "common_shares": null,
            "book_valuer_per_share": null,
            "book_valuer_per_share_4q_avg": 4.28,
            "equity": null,
            "current_ratio": null,
            "debt_ratio": null,
            "inventory_turnover_ratio": null,
            "account_receivable_turnover_ratio": null,
            "reinvestment_rate": null,
            "research_to_sale_ratio": null,
            "price_fair": 0,
            "eps_avg_yearly": 0,
            "eps_latest_yearly": 0,
            "eps_growth_yearly": 0
        },
        "20022": {
            "year_quarter": 20022,
            "year": 2002,
            "quarter": 2,
            "eps": null,
            "eps_growth_year": null,
            "eps_4q": null,
            "eps_4q_growth_year": null,
            "roe": null,
            "roe_4q": 0,
            "gross_profit": null,
            "gross_margin": null,
            "gross_margin_4q_avg": 0,
            "net_income": null,
            "revenue": null,
            "common_shares": null,
            "book_valuer_per_share": null,
            "book_valuer_per_share_4q_avg": 4.28,
            "equity": null,
            "current_ratio": null,
            "debt_ratio": null,
            "inventory_turnover_ratio": null,
            "account_receivable_turnover_ratio": null,
            "reinvestment_rate": null,
            "research_to_sale_ratio": null,
            "price_fair": 0,
            "eps_avg_yearly": 0,
            "eps_latest_yearly": 0,
            "eps_growth_yearly": 0
        },
        "20023": {
            "year_quarter": 20023,
            "year": 2002,
            "quarter": 3,
            "eps": null,
            "eps_growth_year": null,
            "eps_4q": null,
            "eps_4q_growth_year": null,
            "roe": null,
            "roe_4q": 0,
            "gross_profit": null,
            "gross_margin": null,
            "gross_margin_4q_avg": 0,
            "net_income": null,
            "revenue": null,
            "common_shares": null,
            "book_valuer_per_share": null,
            "book_valuer_per_share_4q_avg": 4.28,
            "equity": null,
            "current_ratio": null,
            "debt_ratio": null,
            "inventory_turnover_ratio": null,
            "account_receivable_turnover_ratio": null,
            "reinvestment_rate": null,
            "research_to_sale_ratio": null,
            "price_fair": 0,
            "eps_avg_yearly": 0,
            "eps_latest_yearly": 0,
            "eps_growth_yearly": 0
        },
        "20024": {
            "year_quarter": 20024,
            "year": 2002,
            "quarter": 4,
            "eps": null,
            "eps_growth_year": null,
            "eps_4q": null,
            "eps_4q_growth_year": null,
            "roe": null,
            "roe_4q": 0,
            "gross_profit": null,
            "gross_margin": null,
            "gross_margin_4q_avg": 0,
            "net_income": null,
            "revenue": null,
            "common_shares": 409000,
            "book_valuer_per_share": 15.57,
            "book_valuer_per_share_4q_avg": 3.89,
            "equity": 636870,
            "current_ratio": 268.25,
            "debt_ratio": 16.78,
            "inventory_turnover_ratio": null,
            "account_receivable_turnover_ratio": null,
            "reinvestment_rate": null,
            "research_to_sale_ratio": null,
            "price_fair": 0,
            "eps_avg_yearly": 0,
            "eps_latest_yearly": 0,
            "eps_growth_yearly": 0
        },
        "20031": {
            "year_quarter": 20031,
            "year": 2003,
            "quarter": 1,
            "eps": null,
            "eps_growth_year": null,
            "eps_4q": null,
            "eps_4q_growth_year": null,
            "roe": null,
            "roe_4q": 0,
            "gross_profit": null,
            "gross_margin": null,
            "gross_margin_4q_avg": 0,
            "net_income": null,
            "revenue": null,
            "common_shares": null,
            "book_valuer_per_share": null,
            "book_valuer_per_share_4q_avg": 3.89,
            "equity": null,
            "current_ratio": null,
            "debt_ratio": null,
            "inventory_turnover_ratio": null,
            "account_receivable_turnover_ratio": null,
            "reinvestment_rate": null,
            "research_to_sale_ratio": null,
            "price_fair": 0,
            "eps_avg_yearly": 0,
            "eps_latest_yearly": 0,
            "eps_growth_yearly": 0
        },
        "20032": {
            "year_quarter": 20032,
            "year": 2003,
            "quarter": 2,
            "eps": null,
            "eps_growth_year": null,
            "eps_4q": null,
            "eps_4q_growth_year": null,
            "roe": null,
            "roe_4q": 0,
            "gross_profit": null,
            "gross_margin": null,
            "gross_margin_4q_avg": 0,
            "net_income": null,
            "revenue": null,
            "common_shares": null,
            "book_valuer_per_share": null,
            "book_valuer_per_share_4q_avg": 3.89,
            "equity": null,
            "current_ratio": null,
            "debt_ratio": null,
            "inventory_turnover_ratio": null,
            "account_receivable_turnover_ratio": null,
            "reinvestment_rate": null,
            "research_to_sale_ratio": null,
            "price_fair": 0,
            "eps_avg_yearly": 0,
            "eps_latest_yearly": 0,
            "eps_growth_yearly": 0
        },
        "20033": {
            "year_quarter": 20033,
            "year": 2003,
            "quarter": 3,
            "eps": null,
            "eps_growth_year": null,
            "eps_4q": null,
            "eps_4q_growth_year": null,
            "roe": null,
            "roe_4q": 0,
            "gross_profit": null,
            "gross_margin": null,
            "gross_margin_4q_avg": 0,
            "net_income": null,
            "revenue": null,
            "common_shares": null,
            "book_valuer_per_share": null,
            "book_valuer_per_share_4q_avg": 3.89,
            "equity": null,
            "current_ratio": null,
            "debt_ratio": null,
            "inventory_turnover_ratio": null,
            "account_receivable_turnover_ratio": null,
            "reinvestment_rate": null,
            "research_to_sale_ratio": null,
            "price_fair": 0,
            "eps_avg_yearly": 0,
            "eps_latest_yearly": 0,
            "eps_growth_yearly": 0
        },
        "20034": {
            "year_quarter": 20034,
            "year": 2003,
            "quarter": 4,
            "eps": null,
            "eps_growth_year": null,
            "eps_4q": null,
            "eps_4q_growth_year": null,
            "roe": null,
            "roe_4q": 0,
            "gross_profit": null,
            "gross_margin": null,
            "gross_margin_4q_avg": 0,
            "net_income": null,
            "revenue": null,
            "common_shares": 409000,
            "book_valuer_per_share": 15.98,
            "book_valuer_per_share_4q_avg": 4,
            "equity": 653781,
            "current_ratio": 259.65,
            "debt_ratio": 21.98,
            "inventory_turnover_ratio": null,
            "account_receivable_turnover_ratio": null,
            "reinvestment_rate": null,
            "research_to_sale_ratio": null,
            "price_fair": 0,
            "eps_avg_yearly": 0,
            "eps_latest_yearly": 0,
            "eps_growth_yearly": 0
        },
        "20041": {
            "year_quarter": 20041,
            "year": 2004,
            "quarter": 1,
            "eps": null,
            "eps_growth_year": null,
            "eps_4q": null,
            "eps_4q_growth_year": null,
            "roe": null,
            "roe_4q": 0,
            "gross_profit": null,
            "gross_margin": null,
            "gross_margin_4q_avg": 0,
            "net_income": null,
            "revenue": null,
            "common_shares": null,
            "book_valuer_per_share": null,
            "book_valuer_per_share_4q_avg": 4,
            "equity": null,
            "current_ratio": null,
            "debt_ratio": null,
            "inventory_turnover_ratio": null,
            "account_receivable_turnover_ratio": null,
            "reinvestment_rate": null,
            "research_to_sale_ratio": null,
            "price_fair": 0,
            "eps_avg_yearly": 0,
            "eps_latest_yearly": 0,
            "eps_growth_yearly": 0
        },
        "20042": {
            "year_quarter": 20042,
            "year": 2004,
            "quarter": 2,
            "eps": null,
            "eps_growth_year": null,
            "eps_4q": null,
            "eps_4q_growth_year": null,
            "roe": null,
            "roe_4q": 0,
            "gross_profit": null,
            "gross_margin": null,
            "gross_margin_4q_avg": 0,
            "net_income": null,
            "revenue": null,
            "common_shares": null,
            "book_valuer_per_share": null,
            "book_valuer_per_share_4q_avg": 4,
            "equity": null,
            "current_ratio": null,
            "debt_ratio": null,
            "inventory_turnover_ratio": null,
            "account_receivable_turnover_ratio": null,
            "reinvestment_rate": null,
            "research_to_sale_ratio": null,
            "price_fair": 0,
            "eps_avg_yearly": 0,
            "eps_latest_yearly": 0,
            "eps_growth_yearly": 0
        },
        "20043": {
            "year_quarter": 20043,
            "year": 2004,
            "quarter": 3,
            "eps": 0.91,
            "eps_growth_year": null,
            "eps_4q": null,
            "eps_4q_growth_year": null,
            "roe": 5.03,
            "roe_4q": 5.03,
            "gross_profit": 66380,
            "gross_margin": 32.31,
            "gross_margin_4q_avg": 8.08,
            "net_income": 37134,
            "revenue": 205473,
            "common_shares": 409000,
            "book_valuer_per_share": 18.05,
            "book_valuer_per_share_4q_avg": 8.51,
            "equity": 738264,
            "current_ratio": 227.92,
            "debt_ratio": 26.5,
            "inventory_turnover_ratio": 1.24,
            "account_receivable_turnover_ratio": null,
            "reinvestment_rate": null,
            "research_to_sale_ratio": null,
            "price_fair": 0,
            "eps_avg_yearly": 0,
            "eps_latest_yearly": 0,
            "eps_growth_yearly": 0
        },
        "20044": {
            "year_quarter": 20044,
            "year": 2004,
            "quarter": 4,
            "eps": 0.49,
            "eps_growth_year": null,
            "eps_4q": null,
            "eps_4q_growth_year": null,
            "roe": 2.7,
            "roe_4q": 7.73,
            "gross_profit": 66237,
            "gross_margin": 31.16,
            "gross_margin_4q_avg": 15.87,
            "net_income": 20214,
            "revenue": 212596,
            "common_shares": 409000,
            "book_valuer_per_share": 18.51,
            "book_valuer_per_share_4q_avg": 9.14,
            "equity": 757116,
            "current_ratio": 242.88,
            "debt_ratio": 24.82,
            "inventory_turnover_ratio": 1.38,
            "account_receivable_turnover_ratio": null,
            "reinvestment_rate": null,
            "research_to_sale_ratio": null,
            "price_fair": 5.88,
            "eps_avg_yearly": 1.96,
            "eps_latest_yearly": 1.96,
            "eps_growth_yearly": -184.62
        },
        "20051": {
            "year_quarter": 20051,
            "year": 2005,
            "quarter": 1,
            "eps": 0.45,
            "eps_growth_year": null,
            "eps_4q": null,
            "eps_4q_growth_year": null,
            "roe": 2.43,
            "roe_4q": 10.16,
            "gross_profit": 58014,
            "gross_margin": 30.62,
            "gross_margin_4q_avg": 23.52,
            "net_income": 18603,
            "revenue": 189471,
            "common_shares": 409000,
            "book_valuer_per_share": 18.96,
            "book_valuer_per_share_4q_avg": 13.88,
            "equity": 775570,
            "current_ratio": 325.4,
            "debt_ratio": 19.03,
            "inventory_turnover_ratio": 1.44,
            "account_receivable_turnover_ratio": null,
            "reinvestment_rate": null,
            "research_to_sale_ratio": null,
            "price_fair": 5.64,
            "eps_avg_yearly": 1.88,
            "eps_latest_yearly": 1.8,
            "eps_growth_yearly": -108.63
        },
        "20052": {
            "year_quarter": 20052,
            "year": 2005,
            "quarter": 2,
            "eps": 0.88,
            "eps_growth_year": null,
            "eps_4q": 2.54,
            "eps_4q_growth_year": null,
            "roe": 5.27,
            "roe_4q": 15.43,
            "gross_profit": 62223,
            "gross_margin": 30.4,
            "gross_margin_4q_avg": 31.12,
            "net_income": 40295,
            "revenue": 204667,
            "common_shares": 409000,
            "book_valuer_per_share": 18.41,
            "book_valuer_per_share_4q_avg": 18.48,
            "equity": 752881,
            "current_ratio": 294.78,
            "debt_ratio": 20.04,
            "inventory_turnover_ratio": 1.64,
            "account_receivable_turnover_ratio": null,
            "reinvestment_rate": null,
            "research_to_sale_ratio": null,
            "price_fair": 84.93,
            "eps_avg_yearly": 2.43,
            "eps_latest_yearly": 3.52,
            "eps_growth_yearly": 54.98
        },
        "20053": {
            "year_quarter": 20053,
            "year": 2005,
            "quarter": 3,
            "eps": 0.64,
            "eps_growth_year": -29.67,
            "eps_4q": 2.37,
            "eps_4q_growth_year": null,
            "roe": 3.8,
            "roe_4q": 14.2,
            "gross_profit": 65665,
            "gross_margin": 28.56,
            "gross_margin_4q_avg": 30.19,
            "net_income": 29228,
            "revenue": 229932,
            "common_shares": 458400,
            "book_valuer_per_share": 17.12,
            "book_valuer_per_share_4q_avg": 18.25,
            "equity": 784895,
            "current_ratio": 270.99,
            "debt_ratio": 22.22,
            "inventory_turnover_ratio": 1.88,
            "account_receivable_turnover_ratio": null,
            "reinvestment_rate": null,
            "research_to_sale_ratio": null,
            "price_fair": 58.96,
            "eps_avg_yearly": 2.46,
            "eps_latest_yearly": 2.56,
            "eps_growth_yearly": 13.97
        },
        "20054": {
            "year_quarter": 20054,
            "year": 2005,
            "quarter": 4,
            "eps": 1.24,
            "eps_growth_year": 153.06,
            "eps_4q": 3.17,
            "eps_4q_growth_year": null,
            "roe": 6.96,
            "roe_4q": 18.46,
            "gross_profit": 96700,
            "gross_margin": 33.19,
            "gross_margin_4q_avg": 30.69,
            "net_income": 56699,
            "revenue": 291380,
            "common_shares": 458400,
            "book_valuer_per_share": 18.36,
            "book_valuer_per_share_4q_avg": 18.21,
            "equity": 844216,
            "current_ratio": 253.65,
            "debt_ratio": 25.34,
            "inventory_turnover_ratio": 2.08,
            "account_receivable_turnover_ratio": null,
            "reinvestment_rate": null,
            "research_to_sale_ratio": null,
            "price_fair": 103.6,
            "eps_avg_yearly": 2.96,
            "eps_latest_yearly": 4.96,
            "eps_growth_yearly": 86.17
        },
        "20061": {
            "year_quarter": 20061,
            "year": 2006,
            "quarter": 1,
            "eps": 1.31,
            "eps_growth_year": 191.11,
            "eps_4q": 3.93,
            "eps_4q_growth_year": null,
            "roe": 6.44,
            "roe_4q": 22.47,
            "gross_profit": 95712,
            "gross_margin": 33.69,
            "gross_margin_4q_avg": 31.46,
            "net_income": 63188,
            "revenue": 284118,
            "common_shares": 515700,
            "book_valuer_per_share": 21.71,
            "book_valuer_per_share_4q_avg": 18.9,
            "equity": 1119597,
            "current_ratio": 340.08,
            "debt_ratio": 19.97,
            "inventory_turnover_ratio": 1.73,
            "account_receivable_turnover_ratio": null,
            "reinvestment_rate": null,
            "research_to_sale_ratio": null,
            "price_fair": 116.9,
            "eps_avg_yearly": 3.34,
            "eps_latest_yearly": 5.24,
            "eps_growth_yearly": 75.57
        },
        "20062": {
            "year_quarter": 20062,
            "year": 2006,
            "quarter": 2,
            "eps": 1.56,
            "eps_growth_year": 77.27,
            "eps_4q": 4.22,
            "eps_4q_growth_year": 66.1,
            "roe": 7.83,
            "roe_4q": 25.03,
            "gross_profit": 135385,
            "gross_margin": 35.94,
            "gross_margin_4q_avg": 32.85,
            "net_income": 87561,
            "revenue": 376686,
            "common_shares": 515700,
            "book_valuer_per_share": 21.63,
            "book_valuer_per_share_4q_avg": 19.71,
            "equity": 1115596,
            "current_ratio": 228.18,
            "debt_ratio": 28.54,
            "inventory_turnover_ratio": 1.88,
            "account_receivable_turnover_ratio": null,
            "reinvestment_rate": null,
            "research_to_sale_ratio": null,
            "price_fair": 131.4,
            "eps_avg_yearly": 3.75,
            "eps_latest_yearly": 6.24,
            "eps_growth_yearly": 75.68
        },
        "20063": {
            "year_quarter": 20063,
            "year": 2006,
            "quarter": 3,
            "eps": 1.36,
            "eps_growth_year": 112.5,
            "eps_4q": 5.03,
            "eps_4q_growth_year": 111.91,
            "roe": 6.66,
            "roe_4q": 27.89,
            "gross_profit": 136744,
            "gross_margin": 34.97,
            "gross_margin_4q_avg": 34.45,
            "net_income": 76936,
            "revenue": 391054,
            "common_shares": 578000,
            "book_valuer_per_share": 20.67,
            "book_valuer_per_share_4q_avg": 20.59,
            "equity": 1194993,
            "current_ratio": 228.08,
            "debt_ratio": 27.55,
            "inventory_turnover_ratio": 1.7,
            "account_receivable_turnover_ratio": null,
            "reinvestment_rate": null,
            "research_to_sale_ratio": null,
            "price_fair": 138.78,
            "eps_avg_yearly": 3.97,
            "eps_latest_yearly": 5.44,
            "eps_growth_yearly": 59.81
        },
        "20064": {
            "year_quarter": 20064,
            "year": 2006,
            "quarter": 4,
            "eps": 0.85,
            "eps_growth_year": -31.45,
            "eps_4q": 4.84,
            "eps_4q_growth_year": 52.96,
            "roe": 3.97,
            "roe_4q": 24.900000000000002,
            "gross_profit": 97365,
            "gross_margin": 30.16,
            "gross_margin_4q_avg": 33.69,
            "net_income": 48446,
            "revenue": 322775,
            "common_shares": 578000,
            "book_valuer_per_share": 21.51,
            "book_valuer_per_share_4q_avg": 21.38,
            "equity": 1245677,
            "current_ratio": 280.38,
            "debt_ratio": 22.65,
            "inventory_turnover_ratio": 1.46,
            "account_receivable_turnover_ratio": null,
            "reinvestment_rate": null,
            "research_to_sale_ratio": null,
            "price_fair": 136.58,
            "eps_avg_yearly": 3.9,
            "eps_latest_yearly": 3.4,
            "eps_growth_yearly": 36.5
        },
        "20071": {
            "year_quarter": 20071,
            "year": 2007,
            "quarter": 1,
            "eps": 0.31,
            "eps_growth_year": -76.34,
            "eps_4q": 3.95,
            "eps_4q_growth_year": 0.61,
            "roe": 1.45,
            "roe_4q": 19.91,
            "gross_profit": 47458,
            "gross_margin": 23.46,
            "gross_margin_4q_avg": 31.13,
            "net_income": 18131,
            "revenue": 202309,
            "common_shares": 578000,
            "book_valuer_per_share": 21.86,
            "book_valuer_per_share_4q_avg": 21.42,
            "equity": 1263308,
            "current_ratio": 302.47,
            "debt_ratio": 20.14,
            "inventory_turnover_ratio": 0.95,
            "account_receivable_turnover_ratio": null,
            "reinvestment_rate": null,
            "research_to_sale_ratio": null,
            "price_fair": 63.4,
            "eps_avg_yearly": 3.64,
            "eps_latest_yearly": 1.24,
            "eps_growth_yearly": 7.44
        },
        "20072": {
            "year_quarter": 20072,
            "year": 2007,
            "quarter": 2,
            "eps": 0.59,
            "eps_growth_year": -62.18,
            "eps_4q": 2.86,
            "eps_4q_growth_year": -32.11,
            "roe": 3.13,
            "roe_4q": 15.21,
            "gross_profit": 89220,
            "gross_margin": 31.63,
            "gross_margin_4q_avg": 30.06,
            "net_income": 37255,
            "revenue": 282102,
            "common_shares": 578000,
            "book_valuer_per_share": 19.32,
            "book_valuer_per_share_4q_avg": 20.84,
            "equity": 1116651,
            "current_ratio": 222.05,
            "debt_ratio": 27.31,
            "inventory_turnover_ratio": 1.16,
            "account_receivable_turnover_ratio": null,
            "reinvestment_rate": null,
            "research_to_sale_ratio": null,
            "price_fair": 123.2,
            "eps_avg_yearly": 3.52,
            "eps_latest_yearly": 2.36,
            "eps_growth_yearly": 39.61
        },
        "20073": {
            "year_quarter": 20073,
            "year": 2007,
            "quarter": 3,
            "eps": 0.87,
            "eps_growth_year": -36.03,
            "eps_4q": 2.51,
            "eps_4q_growth_year": -50.01,
            "roe": 4.8,
            "roe_4q": 13.35,
            "gross_profit": 120497,
            "gross_margin": 33.87,
            "gross_margin_4q_avg": 29.78,
            "net_income": 54983,
            "revenue": 355752,
            "common_shares": 635410,
            "book_valuer_per_share": 18.46,
            "book_valuer_per_share_4q_avg": 20.29,
            "equity": 1172725,
            "current_ratio": 302.62,
            "debt_ratio": 19.51,
            "inventory_turnover_ratio": 1.58,
            "account_receivable_turnover_ratio": null,
            "reinvestment_rate": null,
            "research_to_sale_ratio": null,
            "price_fair": 123.08,
            "eps_avg_yearly": 3.52,
            "eps_latest_yearly": 3.48,
            "eps_growth_yearly": 52.13
        },
        "20074": {
            "year_quarter": 20074,
            "year": 2007,
            "quarter": 4,
            "eps": 1.06,
            "eps_growth_year": 24.71,
            "eps_4q": 2.8,
            "eps_4q_growth_year": -42.31,
            "roe": 5.58,
            "roe_4q": 14.959999999999997,
            "gross_profit": 136218,
            "gross_margin": 31.59,
            "gross_margin_4q_avg": 30.14,
            "net_income": 67425,
            "revenue": 431212,
            "common_shares": 635640,
            "book_valuer_per_share": 19.55,
            "book_valuer_per_share_4q_avg": 19.8,
            "equity": 1242686,
            "current_ratio": 239.3,
            "debt_ratio": 25.59,
            "inventory_turnover_ratio": 2.06,
            "account_receivable_turnover_ratio": null,
            "reinvestment_rate": null,
            "research_to_sale_ratio": null,
            "price_fair": 125.03,
            "eps_avg_yearly": 3.57,
            "eps_latest_yearly": 4.24,
            "eps_growth_yearly": 54.84
        },
        "20081": {
            "year_quarter": 20081,
            "year": 2008,
            "quarter": 1,
            "eps": 0.59,
            "eps_growth_year": 90.32,
            "eps_4q": 3.12,
            "eps_4q_growth_year": -20.99,
            "roe": 2.96,
            "roe_4q": 16.47,
            "gross_profit": 100479,
            "gross_margin": 27.66,
            "gross_margin_4q_avg": 31.19,
            "net_income": 37208,
            "revenue": 363321,
            "common_shares": 635640,
            "book_valuer_per_share": 20.04,
            "book_valuer_per_share_4q_avg": 19.34,
            "equity": 1273784,
            "current_ratio": 201.16,
            "debt_ratio": 29.11,
            "inventory_turnover_ratio": 1.51,
            "account_receivable_turnover_ratio": null,
            "reinvestment_rate": null,
            "research_to_sale_ratio": null,
            "price_fair": 122,
            "eps_avg_yearly": 3.49,
            "eps_latest_yearly": 2.36,
            "eps_growth_yearly": 38.25
        },
        "20082": {
            "year_quarter": 20082,
            "year": 2008,
            "quarter": 2,
            "eps": 0.72,
            "eps_growth_year": 22.03,
            "eps_4q": 3.07,
            "eps_4q_growth_year": 7.19,
            "roe": 3.92,
            "roe_4q": 17.26,
            "gross_profit": 105474,
            "gross_margin": 24.99,
            "gross_margin_4q_avg": 29.53,
            "net_income": 48931,
            "revenue": 421997,
            "common_shares": 642010,
            "book_valuer_per_share": 19.04,
            "book_valuer_per_share_4q_avg": 19.27,
            "equity": 1222280,
            "current_ratio": 172.18,
            "debt_ratio": 33.64,
            "inventory_turnover_ratio": 1.47,
            "account_receivable_turnover_ratio": null,
            "reinvestment_rate": 100.64,
            "research_to_sale_ratio": null,
            "price_fair": 120.59,
            "eps_avg_yearly": 3.45,
            "eps_latest_yearly": 2.88,
            "eps_growth_yearly": 41.58
        },
        "20083": {
            "year_quarter": 20083,
            "year": 2008,
            "quarter": 3,
            "eps": 0.49,
            "eps_growth_year": -43.68,
            "eps_4q": 2.74,
            "eps_4q_growth_year": 9.23,
            "roe": 2.68,
            "roe_4q": 15.139999999999999,
            "gross_profit": 84667,
            "gross_margin": 19.64,
            "gross_margin_4q_avg": 25.97,
            "net_income": 33372,
            "revenue": 431176,
            "common_shares": 690060,
            "book_valuer_per_share": 18.32,
            "book_valuer_per_share_4q_avg": 19.24,
            "equity": 1264509,
            "current_ratio": 180.47,
            "debt_ratio": 30.46,
            "inventory_turnover_ratio": 1.46,
            "account_receivable_turnover_ratio": null,
            "reinvestment_rate": 52,
            "research_to_sale_ratio": null,
            "price_fair": 117.34,
            "eps_avg_yearly": 3.35,
            "eps_latest_yearly": 1.96,
            "eps_growth_yearly": 30.99
        },
        "20084": {
            "year_quarter": 20084,
            "year": 2008,
            "quarter": 4,
            "eps": -0.29,
            "eps_growth_year": -127.36,
            "eps_4q": 1.45,
            "eps_4q_growth_year": -48.12,
            "roe": -1.6,
            "roe_4q": 7.96,
            "gross_profit": 54084,
            "gross_margin": 18.72,
            "gross_margin_4q_avg": 22.75,
            "net_income": -20122,
            "revenue": 288901,
            "common_shares": 690190,
            "book_valuer_per_share": 18.08,
            "book_valuer_per_share_4q_avg": 18.87,
            "equity": 1248175,
            "current_ratio": 181.63,
            "debt_ratio": 29.78,
            "inventory_turnover_ratio": 0.86,
            "account_receivable_turnover_ratio": 1.84,
            "reinvestment_rate": 53.19,
            "research_to_sale_ratio": null,
            "price_fair": 120.59,
            "eps_avg_yearly": 3.45,
            "eps_latest_yearly": 1.96,
            "eps_growth_yearly": 45.36
        },
        "20091": {
            "year_quarter": 20091,
            "year": 2009,
            "quarter": 1,
            "eps": -0.3,
            "eps_growth_year": -150.85,
            "eps_4q": 0.61,
            "eps_4q_growth_year": -80.61,
            "roe": -1.64,
            "roe_4q": 3.36,
            "gross_profit": 1346,
            "gross_margin": 0.58,
            "gross_margin_4q_avg": 15.98,
            "net_income": -20406,
            "revenue": 232597,
            "common_shares": 690190,
            "book_valuer_per_share": 17.86,
            "book_valuer_per_share_4q_avg": 18.33,
            "equity": 1233013,
            "current_ratio": 217.92,
            "debt_ratio": 23.63,
            "inventory_turnover_ratio": 0.89,
            "account_receivable_turnover_ratio": 0.83,
            "reinvestment_rate": 53.54,
            "research_to_sale_ratio": null,
            "price_fair": 124.7,
            "eps_avg_yearly": 3.56,
            "eps_latest_yearly": 1.96,
            "eps_growth_yearly": 50.94
        },
        "20092": {
            "year_quarter": 20092,
            "year": 2009,
            "quarter": 2,
            "eps": 0.03,
            "eps_growth_year": -95.83,
            "eps_4q": -0.08,
            "eps_4q_growth_year": -102.74,
            "roe": 0.16,
            "roe_4q": -0.3999999999999999,
            "gross_profit": 44167,
            "gross_margin": 13.71,
            "gross_margin_4q_avg": 13.16,
            "net_income": 1884,
            "revenue": 322198,
            "common_shares": 690190,
            "book_valuer_per_share": 17.2,
            "book_valuer_per_share_4q_avg": 17.87,
            "equity": 1186982,
            "current_ratio": 210.04,
            "debt_ratio": 25.1,
            "inventory_turnover_ratio": 1.41,
            "account_receivable_turnover_ratio": 1.15,
            "reinvestment_rate": 52.94,
            "research_to_sale_ratio": null,
            "price_fair": 124.82,
            "eps_avg_yearly": 3.57,
            "eps_latest_yearly": 1.96,
            "eps_growth_yearly": 25.45
        },
        "20093": {
            "year_quarter": 20093,
            "year": 2009,
            "quarter": 3,
            "eps": 0.27,
            "eps_growth_year": -44.9,
            "eps_4q": -0.28,
            "eps_4q_growth_year": -110.13,
            "roe": 1.58,
            "roe_4q": -1.5,
            "gross_profit": 78075,
            "gross_margin": 20.82,
            "gross_margin_4q_avg": 13.46,
            "net_income": 18931,
            "revenue": 375055,
            "common_shares": 705000,
            "book_valuer_per_share": 17.08,
            "book_valuer_per_share_4q_avg": 17.56,
            "equity": 1206783,
            "current_ratio": 187.47,
            "debt_ratio": 29.4,
            "inventory_turnover_ratio": 1.69,
            "account_receivable_turnover_ratio": 1.17,
            "reinvestment_rate": 54.96,
            "research_to_sale_ratio": null,
            "price_fair": 120.83,
            "eps_avg_yearly": 3.45,
            "eps_latest_yearly": 1.08,
            "eps_growth_yearly": 280
        },
        "20094": {
            "year_quarter": 20094,
            "year": 2009,
            "quarter": 4,
            "eps": 0.66,
            "eps_growth_year": null,
            "eps_4q": 0.67,
            "eps_4q_growth_year": -54.06,
            "roe": 3.75,
            "roe_4q": 3.8500000000000005,
            "gross_profit": 101064,
            "gross_margin": 21.72,
            "gross_margin_4q_avg": 14.21,
            "net_income": 46306,
            "revenue": 465240,
            "common_shares": 707765,
            "book_valuer_per_share": 17.8,
            "book_valuer_per_share_4q_avg": 17.49,
            "equity": 1260930,
            "current_ratio": 178.06,
            "debt_ratio": 32.25,
            "inventory_turnover_ratio": 1.94,
            "account_receivable_turnover_ratio": 2.24,
            "reinvestment_rate": 95.85,
            "research_to_sale_ratio": null,
            "price_fair": 114.58,
            "eps_avg_yearly": 3.27,
            "eps_latest_yearly": 2.64,
            "eps_growth_yearly": 295.6
        },
        "20101": {
            "year_quarter": 20101,
            "year": 2010,
            "quarter": 1,
            "eps": 0.4,
            "eps_growth_year": null,
            "eps_4q": 1.35,
            "eps_4q_growth_year": 123.24,
            "roe": 2.19,
            "roe_4q": 7.68,
            "gross_profit": 81569,
            "gross_margin": 18.29,
            "gross_margin_4q_avg": 18.64,
            "net_income": 27887,
            "revenue": 445902,
            "common_shares": 710285,
            "book_valuer_per_share": 18.17,
            "book_valuer_per_share_4q_avg": 17.56,
            "equity": 1288322,
            "current_ratio": 170.29,
            "debt_ratio": 35.25,
            "inventory_turnover_ratio": 1.63,
            "account_receivable_turnover_ratio": 1.04,
            "reinvestment_rate": 112.28,
            "research_to_sale_ratio": 3.13,
            "price_fair": 104.78,
            "eps_avg_yearly": 2.99,
            "eps_latest_yearly": 1.6,
            "eps_growth_yearly": 281.74
        },
        "20102": {
            "year_quarter": 20102,
            "year": 2010,
            "quarter": 2,
            "eps": 0.51,
            "eps_growth_year": 1609.5,
            "eps_4q": 1.84,
            "eps_4q_growth_year": null,
            "roe": 2.84,
            "roe_4q": 10.36,
            "gross_profit": 108022,
            "gross_margin": 20.52,
            "gross_margin_4q_avg": 20.34,
            "net_income": 36522,
            "revenue": 526328,
            "common_shares": 711010,
            "book_valuer_per_share": 18.13,
            "book_valuer_per_share_4q_avg": 17.8,
            "equity": 1285776,
            "current_ratio": 163.8,
            "debt_ratio": 37.97,
            "inventory_turnover_ratio": 1.41,
            "account_receivable_turnover_ratio": 1.14,
            "reinvestment_rate": 120.25,
            "research_to_sale_ratio": 5.28,
            "price_fair": 93.48,
            "eps_avg_yearly": 2.67,
            "eps_latest_yearly": 2.04,
            "eps_growth_yearly": 284.33
        },
        "20103": {
            "year_quarter": 20103,
            "year": 2010,
            "quarter": 3,
            "eps": 0.26,
            "eps_growth_year": -3.75,
            "eps_4q": 1.62,
            "eps_4q_growth_year": null,
            "roe": 1.52,
            "roe_4q": 10.299999999999999,
            "gross_profit": 93554,
            "gross_margin": 18.69,
            "gross_margin_4q_avg": 19.81,
            "net_income": 21478,
            "revenue": 500520,
            "common_shares": 821010,
            "book_valuer_per_share": 18.8,
            "book_valuer_per_share_4q_avg": 18.23,
            "equity": 1540239,
            "current_ratio": 188.69,
            "debt_ratio": 34.27,
            "inventory_turnover_ratio": 1,
            "account_receivable_turnover_ratio": 1.04,
            "reinvestment_rate": 129.51,
            "research_to_sale_ratio": 4.24,
            "price_fair": 81.63,
            "eps_avg_yearly": 2.33,
            "eps_latest_yearly": 1.04,
            "eps_growth_yearly": 273.19
        },
        "20104": {
            "year_quarter": 20104,
            "year": 2010,
            "quarter": 4,
            "eps": 0.15,
            "eps_growth_year": -77.72,
            "eps_4q": 1.19,
            "eps_4q_growth_year": 79.19,
            "roe": 0.76,
            "roe_4q": 7.3100000000000005,
            "gross_profit": 68582,
            "gross_margin": 14.06,
            "gross_margin_4q_avg": 17.89,
            "net_income": 11623,
            "revenue": 487750,
            "common_shares": 821010,
            "book_valuer_per_share": 18.73,
            "book_valuer_per_share_4q_avg": 18.46,
            "equity": 1537223,
            "current_ratio": 195.13,
            "debt_ratio": 31.63,
            "inventory_turnover_ratio": 0.93,
            "account_receivable_turnover_ratio": 1.09,
            "reinvestment_rate": 142.64,
            "research_to_sale_ratio": 5.58,
            "price_fair": 74.09,
            "eps_avg_yearly": 2.12,
            "eps_latest_yearly": 0.6,
            "eps_growth_yearly": 271.71
        },
        "20111": {
            "year_quarter": 20111,
            "year": 2011,
            "quarter": 1,
            "eps": 0.07,
            "eps_growth_year": -82.5,
            "eps_4q": 0.92,
            "eps_4q_growth_year": -31.94,
            "roe": 0.34,
            "roe_4q": 5.46,
            "gross_profit": 45684,
            "gross_margin": 10.2,
            "gross_margin_4q_avg": 15.87,
            "net_income": 5306,
            "revenue": 448085,
            "common_shares": 818140,
            "book_valuer_per_share": 18.9,
            "book_valuer_per_share_4q_avg": 18.64,
            "equity": 1550737,
            "current_ratio": 197.69,
            "debt_ratio": 31.29,
            "inventory_turnover_ratio": 0.92,
            "account_receivable_turnover_ratio": 1.07,
            "reinvestment_rate": 157.91,
            "research_to_sale_ratio": 5.17,
            "price_fair": 71.51,
            "eps_avg_yearly": 2.04,
            "eps_latest_yearly": 0.28,
            "eps_growth_yearly": 274.85
        },
        "20112": {
            "year_quarter": 20112,
            "year": 2011,
            "quarter": 2,
            "eps": -0.19,
            "eps_growth_year": -137.17,
            "eps_4q": 0.27,
            "eps_4q_growth_year": -85.49,
            "roe": -1.1,
            "roe_4q": 1.52,
            "gross_profit": 42369,
            "gross_margin": 8.6,
            "gross_margin_4q_avg": 12.89,
            "net_income": -16635,
            "revenue": 492480,
            "common_shares": 818140,
            "book_valuer_per_share": 18.05,
            "book_valuer_per_share_4q_avg": 18.62,
            "equity": 1480703,
            "current_ratio": 184.52,
            "debt_ratio": 34.51,
            "inventory_turnover_ratio": 1.05,
            "account_receivable_turnover_ratio": 1.14,
            "reinvestment_rate": 186.83,
            "research_to_sale_ratio": 4.59,
            "price_fair": 70.58,
            "eps_avg_yearly": 2.02,
            "eps_latest_yearly": 0.28,
            "eps_growth_yearly": 267.65
        },
        "20113": {
            "year_quarter": 20113,
            "year": 2011,
            "quarter": 3,
            "eps": -0.26,
            "eps_growth_year": -199.13,
            "eps_4q": -0.24,
            "eps_4q_growth_year": -114.88,
            "roe": -1.55,
            "roe_4q": -1.5500000000000005,
            "gross_profit": 34903,
            "gross_margin": 6.95,
            "gross_margin_4q_avg": 9.95,
            "net_income": -22833,
            "revenue": 502469,
            "common_shares": 850866,
            "book_valuer_per_share": 17.15,
            "book_valuer_per_share_4q_avg": 18.21,
            "equity": 1462727,
            "current_ratio": 186.68,
            "debt_ratio": 37.15,
            "inventory_turnover_ratio": 1.12,
            "account_receivable_turnover_ratio": 1.08,
            "reinvestment_rate": 237.56,
            "research_to_sale_ratio": 3.43,
            "price_fair": 65.93,
            "eps_avg_yearly": 1.88,
            "eps_latest_yearly": 0.28,
            "eps_growth_yearly": 274.72
        },
        "20114": {
            "year_quarter": 20114,
            "year": 2011,
            "quarter": 4,
            "eps": -0.2,
            "eps_growth_year": -234.14,
            "eps_4q": -0.58,
            "eps_4q_growth_year": -149,
            "roe": -1.2,
            "roe_4q": -3.5100000000000002,
            "gross_profit": 27748,
            "gross_margin": 6.37,
            "gross_margin_4q_avg": 8.03,
            "net_income": -17447,
            "revenue": 435742,
            "common_shares": 850866,
            "book_valuer_per_share": 17.08,
            "book_valuer_per_share_4q_avg": 17.8,
            "equity": 1435529,
            "current_ratio": 194.01,
            "debt_ratio": 34.12,
            "inventory_turnover_ratio": 1.02,
            "account_receivable_turnover_ratio": 1.01,
            "reinvestment_rate": 290.35,
            "research_to_sale_ratio": 4.6,
            "price_fair": 57.68,
            "eps_avg_yearly": 1.65,
            "eps_latest_yearly": 0.28,
            "eps_growth_yearly": 293.46
        },
        "20121": {
            "year_quarter": 20121,
            "year": 2012,
            "quarter": 1,
            "eps": -0.24,
            "eps_growth_year": -442.86,
            "eps_4q": -0.9,
            "eps_4q_growth_year": -197.46,
            "roe": -1.51,
            "roe_4q": -5.359999999999999,
            "gross_profit": 1566,
            "gross_margin": 0.42,
            "gross_margin_4q_avg": 5.59,
            "net_income": -21528,
            "revenue": 369442,
            "common_shares": 850866,
            "book_valuer_per_share": 16.84,
            "book_valuer_per_share_4q_avg": 17.28,
            "equity": 1414262,
            "current_ratio": 231.52,
            "debt_ratio": 27.94,
            "inventory_turnover_ratio": 1.11,
            "account_receivable_turnover_ratio": 1,
            "reinvestment_rate": 316.51,
            "research_to_sale_ratio": 4.84,
            "price_fair": 54.91,
            "eps_avg_yearly": 1.57,
            "eps_latest_yearly": 0.28,
            "eps_growth_yearly": 345.77
        },
        "20122": {
            "year_quarter": 20122,
            "year": 2012,
            "quarter": 2,
            "eps": -0.35,
            "eps_growth_year": null,
            "eps_4q": -1.05,
            "eps_4q_growth_year": -494.25,
            "roe": -2.03,
            "roe_4q": -6.29,
            "gross_profit": 30412,
            "gross_margin": 7.04,
            "gross_margin_4q_avg": 5.2,
            "net_income": -28322,
            "revenue": 431811,
            "common_shares": 850866,
            "book_valuer_per_share": 16.33,
            "book_valuer_per_share_4q_avg": 16.85,
            "equity": 1371622,
            "current_ratio": 206.65,
            "debt_ratio": 29.53,
            "inventory_turnover_ratio": 1.47,
            "account_receivable_turnover_ratio": 1.18,
            "reinvestment_rate": 665.39,
            "research_to_sale_ratio": 4.35,
            "price_fair": 49.18,
            "eps_avg_yearly": 1.41,
            "eps_latest_yearly": 0.28,
            "eps_growth_yearly": 377.97
        },
        "20123": {
            "year_quarter": 20123,
            "year": 2012,
            "quarter": 3,
            "eps": 0.14,
            "eps_growth_year": null,
            "eps_4q": -0.64,
            "eps_4q_growth_year": null,
            "roe": 0.82,
            "roe_4q": -3.92,
            "gross_profit": 64759,
            "gross_margin": 14.07,
            "gross_margin_4q_avg": 6.98,
            "net_income": 11245,
            "revenue": 460118,
            "common_shares": 850866,
            "book_valuer_per_share": 16.23,
            "book_valuer_per_share_4q_avg": 16.62,
            "equity": 1382821,
            "current_ratio": 207.88,
            "debt_ratio": 32.58,
            "inventory_turnover_ratio": 1.53,
            "account_receivable_turnover_ratio": 1.16,
            "reinvestment_rate": 891.88,
            "research_to_sale_ratio": 3.94,
            "price_fair": 46.4,
            "eps_avg_yearly": 1.33,
            "eps_latest_yearly": 0.28,
            "eps_growth_yearly": 450.22
        },
        "20124": {
            "year_quarter": 20124,
            "year": 2012,
            "quarter": 4,
            "eps": 0.38,
            "eps_growth_year": null,
            "eps_4q": -0.07,
            "eps_4q_growth_year": null,
            "roe": 2.26,
            "roe_4q": -0.4600000000000002,
            "gross_profit": 67517,
            "gross_margin": 15.53,
            "gross_margin_4q_avg": 9.27,
            "net_income": 31570,
            "revenue": 434725,
            "common_shares": 850866,
            "book_valuer_per_share": 16.8,
            "book_valuer_per_share_4q_avg": 16.55,
            "equity": 1410480,
            "current_ratio": 220.28,
            "debt_ratio": 31.32,
            "inventory_turnover_ratio": 1.41,
            "account_receivable_turnover_ratio": 1.1,
            "reinvestment_rate": 380.76,
            "research_to_sale_ratio": 7.32,
            "price_fair": 47.25,
            "eps_avg_yearly": 1.35,
            "eps_latest_yearly": 1.52,
            "eps_growth_yearly": 479.66
        },
        "20131": {
            "year_quarter": 20131,
            "year": 2013,
            "quarter": 1,
            "eps": 0.14,
            "eps_growth_year": null,
            "eps_4q": 0.31,
            "eps_4q_growth_year": null,
            "roe": 0.8,
            "roe_4q": 1.8499999999999996,
            "gross_profit": 36222,
            "gross_margin": 10.87,
            "gross_margin_4q_avg": 11.88,
            "net_income": 11414,
            "revenue": 333150,
            "common_shares": 850866,
            "book_valuer_per_share": 17.03,
            "book_valuer_per_share_4q_avg": 16.6,
            "equity": 1429805,
            "current_ratio": 252.96,
            "debt_ratio": 27.06,
            "inventory_turnover_ratio": 1.17,
            "account_receivable_turnover_ratio": 0.96,
            "reinvestment_rate": 3.45,
            "research_to_sale_ratio": 4.91,
            "price_fair": 44.18,
            "eps_avg_yearly": 1.26,
            "eps_latest_yearly": 0.56,
            "eps_growth_yearly": 398.29
        },
        "20132": {
            "year_quarter": 20132,
            "year": 2013,
            "quarter": 2,
            "eps": 0.34,
            "eps_growth_year": null,
            "eps_4q": 1,
            "eps_4q_growth_year": null,
            "roe": 2.01,
            "roe_4q": 5.89,
            "gross_profit": 72545,
            "gross_margin": 17.28,
            "gross_margin_4q_avg": 14.44,
            "net_income": 28854,
            "revenue": 419830,
            "common_shares": 850866,
            "book_valuer_per_share": 17.2,
            "book_valuer_per_share_4q_avg": 16.82,
            "equity": 1444483,
            "current_ratio": 249.13,
            "debt_ratio": 27.94,
            "inventory_turnover_ratio": 1.46,
            "account_receivable_turnover_ratio": 1.22,
            "reinvestment_rate": 7.8,
            "research_to_sale_ratio": 4.55,
            "price_fair": 44.52,
            "eps_avg_yearly": 1.27,
            "eps_latest_yearly": 1.36,
            "eps_growth_yearly": 415.61
        },
        "20133": {
            "year_quarter": 20133,
            "year": 2013,
            "quarter": 3,
            "eps": 0.22,
            "eps_growth_year": 57.25,
            "eps_4q": 1.07,
            "eps_4q_growth_year": null,
            "roe": 1.28,
            "roe_4q": 6.35,
            "gross_profit": 78009,
            "gross_margin": 17.9,
            "gross_margin_4q_avg": 15.4,
            "net_income": 18536,
            "revenue": 435798,
            "common_shares": 862366,
            "book_valuer_per_share": 17.14,
            "book_valuer_per_share_4q_avg": 17.04,
            "equity": 1459041,
            "current_ratio": 237.11,
            "debt_ratio": 30.1,
            "inventory_turnover_ratio": 1.55,
            "account_receivable_turnover_ratio": 1.16,
            "reinvestment_rate": -19.69,
            "research_to_sale_ratio": 4.27,
            "price_fair": 43.82,
            "eps_avg_yearly": 1.25,
            "eps_latest_yearly": 0.88,
            "eps_growth_yearly": 81.49
        },
        "20134": {
            "year_quarter": 20134,
            "year": 2013,
            "quarter": 4,
            "eps": 0.43,
            "eps_growth_year": 11.97,
            "eps_4q": 1.12,
            "eps_4q_growth_year": null,
            "roe": 2.45,
            "roe_4q": 6.54,
            "gross_profit": 85485,
            "gross_margin": 19.43,
            "gross_margin_4q_avg": 16.37,
            "net_income": 36286,
            "revenue": 439883,
            "common_shares": 862366,
            "book_valuer_per_share": 17.72,
            "book_valuer_per_share_4q_avg": 17.27,
            "equity": 1507839,
            "current_ratio": 245.36,
            "debt_ratio": 28.08,
            "inventory_turnover_ratio": 1.45,
            "account_receivable_turnover_ratio": 1.17,
            "reinvestment_rate": -212.15,
            "research_to_sale_ratio": 5.03,
            "price_fair": 40.6,
            "eps_avg_yearly": 1.16,
            "eps_latest_yearly": 1.72,
            "eps_growth_yearly": 61.89
        },
        "20141": {
            "year_quarter": 20141,
            "year": 2014,
            "quarter": 1,
            "eps": 0.47,
            "eps_growth_year": 235.71,
            "eps_4q": 1.44,
            "eps_4q_growth_year": 365.78,
            "roe": 2.56,
            "roe_4q": 8.3,
            "gross_profit": 87524,
            "gross_margin": 20.91,
            "gross_margin_4q_avg": 18.88,
            "net_income": 39221,
            "revenue": 418478,
            "common_shares": 862366,
            "book_valuer_per_share": 18.26,
            "book_valuer_per_share_4q_avg": 17.58,
            "equity": 1553799,
            "current_ratio": 248.13,
            "debt_ratio": 27.07,
            "inventory_turnover_ratio": 1.21,
            "account_receivable_turnover_ratio": 1.17,
            "reinvestment_rate": -239.54,
            "research_to_sale_ratio": 5.19,
            "price_fair": 41.58,
            "eps_avg_yearly": 1.19,
            "eps_latest_yearly": 1.88,
            "eps_growth_yearly": 81.37
        },
        "20142": {
            "year_quarter": 20142,
            "year": 2014,
            "quarter": 2,
            "eps": 0.35,
            "eps_growth_year": 2.94,
            "eps_4q": 1.45,
            "eps_4q_growth_year": 44.58,
            "roe": 1.95,
            "roe_4q": 8.24,
            "gross_profit": 73831,
            "gross_margin": 17.09,
            "gross_margin_4q_avg": 18.83,
            "net_income": 29925,
            "revenue": 431901,
            "common_shares": 869431,
            "book_valuer_per_share": 17.58,
            "book_valuer_per_share_4q_avg": 17.68,
            "equity": 1508654,
            "current_ratio": 226.13,
            "debt_ratio": 28.47,
            "inventory_turnover_ratio": 1.26,
            "account_receivable_turnover_ratio": 1.24,
            "reinvestment_rate": -275.85,
            "research_to_sale_ratio": 5.37,
            "price_fair": 39.34,
            "eps_avg_yearly": 1.12,
            "eps_latest_yearly": 1.4,
            "eps_growth_yearly": 60.16
        },
        "20143": {
            "year_quarter": 20143,
            "year": 2014,
            "quarter": 3,
            "eps": 0.28,
            "eps_growth_year": 27.27,
            "eps_4q": 1.51,
            "eps_4q_growth_year": 41.32,
            "roe": 1.55,
            "roe_4q": 8.510000000000002,
            "gross_profit": 75144,
            "gross_margin": 16.9,
            "gross_margin_4q_avg": 18.58,
            "net_income": 23606,
            "revenue": 444655,
            "common_shares": 870171,
            "book_valuer_per_share": 17.94,
            "book_valuer_per_share_4q_avg": 17.88,
            "equity": 1540734,
            "current_ratio": 207.25,
            "debt_ratio": 30.31,
            "inventory_turnover_ratio": 1.23,
            "account_receivable_turnover_ratio": 1.2,
            "reinvestment_rate": -274.95,
            "research_to_sale_ratio": 5.11,
            "price_fair": 39.62,
            "eps_avg_yearly": 1.13,
            "eps_latest_yearly": 1.12,
            "eps_growth_yearly": 71.77
        },
        "20144": {
            "year_quarter": 20144,
            "year": 2014,
            "quarter": 4,
            "eps": 0.47,
            "eps_growth_year": 11.14,
            "eps_4q": 1.55,
            "eps_4q_growth_year": 39.18,
            "roe": 2.59,
            "roe_4q": 8.65,
            "gross_profit": 97493,
            "gross_margin": 21.49,
            "gross_margin_4q_avg": 19.1,
            "net_income": 40768,
            "revenue": 453752,
            "common_shares": 861029,
            "book_valuer_per_share": 18.64,
            "book_valuer_per_share_4q_avg": 18.11,
            "equity": 1606384,
            "current_ratio": 248.04,
            "debt_ratio": 29.56,
            "inventory_turnover_ratio": 1.05,
            "account_receivable_turnover_ratio": 1.18,
            "reinvestment_rate": -255.06,
            "research_to_sale_ratio": 5.86,
            "price_fair": 44.1,
            "eps_avg_yearly": 1.26,
            "eps_latest_yearly": 1.88,
            "eps_growth_yearly": 115.83
        },
        "20151": {
            "year_quarter": 20151,
            "year": 2015,
            "quarter": 1,
            "eps": 0.21,
            "eps_growth_year": -55.32,
            "eps_4q": 1.31,
            "eps_4q_growth_year": -9.58,
            "roe": 1.1,
            "roe_4q": 7.19,
            "gross_profit": 81627,
            "gross_margin": 20.98,
            "gross_margin_4q_avg": 19.12,
            "net_income": 17772,
            "revenue": 389100,
            "common_shares": 861649,
            "book_valuer_per_share": 18.82,
            "book_valuer_per_share_4q_avg": 18.25,
            "equity": 1622340,
            "current_ratio": 281.17,
            "debt_ratio": 25.74,
            "inventory_turnover_ratio": 0.91,
            "account_receivable_turnover_ratio": 1.07,
            "reinvestment_rate": -245.78,
            "research_to_sale_ratio": 5.84,
            "price_fair": 46.06,
            "eps_avg_yearly": 1.32,
            "eps_latest_yearly": 0.84,
            "eps_growth_yearly": 115.04
        },
        "20152": {
            "year_quarter": 20152,
            "year": 2015,
            "quarter": 2,
            "eps": 0,
            "eps_growth_year": -100,
            "eps_4q": 0.96,
            "eps_4q_growth_year": -33.53,
            "roe": 0.03,
            "roe_4q": 5.27,
            "gross_profit": 66194,
            "gross_margin": 16.9,
            "gross_margin_4q_avg": 19.07,
            "net_income": 391,
            "revenue": 391589,
            "common_shares": 861469,
            "book_valuer_per_share": 17.31,
            "book_valuer_per_share_4q_avg": 18.18,
            "equity": 1492454,
            "current_ratio": 229.94,
            "debt_ratio": 30.24,
            "inventory_turnover_ratio": 1.04,
            "account_receivable_turnover_ratio": 1.13,
            "reinvestment_rate": -231.43,
            "research_to_sale_ratio": 6.74,
            "price_fair": 46.06,
            "eps_avg_yearly": 1.32,
            "eps_latest_yearly": 0.84,
            "eps_growth_yearly": 115.04
        },
        "20153": {
            "year_quarter": 20153,
            "year": 2015,
            "quarter": 3,
            "eps": 0.58,
            "eps_growth_year": 107.14,
            "eps_4q": 1.27,
            "eps_4q_growth_year": -15.95,
            "roe": 3.25,
            "roe_4q": 6.97,
            "gross_profit": 84744,
            "gross_margin": 19.05,
            "gross_margin_4q_avg": 19.61,
            "net_income": 49602,
            "revenue": 444780,
            "common_shares": 861433,
            "book_valuer_per_share": 18.1,
            "book_valuer_per_share_4q_avg": 18.22,
            "equity": 1559772,
            "current_ratio": 236.57,
            "debt_ratio": 30.84,
            "inventory_turnover_ratio": 1.15,
            "account_receivable_turnover_ratio": 1.24,
            "reinvestment_rate": -165.75,
            "research_to_sale_ratio": 6.25,
            "price_fair": 46.06,
            "eps_avg_yearly": 1.32,
            "eps_latest_yearly": 0.84,
            "eps_growth_yearly": 115.04
        },
        "20154": {
            "year_quarter": 20154,
            "year": 2015,
            "quarter": 4,
            "eps": 0.45,
            "eps_growth_year": -4.77,
            "eps_4q": 1.24,
            "eps_4q_growth_year": -19.98,
            "roe": 2.47,
            "roe_4q": 6.850000000000001,
            "gross_profit": 92546,
            "gross_margin": 17.75,
            "gross_margin_4q_avg": 18.67,
            "net_income": 38737,
            "revenue": 521444,
            "common_shares": 861373,
            "book_valuer_per_share": 18.33,
            "book_valuer_per_share_4q_avg": 18.14,
            "equity": 1579787,
            "current_ratio": 253.75,
            "debt_ratio": 29.07,
            "inventory_turnover_ratio": 1.37,
            "account_receivable_turnover_ratio": 1.37,
            "reinvestment_rate": -132.81,
            "research_to_sale_ratio": 5.69,
            "price_fair": 47.6,
            "eps_avg_yearly": 1.36,
            "eps_latest_yearly": 1.8,
            "eps_growth_yearly": 96.43
        },
        "20161": {
            "year_quarter": 20161,
            "year": 2016,
            "quarter": 1,
            "eps": 0.41,
            "eps_growth_year": 95.24,
            "eps_4q": 1.42,
            "eps_4q_growth_year": 9.06,
            "roe": 2.21,
            "roe_4q": 7.96,
            "gross_profit": 99168,
            "gross_margin": 22.67,
            "gross_margin_4q_avg": 19.09,
            "net_income": 35253,
            "revenue": 437531,
            "common_shares": 861445,
            "book_valuer_per_share": 18.68,
            "book_valuer_per_share_4q_avg": 18.11,
            "equity": 1609947,
            "current_ratio": 245.22,
            "debt_ratio": 29.03,
            "inventory_turnover_ratio": 1.1,
            "account_receivable_turnover_ratio": 1.19,
            "reinvestment_rate": -92.31,
            "research_to_sale_ratio": 6.04,
            "price_fair": 48.42,
            "eps_avg_yearly": 1.38,
            "eps_latest_yearly": 1.64,
            "eps_growth_yearly": 85.43
        },
        "20162": {
            "year_quarter": 20162,
            "year": 2016,
            "quarter": 2,
            "eps": 0.44,
            "eps_growth_year": null,
            "eps_4q": 1.86,
            "eps_4q_growth_year": 92.89,
            "roe": 2.4,
            "roe_4q": 10.33,
            "gross_profit": 102264,
            "gross_margin": 21.27,
            "gross_margin_4q_avg": 20.19,
            "net_income": 37957,
            "revenue": 480862,
            "common_shares": 873588,
            "book_valuer_per_share": 17.81,
            "book_valuer_per_share_4q_avg": 18.23,
            "equity": 1555850,
            "current_ratio": 176.28,
            "debt_ratio": 35.44,
            "inventory_turnover_ratio": 1.16,
            "account_receivable_turnover_ratio": 1.33,
            "reinvestment_rate": -58.27,
            "research_to_sale_ratio": 6.64,
            "price_fair": 49.43,
            "eps_avg_yearly": 1.41,
            "eps_latest_yearly": 1.76,
            "eps_growth_yearly": 81.11
        },
        "20163": {
            "year_quarter": 20163,
            "year": 2016,
            "quarter": 3,
            "eps": 0.11,
            "eps_growth_year": -81.03,
            "eps_4q": 1.39,
            "eps_4q_growth_year": 9.93,
            "roe": 0.59,
            "roe_4q": 7.67,
            "gross_profit": 76136,
            "gross_margin": 15.13,
            "gross_margin_4q_avg": 19.21,
            "net_income": 9123,
            "revenue": 503219,
            "common_shares": 873508,
            "book_valuer_per_share": 17.78,
            "book_valuer_per_share_4q_avg": 18.15,
            "equity": 1552979,
            "current_ratio": 165.12,
            "debt_ratio": 38.31,
            "inventory_turnover_ratio": 1.2,
            "account_receivable_turnover_ratio": 1.28,
            "reinvestment_rate": -52.36,
            "research_to_sale_ratio": 5.53,
            "price_fair": 47,
            "eps_avg_yearly": 1.34,
            "eps_latest_yearly": 0.44,
            "eps_growth_yearly": 53.89
        },
        "20164": {
            "year_quarter": 20164,
            "year": 2016,
            "quarter": 4,
            "eps": 0.23,
            "eps_growth_year": -48.97,
            "eps_4q": 1.09,
            "eps_4q_growth_year": -12.48,
            "roe": 1.34,
            "roe_4q": 6.54,
            "gross_profit": 70559,
            "gross_margin": 13.64,
            "gross_margin_4q_avg": 18.18,
            "net_income": 22204,
            "revenue": 517272,
            "common_shares": 963368,
            "book_valuer_per_share": 18.21,
            "book_valuer_per_share_4q_avg": 18.12,
            "equity": 1754137,
            "current_ratio": 230.87,
            "debt_ratio": 25.24,
            "inventory_turnover_ratio": 1.22,
            "account_receivable_turnover_ratio": 1.26,
            "reinvestment_rate": -30.79,
            "research_to_sale_ratio": 6.96,
            "price_fair": 45.5,
            "eps_avg_yearly": 1.3,
            "eps_latest_yearly": 0.92,
            "eps_growth_yearly": 36.08
        },
        "20171": {
            "year_quarter": 20171,
            "year": 2017,
            "quarter": 1,
            "eps": -0.18,
            "eps_growth_year": -143.9,
            "eps_4q": 0.55,
            "eps_4q_growth_year": -61.5,
            "roe": -0.96,
            "roe_4q": 3.37,
            "gross_profit": 66773,
            "gross_margin": 16.39,
            "gross_margin_4q_avg": 16.61,
            "net_income": -16680,
            "revenue": 407422,
            "common_shares": 964208,
            "book_valuer_per_share": 17.82,
            "book_valuer_per_share_4q_avg": 17.91,
            "equity": 1718268,
            "current_ratio": 235.29,
            "debt_ratio": 26.8,
            "inventory_turnover_ratio": 0.94,
            "account_receivable_turnover_ratio": 1.13,
            "reinvestment_rate": 46.86,
            "research_to_sale_ratio": 7.08,
            "price_fair": 47.49,
            "eps_avg_yearly": 1.36,
            "eps_latest_yearly": 0.92,
            "eps_growth_yearly": 58.29
        },
        "20172": {
            "year_quarter": 20172,
            "year": 2017,
            "quarter": 2,
            "eps": 0.15,
            "eps_growth_year": -65.91,
            "eps_4q": 0.3,
            "eps_4q_growth_year": -83.86,
            "roe": 0.83,
            "roe_4q": 1.7999999999999998,
            "gross_profit": 82827,
            "gross_margin": 17.32,
            "gross_margin_4q_avg": 15.62,
            "net_income": 13984,
            "revenue": 478118,
            "common_shares": 963669,
            "book_valuer_per_share": 17.15,
            "book_valuer_per_share_4q_avg": 17.74,
            "equity": 1652790,
            "current_ratio": 236.12,
            "debt_ratio": 31.21,
            "inventory_turnover_ratio": 1.12,
            "account_receivable_turnover_ratio": 1.47,
            "reinvestment_rate": 54.1,
            "research_to_sale_ratio": 6.33,
            "price_fair": 34.63,
            "eps_avg_yearly": 1.36,
            "eps_latest_yearly": 0.92,
            "eps_growth_yearly": 15.52
        },
        "20173": {
            "year_quarter": 20173,
            "year": 2017,
            "quarter": 3,
            "eps": 0.22,
            "eps_growth_year": 100,
            "eps_4q": 0.42,
            "eps_4q_growth_year": -69.85,
            "roe": 1.25,
            "roe_4q": 2.46,
            "gross_profit": 96870,
            "gross_margin": 20.09,
            "gross_margin_4q_avg": 16.86,
            "net_income": 20838,
            "revenue": 482248,
            "common_shares": 963684,
            "book_valuer_per_share": 17.51,
            "book_valuer_per_share_4q_avg": 17.67,
            "equity": 1687460,
            "current_ratio": 249.62,
            "debt_ratio": 29.36,
            "inventory_turnover_ratio": 1.16,
            "account_receivable_turnover_ratio": 1.41,
            "reinvestment_rate": 57.99,
            "research_to_sale_ratio": 6.05,
            "price_fair": 47.48,
            "eps_avg_yearly": 1.36,
            "eps_latest_yearly": 0.88,
            "eps_growth_yearly": 42.84
        },
        "20174": {
            "year_quarter": 20174,
            "year": 2017,
            "quarter": 4,
            "eps": 0.17,
            "eps_growth_year": -26.85,
            "eps_4q": 0.36,
            "eps_4q_growth_year": -67.12,
            "roe": 0.95,
            "roe_4q": 2.0700000000000003,
            "gross_profit": 97321,
            "gross_margin": 20.48,
            "gross_margin_4q_avg": 18.57,
            "net_income": 16185,
            "revenue": 475304,
            "common_shares": 963456,
            "book_valuer_per_share": 17.77,
            "book_valuer_per_share_4q_avg": 17.56,
            "equity": 1711941,
            "current_ratio": 247.4,
            "debt_ratio": 28.89,
            "inventory_turnover_ratio": 1.27,
            "account_receivable_turnover_ratio": 1.33,
            "reinvestment_rate": 57.83,
            "research_to_sale_ratio": 6.7,
            "price_fair": 17.08,
            "eps_avg_yearly": 1.27,
            "eps_latest_yearly": 0.68,
            "eps_growth_yearly": 3.45
        },
        "20181": {
            "year_quarter": 20181,
            "year": 2018,
            "quarter": 1,
            "eps": 0.18,
            "eps_growth_year": null,
            "eps_4q": 0.71,
            "eps_4q_growth_year": 29.6,
            "roe": 1,
            "roe_4q": 4.03,
            "gross_profit": 96806,
            "gross_margin": 21.12,
            "gross_margin_4q_avg": 19.75,
            "net_income": 17251,
            "revenue": 458388,
            "common_shares": 963442,
            "book_valuer_per_share": 18.1,
            "book_valuer_per_share_4q_avg": 17.63,
            "equity": 1743444,
            "current_ratio": 238.02,
            "debt_ratio": 29.41,
            "inventory_turnover_ratio": 1.28,
            "account_receivable_turnover_ratio": 1.2,
            "reinvestment_rate": 52.42,
            "research_to_sale_ratio": 7.03,
            "price_fair": 14.44,
            "eps_avg_yearly": 1.17,
            "eps_latest_yearly": 0.72,
            "eps_growth_yearly": 2.31
        },
        "20182": {
            "year_quarter": 20182,
            "year": 2018,
            "quarter": 2,
            "eps": 0.31,
            "eps_growth_year": 106.67,
            "eps_4q": 0.89,
            "eps_4q_growth_year": 196.14,
            "roe": 1.73,
            "roe_4q": 4.93,
            "gross_profit": 86834,
            "gross_margin": 17.91,
            "gross_margin_4q_avg": 19.9,
            "net_income": 29835,
            "revenue": 484960,
            "common_shares": 963150,
            "book_valuer_per_share": 18,
            "book_valuer_per_share_4q_avg": 17.85,
            "equity": 1703141,
            "current_ratio": 184.2,
            "debt_ratio": 35.78,
            "inventory_turnover_ratio": 1.25,
            "account_receivable_turnover_ratio": 1.15,
            "reinvestment_rate": 59.42,
            "research_to_sale_ratio": 6.59,
            "price_fair": 40.6,
            "eps_avg_yearly": 1.16,
            "eps_latest_yearly": 1.24,
            "eps_growth_yearly": 34.9
        },
        "20183": {
            "year_quarter": 20183,
            "year": 2018,
            "quarter": 3,
            "eps": 0.12,
            "eps_growth_year": -45.45,
            "eps_4q": 0.74,
            "eps_4q_growth_year": 77.42,
            "roe": 0.66,
            "roe_4q": 4.34,
            "gross_profit": 106247,
            "gross_margin": 22.22,
            "gross_margin_4q_avg": 20.43,
            "net_income": 11622,
            "revenue": 478149,
            "common_shares": 1023038,
            "book_valuer_per_share": 18.16,
            "book_valuer_per_share_4q_avg": 18.01,
            "equity": 1827212,
            "current_ratio": 182.02,
            "debt_ratio": 34.55,
            "inventory_turnover_ratio": 0.98,
            "account_receivable_turnover_ratio": 1.06,
            "reinvestment_rate": 95.54,
            "research_to_sale_ratio": 6.54,
            "price_fair": 34.45,
            "eps_avg_yearly": 1.11,
            "eps_latest_yearly": 0.48,
            "eps_growth_yearly": 21.13
        },
        "20184": {
            "year_quarter": 20184,
            "year": 2018,
            "quarter": 4,
            "eps": -0.25,
            "eps_growth_year": -250.82,
            "eps_4q": 0.33,
            "eps_4q_growth_year": -8.16,
            "roe": -1.4,
            "roe_4q": 1.9900000000000002,
            "gross_profit": 72150,
            "gross_margin": 16.8,
            "gross_margin_4q_avg": 19.51,
            "net_income": -25650,
            "revenue": 429521,
            "common_shares": 1023008,
            "book_valuer_per_share": 18.2,
            "book_valuer_per_share_4q_avg": 18.12,
            "equity": 1831290,
            "current_ratio": 183.15,
            "debt_ratio": 32.64,
            "inventory_turnover_ratio": 0.89,
            "account_receivable_turnover_ratio": 1.03,
            "reinvestment_rate": 171.58,
            "research_to_sale_ratio": 9.56,
            "price_fair": 3.11,
            "eps_avg_yearly": 1.04,
            "eps_latest_yearly": 0.48,
            "eps_growth_yearly": -1.62
        },
        "20191": {
            "year_quarter": 20191,
            "year": 2019,
            "quarter": 1,
            "eps": -0.27,
            "eps_growth_year": -250,
            "eps_4q": -0.12,
            "eps_4q_growth_year": -116.48,
            "roe": -1.53,
            "roe_4q": -0.5399999999999996,
            "gross_profit": 66970,
            "gross_margin": 16.55,
            "gross_margin_4q_avg": 18.37,
            "net_income": -27995,
            "revenue": 404658,
            "common_shares": 1023145,
            "book_valuer_per_share": 18.07,
            "book_valuer_per_share_4q_avg": 18.11,
            "equity": 1827638,
            "current_ratio": 193.43,
            "debt_ratio": 30.67,
            "inventory_turnover_ratio": 0.92,
            "account_receivable_turnover_ratio": 1.16,
            "reinvestment_rate": 189.48,
            "research_to_sale_ratio": 8.52,
            "price_fair": 32.04,
            "eps_avg_yearly": 1.06,
            "eps_latest_yearly": 0.48,
            "eps_growth_yearly": 20.34
        },
        "20192": {
            "year_quarter": 20192,
            "year": 2019,
            "quarter": 2,
            "eps": 0.11,
            "eps_growth_year": -64.52,
            "eps_4q": -0.3,
            "eps_4q_growth_year": -134.02,
            "roe": 0.6,
            "roe_4q": -1.67,
            "gross_profit": 92763,
            "gross_margin": 18.55,
            "gross_margin_4q_avg": 18.53,
            "net_income": 10855,
            "revenue": 500100,
            "common_shares": 1023044,
            "book_valuer_per_share": 17.67,
            "book_valuer_per_share_4q_avg": 18.03,
            "equity": 1787158,
            "current_ratio": 194.1,
            "debt_ratio": 34.51,
            "inventory_turnover_ratio": 1.19,
            "account_receivable_turnover_ratio": 1.45,
            "reinvestment_rate": 171.34,
            "research_to_sale_ratio": 7.36,
            "price_fair": 32.04,
            "eps_avg_yearly": 1.06,
            "eps_latest_yearly": 0.48,
            "eps_growth_yearly": 20.34
        },
        "20193": {
            "year_quarter": 20193,
            "year": 2019,
            "quarter": 3,
            "eps": 0.1,
            "eps_growth_year": -16.67,
            "eps_4q": -0.32,
            "eps_4q_growth_year": -142.73,
            "roe": 0.55,
            "roe_4q": -1.78,
            "gross_profit": 96992,
            "gross_margin": 17.76,
            "gross_margin_4q_avg": 17.42,
            "net_income": 9825,
            "revenue": 546065,
            "common_shares": 1023044,
            "book_valuer_per_share": 17.33,
            "book_valuer_per_share_4q_avg": 17.82,
            "equity": 1772301,
            "current_ratio": 205.15,
            "debt_ratio": 34.05,
            "inventory_turnover_ratio": 1.31,
            "account_receivable_turnover_ratio": 1.33,
            "reinvestment_rate": 175.84,
            "research_to_sale_ratio": 6.53,
            "price_fair": 25.1,
            "eps_avg_yearly": 1,
            "eps_latest_yearly": 0.4,
            "eps_growth_yearly": 15.19
        },
        "20194": {
            "year_quarter": 20194,
            "year": 2019,
            "quarter": 4,
            "eps": -0.27,
            "eps_growth_year": null,
            "eps_4q": -0.34,
            "eps_4q_growth_year": -203.91,
            "roe": -1.55,
            "roe_4q": -1.9300000000000002,
            "gross_profit": 96099,
            "gross_margin": 16.71,
            "gross_margin_4q_avg": 17.39,
            "net_income": -27263,
            "revenue": 575109,
            "common_shares": 1023044,
            "book_valuer_per_share": 17.16,
            "book_valuer_per_share_4q_avg": 17.56,
            "equity": 1736514,
            "current_ratio": 200.65,
            "debt_ratio": 34.66,
            "inventory_turnover_ratio": 1.42,
            "account_receivable_turnover_ratio": 1.23,
            "reinvestment_rate": 173.37,
            "research_to_sale_ratio": 6.58,
            "price_fair": 32.06,
            "eps_avg_yearly": 0.92,
            "eps_latest_yearly": 0.4,
            "eps_growth_yearly": 25.67
        },
        "20201": {
            "year_quarter": 20201,
            "year": 2020,
            "quarter": 1,
            "eps": 0.02,
            "eps_growth_year": null,
            "eps_4q": -0.05,
            "eps_4q_growth_year": null,
            "roe": 0.13,
            "roe_4q": -0.2699999999999999,
            "gross_profit": 89931,
            "gross_margin": 17.79,
            "gross_margin_4q_avg": 17.7,
            "net_income": 2167,
            "revenue": 505550,
            "common_shares": 1023044,
            "book_valuer_per_share": 16.97,
            "book_valuer_per_share_4q_avg": 17.28,
            "equity": 1717663,
            "current_ratio": 185.71,
            "debt_ratio": 37.18,
            "inventory_turnover_ratio": 1.16,
            "account_receivable_turnover_ratio": 1.09,
            "reinvestment_rate": 134.71,
            "research_to_sale_ratio": 5.76,
            "price_fair": 29.24,
            "eps_avg_yearly": 0.84,
            "eps_latest_yearly": 0.4,
            "eps_growth_yearly": 32.48
        },
        "20202": {
            "year_quarter": 20202,
            "year": 2020,
            "quarter": 2,
            "eps": 0.08,
            "eps_growth_year": -27.27,
            "eps_4q": -0.08,
            "eps_4q_growth_year": null,
            "roe": 0.49,
            "roe_4q": -0.38,
            "gross_profit": 92871,
            "gross_margin": 16.91,
            "gross_margin_4q_avg": 17.29,
            "net_income": 8533,
            "revenue": 549181,
            "common_shares": 1023224,
            "book_valuer_per_share": 17.33,
            "book_valuer_per_share_4q_avg": 17.2,
            "equity": 1754798,
            "current_ratio": 200.57,
            "debt_ratio": 34.27,
            "inventory_turnover_ratio": 1.09,
            "account_receivable_turnover_ratio": 1.3,
            "reinvestment_rate": 143.75,
            "research_to_sale_ratio": 6.75,
            "price_fair": 23.64,
            "eps_avg_yearly": 0.68,
            "eps_latest_yearly": 0.32,
            "eps_growth_yearly": 162.56
        },
        "20203": {
            "year_quarter": 20203,
            "year": 2020,
            "quarter": 3,
            "eps": -0.36,
            "eps_growth_year": -460,
            "eps_4q": -0.53,
            "eps_4q_growth_year": null,
            "roe": -2.07,
            "roe_4q": -3,
            "gross_profit": 62685,
            "gross_margin": 12.12,
            "gross_margin_4q_avg": 15.88,
            "net_income": -36246,
            "revenue": 516994,
            "common_shares": 1036734,
            "book_valuer_per_share": 16.93,
            "book_valuer_per_share_4q_avg": 17.1,
            "equity": 1746454,
            "current_ratio": 194.82,
            "debt_ratio": 33.98,
            "inventory_turnover_ratio": 1.06,
            "account_receivable_turnover_ratio": 1.27,
            "reinvestment_rate": 308.28,
            "research_to_sale_ratio": 7.32,
            "price_fair": 24.68,
            "eps_avg_yearly": 0.71,
            "eps_latest_yearly": 0.32,
            "eps_growth_yearly": 220.38
        },
        "20204": {
            "year_quarter": 20204,
            "year": 2020,
            "quarter": 4,
            "eps": -0.41,
            "eps_growth_year": null,
            "eps_4q": -0.67,
            "eps_4q_growth_year": null,
            "roe": -2.38,
            "roe_4q": -3.829999999999999,
            "gross_profit": 84692,
            "gross_margin": 15,
            "gross_margin_4q_avg": 15.46,
            "net_income": -42227,
            "revenue": 564485,
            "common_shares": 1036024,
            "book_valuer_per_share": 17.29,
            "book_valuer_per_share_4q_avg": 17.13,
            "equity": 1803235,
            "current_ratio": 213.99,
            "debt_ratio": 32.93,
            "inventory_turnover_ratio": 1.26,
            "account_receivable_turnover_ratio": 1.32,
            "reinvestment_rate": null,
            "research_to_sale_ratio": 5.76,
            "price_fair": 23.6,
            "eps_avg_yearly": 0.67,
            "eps_latest_yearly": 0.32,
            "eps_growth_yearly": 189.52
        },
        "20211": {
            "year_quarter": 20211,
            "year": 2021,
            "quarter": 1,
            "eps": 0,
            "eps_growth_year": -100,
            "eps_4q": -0.7,
            "eps_4q_growth_year": null,
            "roe": -0.39,
            "roe_4q": -4.35,
            "gross_profit": 106651,
            "gross_margin": 16.68,
            "gross_margin_4q_avg": 15.18,
            "net_income": -7198,
            "revenue": 639527,
            "common_shares": 1034974,
            "book_valuer_per_share": 17.34,
            "book_valuer_per_share_4q_avg": 17.22,
            "equity": 1885683,
            "current_ratio": 189.91,
            "debt_ratio": 38.32,
            "inventory_turnover_ratio": 1.47,
            "account_receivable_turnover_ratio": 1.28,
            "reinvestment_rate": null,
            "research_to_sale_ratio": 5.72,
            "price_fair": 23.6,
            "eps_avg_yearly": 0.67,
            "eps_latest_yearly": 0.32,
            "eps_growth_yearly": 189.52
        },
        "20212": {
            "year_quarter": 20212,
            "year": 2021,
            "quarter": 2,
            "eps": 0.56,
            "eps_growth_year": 600,
            "eps_4q": -0.22,
            "eps_4q_growth_year": null,
            "roe": 2.6,
            "roe_4q": -2.2399999999999998,
            "gross_profit": 172937,
            "gross_margin": 24.69,
            "gross_margin_4q_avg": 17.12,
            "net_income": 49438,
            "revenue": 700454,
            "common_shares": 1028844,
            "book_valuer_per_share": 17.93,
            "book_valuer_per_share_4q_avg": 17.37,
            "equity": 1912467,
            "current_ratio": 195.08,
            "debt_ratio": 37.36,
            "inventory_turnover_ratio": 1.35,
            "account_receivable_turnover_ratio": 1.22,
            "reinvestment_rate": 450.44,
            "research_to_sale_ratio": 6.44,
            "price_fair": 23.6,
            "eps_avg_yearly": 0.67,
            "eps_latest_yearly": 0.32,
            "eps_growth_yearly": 189.52
        },
        "20213": {
            "year_quarter": 20213,
            "year": 2021,
            "quarter": 3,
            "eps": 0.92,
            "eps_growth_year": null,
            "eps_4q": 1.05,
            "eps_4q_growth_year": null,
            "roe": 4.55,
            "roe_4q": 4.380000000000001,
            "gross_profit": 238969,
            "gross_margin": 29.23,
            "gross_margin_4q_avg": 21.4,
            "net_income": 88765,
            "revenue": 817471,
            "common_shares": 1028844,
            "book_valuer_per_share": 18.7,
            "book_valuer_per_share_4q_avg": 17.82,
            "equity": 1986023,
            "current_ratio": 195.93,
            "debt_ratio": 39.32,
            "inventory_turnover_ratio": 1.31,
            "account_receivable_turnover_ratio": 1.3,
            "reinvestment_rate": 137.88,
            "research_to_sale_ratio": 6.25,
            "price_fair": 37.6,
            "eps_avg_yearly": 1.07,
            "eps_latest_yearly": 3.68,
            "eps_growth_yearly": 199.59
        },
        "20214": {
            "year_quarter": 20214,
            "year": 2021,
            "quarter": 4,
            "eps": 3.76,
            "eps_growth_year": null,
            "eps_4q": 5.23,
            "eps_4q_growth_year": null,
            "roe": 17.29,
            "roe_4q": 24.05,
            "gross_profit": 205455,
            "gross_margin": 26.57,
            "gross_margin_4q_avg": 24.29,
            "net_income": 378337,
            "revenue": 773153,
            "common_shares": 1028684,
            "book_valuer_per_share": 22.71,
            "book_valuer_per_share_4q_avg": 19.17,
            "equity": 2390184,
            "current_ratio": 205.82,
            "debt_ratio": 35.34,
            "inventory_turnover_ratio": 1.16,
            "account_receivable_turnover_ratio": 1.15,
            "reinvestment_rate": 102.79,
            "research_to_sale_ratio": 7.74,
            "price_fair": 109.4,
            "eps_avg_yearly": 3.13,
            "eps_latest_yearly": 15.04,
            "eps_growth_yearly": 388.97
        },
        "20221": {
            "year_quarter": 20221,
            "year": 2022,
            "quarter": 1,
            "eps": 0.82,
            "eps_growth_year": null,
            "eps_4q": 6.05,
            "eps_4q_growth_year": null,
            "roe": 3.17,
            "roe_4q": 27.610000000000003,
            "gross_profit": 196942,
            "gross_margin": 27.44,
            "gross_margin_4q_avg": 26.98,
            "net_income": 77329,
            "revenue": 717589,
            "common_shares": 1028684,
            "book_valuer_per_share": 23.72,
            "book_valuer_per_share_4q_avg": 20.77,
            "equity": 2489961,
            "current_ratio": 219.95,
            "debt_ratio": 33.57,
            "inventory_turnover_ratio": 1.03,
            "account_receivable_turnover_ratio": 1.12,
            "reinvestment_rate": 91.38,
            "research_to_sale_ratio": 6.24,
            "price_fair": 122.2,
            "eps_avg_yearly": 3.49,
            "eps_latest_yearly": 3.28,
            "eps_growth_yearly": 340.93
        },
        "20222": {
            "year_quarter": 20222,
            "year": 2022,
            "quarter": 2,
            "eps": 1.93,
            "eps_growth_year": 244.64,
            "eps_4q": 7.41,
            "eps_4q_growth_year": null,
            "roe": 9.09,
            "roe_4q": 34.099999999999994,
            "gross_profit": 398127,
            "gross_margin": 31.1,
            "gross_margin_4q_avg": 28.59,
            "net_income": 221812,
            "revenue": 1280266,
            "common_shares": 1028524,
            "book_valuer_per_share": 22.53,
            "book_valuer_per_share_4q_avg": 21.92,
            "equity": 2392476,
            "current_ratio": 196.79,
            "debt_ratio": 39.73,
            "inventory_turnover_ratio": 1.38,
            "account_receivable_turnover_ratio": 1.73,
            "reinvestment_rate": 19.68,
            "research_to_sale_ratio": 3.95,
            "price_fair": 154.6,
            "eps_avg_yearly": 4.42,
            "eps_latest_yearly": 7.72,
            "eps_growth_yearly": 377.01
        },
        "20223": {
            "year_quarter": 20223,
            "year": 2022,
            "quarter": 3,
            "eps": 0.97,
            "eps_growth_year": 5.43,
            "eps_4q": 7.46,
            "eps_4q_growth_year": 609.91,
            "roe": 4.02,
            "roe_4q": 33.57,
            "gross_profit": 182912,
            "gross_margin": 24.7,
            "gross_margin_4q_avg": 27.45,
            "net_income": 98291,
            "revenue": 740498,
            "common_shares": 1028444,
            "book_valuer_per_share": 23.4,
            "book_valuer_per_share_4q_avg": 23.09,
            "equity": 2492223,
            "current_ratio": 246.77,
            "debt_ratio": 32.69,
            "inventory_turnover_ratio": 0.78,
            "account_receivable_turnover_ratio": 0.98,
            "reinvestment_rate": -4.94,
            "research_to_sale_ratio": 7.13,
            "price_fair": 171.6,
            "eps_avg_yearly": 4.9,
            "eps_latest_yearly": 3.88,
            "eps_growth_yearly": 383.61
        },
        "20224": {
            "year_quarter": 20224,
            "year": 2022,
            "quarter": 4,
            "eps": -0.53,
            "eps_growth_year": -114.07,
            "eps_4q": 3.12,
            "eps_4q_growth_year": -40.27,
            "roe": -2.44,
            "roe_4q": 13.84,
            "gross_profit": 150248,
            "gross_margin": 24.25,
            "gross_margin_4q_avg": 26.87,
            "net_income": -60068,
            "revenue": 619637,
            "common_shares": 1040444,
            "book_valuer_per_share": 22.54,
            "book_valuer_per_share_4q_avg": 23.05,
            "equity": 2426618,
            "current_ratio": 237.78,
            "debt_ratio": 33.39,
            "inventory_turnover_ratio": 0.78,
            "account_receivable_turnover_ratio": 1.07,
            "reinvestment_rate": -32.63,
            "research_to_sale_ratio": 7.43,
            "price_fair": 171.6,
            "eps_avg_yearly": 4.9,
            "eps_latest_yearly": 3.88,
            "eps_growth_yearly": 383.61
        },
        "20231": {
            "year_quarter": 20231,
            "year": 2023,
            "quarter": 1,
            "eps": 0.01,
            "eps_growth_year": -98.78,
            "eps_4q": 2.33,
            "eps_4q_growth_year": -61.44,
            "roe": -0.15,
            "roe_4q": 10.52,
            "gross_profit": 120811,
            "gross_margin": 23.4,
            "gross_margin_4q_avg": 25.86,
            "net_income": -3569,
            "revenue": 516236,
            "common_shares": 1040444,
            "book_valuer_per_share": 22.69,
            "book_valuer_per_share_4q_avg": 22.79,
            "equity": 2437533,
            "current_ratio": 252.33,
            "debt_ratio": 31.06,
            "inventory_turnover_ratio": 0.73,
            "account_receivable_turnover_ratio": 1.01,
            "reinvestment_rate": -28.84,
            "research_to_sale_ratio": 9.06,
            "price_fair": 171.6,
            "eps_avg_yearly": 4.9,
            "eps_latest_yearly": 3.88,
            "eps_growth_yearly": 383.61
        }
    },
    "months": {
        "2004-09": {
            "month": "2004-09",
            "price": "24.36",
            "revenue": 71126
        },
        "2004-10": {
            "month": "2004-10",
            "price": "21.07",
            "revenue": 74584
        },
        "2005-02": {
            "month": "2005-02",
            "price": "22.20",
            "revenue": 50970
        },
        "2005-03": {
            "month": "2005-03",
            "price": "23.53",
            "revenue": 79002
        },
        "2005-05": {
            "month": "2005-05",
            "price": "23.65",
            "revenue": 76886
        },
        "2005-06": {
            "month": "2005-06",
            "price": "25.08",
            "revenue": 66897
        },
        "2005-07": {
            "month": "2005-07",
            "price": "31.86",
            "revenue": 64448
        },
        "2005-08": {
            "month": "2005-08",
            "price": "34.29",
            "revenue": 85455
        },
        "2005-09": {
            "month": "2005-09",
            "price": "31.58",
            "revenue": 86566
        },
        "2005-10": {
            "month": "2005-10",
            "price": "32.21",
            "revenue": 97870
        },
        "2005-11": {
            "month": "2005-11",
            "price": "33.79",
            "revenue": 103939
        },
        "2005-12": {
            "month": "2005-12",
            "price": "41.68",
            "revenue": 91884
        },
        "2006-01": {
            "month": "2006-01",
            "price": "52.33",
            "revenue": 90083
        },
        "2006-02": {
            "month": "2006-02",
            "price": "47.00",
            "revenue": 83531
        },
        "2006-03": {
            "month": "2006-03",
            "price": "51.50",
            "revenue": 110503
        },
        "2006-04": {
            "month": "2006-04",
            "price": "62.01",
            "revenue": 116852
        },
        "2006-05": {
            "month": "2006-05",
            "price": "80.45",
            "revenue": 127883
        },
        "2006-06": {
            "month": "2006-06",
            "price": "72.18",
            "revenue": 133354
        },
        "2006-07": {
            "month": "2006-07",
            "price": "69.69",
            "revenue": 139095
        },
        "2006-08": {
            "month": "2006-08",
            "price": "70.14",
            "revenue": 125815
        },
        "2006-09": {
            "month": "2006-09",
            "price": "65.70",
            "revenue": 126144
        },
        "2006-10": {
            "month": "2006-10",
            "price": "62.38",
            "revenue": 118188
        },
        "2006-11": {
            "month": "2006-11",
            "price": "57.62",
            "revenue": 110673
        },
        "2006-12": {
            "month": "2006-12",
            "price": "61.00",
            "revenue": 93914
        },
        "2007-01": {
            "month": "2007-01",
            "price": "63.88",
            "revenue": 72852
        },
        "2007-02": {
            "month": "2007-02",
            "price": "58.73",
            "revenue": 58243
        },
        "2007-03": {
            "month": "2007-03",
            "price": "53.13",
            "revenue": 71215
        },
        "2007-04": {
            "month": "2007-04",
            "price": "51.45",
            "revenue": 81532
        },
        "2007-05": {
            "month": "2007-05",
            "price": "46.85",
            "revenue": 100867
        },
        "2007-06": {
            "month": "2007-06",
            "price": "49.47",
            "revenue": 99703
        },
        "2007-07": {
            "month": "2007-07",
            "price": "51.02",
            "revenue": 112290
        },
        "2007-08": {
            "month": "2007-08",
            "price": "45.38",
            "revenue": 120909
        },
        "2007-09": {
            "month": "2007-09",
            "price": "46.47",
            "revenue": 122552
        },
        "2007-10": {
            "month": "2007-10",
            "price": "48.62",
            "revenue": 145282
        },
        "2007-11": {
            "month": "2007-11",
            "price": "43.86",
            "revenue": 147793
        },
        "2007-12": {
            "month": "2007-12",
            "price": "38.00",
            "revenue": 138137
        },
        "2008-01": {
            "month": "2008-01",
            "price": "29.33",
            "revenue": 130972
        },
        "2008-02": {
            "month": "2008-02",
            "price": "27.98",
            "revenue": 102907
        },
        "2008-03": {
            "month": "2008-03",
            "price": "30.20",
            "revenue": 129442
        },
        "2008-04": {
            "month": "2008-04",
            "price": "35.29",
            "revenue": 140756
        },
        "2008-05": {
            "month": "2008-05",
            "price": "39.90",
            "revenue": 150688
        },
        "2008-06": {
            "month": "2008-06",
            "price": "34.11",
            "revenue": 130553
        },
        "2008-07": {
            "month": "2008-07",
            "price": "28.13",
            "revenue": 143508
        },
        "2008-08": {
            "month": "2008-08",
            "price": "27.25",
            "revenue": 130856
        },
        "2008-09": {
            "month": "2008-09",
            "price": "21.24",
            "revenue": 156552
        },
        "2008-10": {
            "month": "2008-10",
            "price": "17.15",
            "revenue": 134929
        },
        "2008-11": {
            "month": "2008-11",
            "price": "12.47",
            "revenue": 81558
        },
        "2008-12": {
            "month": "2008-12",
            "price": "10.98",
            "revenue": 72177
        },
        "2009-01": {
            "month": "2009-01",
            "price": "11.43",
            "revenue": 55737
        },
        "2009-02": {
            "month": "2009-02",
            "price": "11.46",
            "revenue": 84834
        },
        "2009-03": {
            "month": "2009-03",
            "price": "13.13",
            "revenue": 91945
        },
        "2009-04": {
            "month": "2009-04",
            "price": "15.11",
            "revenue": 114470
        },
        "2009-05": {
            "month": "2009-05",
            "price": "14.25",
            "revenue": 101343
        },
        "2009-06": {
            "month": "2009-06",
            "price": "13.16",
            "revenue": 105458
        },
        "2009-07": {
            "month": "2009-07",
            "price": "14.00",
            "revenue": 113230
        },
        "2009-08": {
            "month": "2009-08",
            "price": "14.26",
            "revenue": 124204
        },
        "2009-09": {
            "month": "2009-09",
            "price": "21.39",
            "revenue": 137009
        },
        "2009-10": {
            "month": "2009-10",
            "price": "26.95",
            "revenue": 149760
        },
        "2009-11": {
            "month": "2009-11",
            "price": "25.74",
            "revenue": 159706
        },
        "2009-12": {
            "month": "2009-12",
            "price": "28.59",
            "revenue": 152907
        },
        "2010-01": {
            "month": "2010-01",
            "price": "27.99",
            "revenue": 142678
        },
        "2010-02": {
            "month": "2010-02",
            "price": "26.23",
            "revenue": 123048
        },
        "2010-03": {
            "month": "2010-03",
            "price": "28.63",
            "revenue": 175436
        },
        "2010-04": {
            "month": "2010-04",
            "price": "32.21",
            "revenue": 186661
        },
        "2010-05": {
            "month": "2010-05",
            "price": "29.05",
            "revenue": 191683
        },
        "2010-06": {
            "month": "2010-06",
            "price": "27.40",
            "revenue": 140701
        },
        "2010-07": {
            "month": "2010-07",
            "price": "26.69",
            "revenue": 149835
        },
        "2010-08": {
            "month": "2010-08",
            "price": "25.80",
            "revenue": 164377
        },
        "2010-09": {
            "month": "2010-09",
            "price": "23.36",
            "revenue": 166544
        },
        "2010-10": {
            "month": "2010-10",
            "price": "22.71",
            "revenue": 152944
        },
        "2010-11": {
            "month": "2010-11",
            "price": "20.50",
            "revenue": 165402
        },
        "2010-12": {
            "month": "2010-12",
            "price": "20.78",
            "revenue": 170704
        },
        "2011-01": {
            "month": "2011-01",
            "price": "21.61",
            "revenue": 151997
        },
        "2011-02": {
            "month": "2011-02",
            "price": "20.58",
            "revenue": 113310
        },
        "2011-03": {
            "month": "2011-03",
            "price": "19.86",
            "revenue": 176682
        },
        "2011-04": {
            "month": "2011-04",
            "price": "19.76",
            "revenue": 177104
        },
        "2011-05": {
            "month": "2011-05",
            "price": "18.20",
            "revenue": 158809
        },
        "2011-06": {
            "month": "2011-06",
            "price": "17.16",
            "revenue": 150957
        },
        "2011-07": {
            "month": "2011-07",
            "price": "16.68",
            "revenue": 163359
        },
        "2011-08": {
            "month": "2011-08",
            "price": "13.32",
            "revenue": 180942
        },
        "2011-09": {
            "month": "2011-09",
            "price": "12.55",
            "revenue": 152501
        },
        "2011-10": {
            "month": "2011-10",
            "price": "12.34",
            "revenue": 150942
        },
        "2011-11": {
            "month": "2011-11",
            "price": "11.42",
            "revenue": 158537
        },
        "2011-12": {
            "month": "2011-12",
            "price": "9.86",
            "revenue": 123616
        },
        "2012-01": {
            "month": "2012-01",
            "price": "9.73",
            "revenue": 108537
        },
        "2012-02": {
            "month": "2012-02",
            "price": "11.76",
            "revenue": 116841
        },
        "2012-03": {
            "month": "2012-03",
            "price": "12.05",
            "revenue": 139432
        },
        "2012-04": {
            "month": "2012-04",
            "price": "10.63",
            "revenue": 140755
        },
        "2012-05": {
            "month": "2012-05",
            "price": "9.83",
            "revenue": 147086
        },
        "2012-06": {
            "month": "2012-06",
            "price": "9.33",
            "revenue": 139385
        },
        "2012-07": {
            "month": "2012-07",
            "price": "9.29",
            "revenue": 155036
        },
        "2012-08": {
            "month": "2012-08",
            "price": "9.14",
            "revenue": 160921
        },
        "2012-09": {
            "month": "2012-09",
            "price": "9.47",
            "revenue": 141544
        },
        "2012-10": {
            "month": "2012-10",
            "price": "9.17",
            "revenue": 158448
        },
        "2012-11": {
            "month": "2012-11",
            "price": "8.81",
            "revenue": 151157
        },
        "2012-12": {
            "month": "2012-12",
            "price": "9.16",
            "revenue": 122837
        },
        "2013-01": {
            "month": "2013-01",
            "price": "9.33",
            "revenue": 118154
        },
        "2013-02": {
            "month": "2013-02",
            "price": "9.14",
            "revenue": 88237
        },
        "2013-03": {
            "month": "2013-03",
            "price": "9.38",
            "revenue": 126878
        },
        "2013-04": {
            "month": "2013-04",
            "price": "10.56",
            "revenue": 139309
        },
        "2013-05": {
            "month": "2013-05",
            "price": "12.35",
            "revenue": 146787
        },
        "2013-06": {
            "month": "2013-06",
            "price": "11.58",
            "revenue": 133679
        },
        "2013-07": {
            "month": "2013-07",
            "price": "11.25",
            "revenue": 129191
        },
        "2013-08": {
            "month": "2013-08",
            "price": "11.42",
            "revenue": 148903
        },
        "2013-09": {
            "month": "2013-09",
            "price": "15.13",
            "revenue": 156106
        },
        "2013-10": {
            "month": "2013-10",
            "price": "15.45",
            "revenue": 151738
        },
        "2013-11": {
            "month": "2013-11",
            "price": "14.28",
            "revenue": 148991
        },
        "2013-12": {
            "month": "2013-12",
            "price": "15.09",
            "revenue": 140718
        },
        "2014-01": {
            "month": "2014-01",
            "price": "16.50",
            "revenue": 141974
        },
        "2014-02": {
            "month": "2014-02",
            "price": "17.99",
            "revenue": 129106
        },
        "2014-03": {
            "month": "2014-03",
            "price": "21.56",
            "revenue": 144560
        },
        "2014-04": {
            "month": "2014-04",
            "price": "23.65",
            "revenue": 140741
        },
        "2014-05": {
            "month": "2014-05",
            "price": "25.59",
            "revenue": 144531
        },
        "2014-06": {
            "month": "2014-06",
            "price": "28.98",
            "revenue": 146587
        },
        "2014-07": {
            "month": "2014-07",
            "price": "26.19",
            "revenue": 143316
        },
        "2014-08": {
            "month": "2014-08",
            "price": "22.71",
            "revenue": 153904
        },
        "2014-09": {
            "month": "2014-09",
            "price": "21.96",
            "revenue": 147480
        },
        "2014-10": {
            "month": "2014-10",
            "price": "21.08",
            "revenue": 156220
        },
        "2014-11": {
            "month": "2014-11",
            "price": "19.22",
            "revenue": 149202
        },
        "2014-12": {
            "month": "2014-12",
            "price": "21.45",
            "revenue": 149158
        },
        "2015-01": {
            "month": "2015-01",
            "price": "23.94",
            "revenue": 146216
        },
        "2015-02": {
            "month": "2015-02",
            "price": "24.23",
            "revenue": 103517
        },
        "2015-03": {
            "month": "2015-03",
            "price": "24.30",
            "revenue": 139367
        },
        "2015-04": {
            "month": "2015-04",
            "price": "22.26",
            "revenue": 131486
        },
        "2015-05": {
            "month": "2015-05",
            "price": "20.20",
            "revenue": 133592
        },
        "2015-06": {
            "month": "2015-06",
            "price": "18.85",
            "revenue": 128691
        },
        "2015-07": {
            "month": "2015-07",
            "price": "17.08",
            "revenue": 158022
        },
        "2015-08": {
            "month": "2015-08",
            "price": "12.70",
            "revenue": 145185
        },
        "2015-09": {
            "month": "2015-09",
            "price": "14.86",
            "revenue": 141597
        },
        "2015-10": {
            "month": "2015-10",
            "price": "16.24",
            "revenue": 158688
        },
        "2015-11": {
            "month": "2015-11",
            "price": "17.76",
            "revenue": 177202
        },
        "2015-12": {
            "month": "2015-12",
            "price": "17.75",
            "revenue": 185899
        },
        "2016-01": {
            "month": "2016-01",
            "price": "21.55",
            "revenue": 177534
        },
        "2016-02": {
            "month": "2016-02",
            "price": "25.72",
            "revenue": 111214
        },
        "2016-03": {
            "month": "2016-03",
            "price": "26.38",
            "revenue": 148818
        },
        "2016-04": {
            "month": "2016-04",
            "price": "24.94",
            "revenue": 150634
        },
        "2016-05": {
            "month": "2016-05",
            "price": "26.13",
            "revenue": 161052
        },
        "2016-06": {
            "month": "2016-06",
            "price": "28.56",
            "revenue": 169042
        },
        "2016-07": {
            "month": "2016-07",
            "price": "29.52",
            "revenue": 166612
        },
        "2016-08": {
            "month": "2016-08",
            "price": "27.52",
            "revenue": 165501
        },
        "2016-09": {
            "month": "2016-09",
            "price": "28.08",
            "revenue": 171403
        },
        "2016-10": {
            "month": "2016-10",
            "price": "28.05",
            "revenue": 169427
        },
        "2016-11": {
            "month": "2016-11",
            "price": "25.38",
            "revenue": 144013
        },
        "2016-12": {
            "month": "2016-12",
            "price": "24.19",
            "revenue": 203436
        },
        "2017-01": {
            "month": "2017-01",
            "price": "24.34",
            "revenue": 127967
        },
        "2017-02": {
            "month": "2017-02",
            "price": "24.48",
            "revenue": 120820
        },
        "2017-03": {
            "month": "2017-03",
            "price": "23.42",
            "revenue": 158360
        },
        "2017-04": {
            "month": "2017-04",
            "price": "22.08",
            "revenue": 154274
        },
        "2017-05": {
            "month": "2017-05",
            "price": "19.48",
            "revenue": 153020
        },
        "2017-06": {
            "month": "2017-06",
            "price": "20.08",
            "revenue": 170428
        },
        "2017-07": {
            "month": "2017-07",
            "price": "19.78",
            "revenue": 151096
        },
        "2017-08": {
            "month": "2017-08",
            "price": "18.41",
            "revenue": 171231
        },
        "2017-09": {
            "month": "2017-09",
            "price": "18.82",
            "revenue": 160989
        },
        "2017-10": {
            "month": "2017-10",
            "price": "18.48",
            "revenue": 158498
        },
        "2017-11": {
            "month": "2017-11",
            "price": "18.04",
            "revenue": 163781
        },
        "2017-12": {
            "month": "2017-12",
            "price": "18.01",
            "revenue": 153027
        },
        "2018-01": {
            "month": "2018-01",
            "price": "20.14",
            "revenue": 155829
        },
        "2018-02": {
            "month": "2018-02",
            "price": "18.47",
            "revenue": 133901
        },
        "2018-03": {
            "month": "2018-03",
            "price": "18.63",
            "revenue": 168658
        },
        "2018-04": {
            "month": "2018-04",
            "price": "19.15",
            "revenue": 173607
        },
        "2018-05": {
            "month": "2018-05",
            "price": "21.20",
            "revenue": 164711
        },
        "2018-06": {
            "month": "2018-06",
            "price": "25.53",
            "revenue": 146642
        },
        "2018-07": {
            "month": "2018-07",
            "price": "29.17",
            "revenue": 162709
        },
        "2018-08": {
            "month": "2018-08",
            "price": "24.35",
            "revenue": 160352
        },
        "2018-09": {
            "month": "2018-09",
            "price": "20.52",
            "revenue": 155088
        },
        "2018-10": {
            "month": "2018-10",
            "price": "16.68",
            "revenue": 161335
        },
        "2018-11": {
            "month": "2018-11",
            "price": "17.50",
            "revenue": 139665
        },
        "2018-12": {
            "month": "2018-12",
            "price": "19.27",
            "revenue": 128625
        },
        "2019-01": {
            "month": "2019-01",
            "price": "19.05",
            "revenue": 142806
        },
        "2019-02": {
            "month": "2019-02",
            "price": "19.68",
            "revenue": 113720
        },
        "2019-03": {
            "month": "2019-03",
            "price": "19.79",
            "revenue": 148132
        },
        "2019-04": {
            "month": "2019-04",
            "price": "21.18",
            "revenue": 157592
        },
        "2019-05": {
            "month": "2019-05",
            "price": "19.28",
            "revenue": 172378
        },
        "2019-06": {
            "month": "2019-06",
            "price": "18.81",
            "revenue": 170166
        },
        "2019-07": {
            "month": "2019-07",
            "price": "21.19",
            "revenue": 188196
        },
        "2019-08": {
            "month": "2019-08",
            "price": "21.79",
            "revenue": 194453
        },
        "2019-09": {
            "month": "2019-09",
            "price": "23.15",
            "revenue": 163380
        },
        "2019-10": {
            "month": "2019-10",
            "price": "22.39",
            "revenue": 203529
        },
        "2019-11": {
            "month": "2019-11",
            "price": "25.27",
            "revenue": 189084
        },
        "2019-12": {
            "month": "2019-12",
            "price": "26.67",
            "revenue": 182496
        },
        "2020-01": {
            "month": "2020-01",
            "price": "24.04",
            "revenue": 149571
        },
        "2020-02": {
            "month": "2020-02",
            "price": "22.40",
            "revenue": 163773
        },
        "2020-03": {
            "month": "2020-03",
            "price": "18.25",
            "revenue": 192206
        },
        "2020-04": {
            "month": "2020-04",
            "price": "19.15",
            "revenue": 201046
        },
        "2020-05": {
            "month": "2020-05",
            "price": "22.02",
            "revenue": 176705
        },
        "2020-06": {
            "month": "2020-06",
            "price": "21.80",
            "revenue": 171430
        },
        "2020-07": {
            "month": "2020-07",
            "price": "25.09",
            "revenue": 179966
        },
        "2020-08": {
            "month": "2020-08",
            "price": "26.00",
            "revenue": 161936
        },
        "2020-09": {
            "month": "2020-09",
            "price": "24.34",
            "revenue": 175092
        },
        "2020-10": {
            "month": "2020-10",
            "price": "22.27",
            "revenue": 176668
        },
        "2020-11": {
            "month": "2020-11",
            "price": "22.24",
            "revenue": 188359
        },
        "2020-12": {
            "month": "2020-12",
            "price": "22.42",
            "revenue": 199457
        },
        "2021-01": {
            "month": "2021-01",
            "price": "21.42",
            "revenue": 222125
        },
        "2021-02": {
            "month": "2021-02",
            "price": "22.10",
            "revenue": 178421
        },
        "2021-03": {
            "month": "2021-03",
            "price": "23.64",
            "revenue": 238981
        },
        "2021-04": {
            "month": "2021-04",
            "price": "25.53",
            "revenue": 229712
        },
        "2021-05": {
            "month": "2021-05",
            "price": "21.69",
            "revenue": 228262
        },
        "2021-06": {
            "month": "2021-06",
            "price": "23.79",
            "revenue": 242480
        },
        "2021-07": {
            "month": "2021-07",
            "price": "29.22",
            "revenue": 274182
        },
        "2021-08": {
            "month": "2021-08",
            "price": "32.54",
            "revenue": 262833
        },
        "2021-09": {
            "month": "2021-09",
            "price": "31.90",
            "revenue": 280456
        },
        "2021-10": {
            "month": "2021-10",
            "price": "29.08",
            "revenue": 265137
        },
        "2021-11": {
            "month": "2021-11",
            "price": "37.49",
            "revenue": 261901
        },
        "2021-12": {
            "month": "2021-12",
            "price": "41.62",
            "revenue": 246079
        },
        "2022-01": {
            "month": "2022-01",
            "price": "35.79",
            "revenue": 246700
        },
        "2022-02": {
            "month": "2022-02",
            "price": "33.32",
            "revenue": 222026
        },
        "2022-03": {
            "month": "2022-03",
            "price": "33.76",
            "revenue": 248863
        },
        "2022-04": {
            "month": "2022-04",
            "price": "34.09",
            "revenue": 256136
        },
        "2022-05": {
            "month": "2022-05",
            "price": "36.37",
            "revenue": 515656
        },
        "2022-06": {
            "month": "2022-06",
            "price": "38.66",
            "revenue": 508474
        },
        "2022-07": {
            "month": "2022-07",
            "price": "36.30",
            "revenue": 329368
        },
        "2022-08": {
            "month": "2022-08",
            "price": "36.25",
            "revenue": 217398
        },
        "2022-09": {
            "month": "2022-09",
            "price": "30.48",
            "revenue": 193732
        },
        "2022-10": {
            "month": "2022-10",
            "price": "24.54",
            "revenue": 198109
        },
        "2022-11": {
            "month": "2022-11",
            "price": "26.44",
            "revenue": 209933
        },
        "2022-12": {
            "month": "2022-12",
            "price": "26.43",
            "revenue": 211595
        },
        "2023-01": {
            "month": "2023-01",
            "price": "26.17",
            "revenue": 167422
        },
        "2023-02": {
            "month": "2023-02",
            "price": "28.22",
            "revenue": 156110
        },
        "2023-03": {
            "month": "2023-03",
            "price": "29.33",
            "revenue": 192704
        },
        "2023-04": {
            "month": "2023-04",
            "price": "29.28",
            "revenue": 171849
        },
        "2023-05": {
            "month": "2023-05",
            "price": "28.52",
            "revenue": 180005
        }
    }
}
