{
    "summary": {
        "stock_name": "三顧",
        "stock_id": "3224",
        "category": "電子通路",
        "main_business": "電子材料零售業、生物技術服務業<br>西藥製造業(批發、零售業)、醫療器材製造業(批發、零售業)<br>資訊軟體服務業、化粧品製造業(批發、零售業)",
        "website_url": "http://www.metatech.com.tw",
        "ceo": "唐洪德",
        "pe_ratio": -58,
        "report_year_from": 2001,
        "report_year_to": 2023,
        "age": 22,
        "eps_negative_percentage": 52,
        "eps_growth_avg": {
            "last_all": -49.49,
            "last_2y": null,
            "last_4y": -100,
            "last_8y": -48.75,
            "last_12y": -59,
            "last_16y": -58.59,
            "last_20y": null,
            "at_2006_last_3y": null,
            "at_2007_last_3y": -24.98,
            "at_2008_last_3y": -36.43,
            "at_2009_last_3y": -57.9,
            "at_2010_last_3y": -89.16,
            "at_2011_last_3y": -100,
            "at_2012_last_3y": -100,
            "at_2013_last_3y": -100,
            "at_2014_last_3y": 0,
            "at_2015_last_3y": 2.5,
            "at_2016_last_3y": -31.67,
            "at_2017_last_3y": -31.67,
            "at_2018_last_3y": -98.33,
            "at_2019_last_3y": -100,
            "at_2020_last_3y": -100,
            "at_2021_last_3y": -100,
            "at_2022_last_3y": null,
            "at_2023_last_3y": null,
            "at_2006_last_all": -7.2,
            "at_2007_last_all": -24.98,
            "at_2008_last_all": -39.98,
            "at_2009_last_all": -39.98,
            "at_2010_last_all": -39.98,
            "at_2011_last_all": -49.99,
            "at_2012_last_all": -49.99,
            "at_2013_last_all": -49.99,
            "at_2014_last_all": -28.56,
            "at_2015_last_all": -36.87,
            "at_2016_last_all": -43.88,
            "at_2017_last_all": -43.88,
            "at_2018_last_all": -49.49,
            "at_2019_last_all": -49.49,
            "at_2020_last_all": -49.49,
            "at_2021_last_all": -49.49,
            "at_2022_last_all": -49.49,
            "at_2023_last_all": -49.49
        },
        "latest_eps": -0.8,
        "latest_price": 46.65,
        "latest_roe": -3.76,
        "latest_gross_margin": 7.27,
        "latest_equity": 2894957,
        "latest_revenue": 375325,
        "latest_gross_profit": 27286,
        "latest_net_income": -44483,
        "latest_debt_ratio": 16.07,
        "latest_current_ratio": 623.66,
        "latest_account_receivable_turnover_ratio": 1.06,
        "latest_inventory_turnover_ratio": 1.73,
        "latest_reinvestment_rate": null,
        "latest_research_to_sale_ratio": 5.41
    },
    "eps_dividends": {
        "2001": {
            "cash": 0,
            "stock": 0,
            "eps": 0
        },
        "2002": {
            "cash": 0,
            "stock": 0,
            "eps": 0
        },
        "2003": {
            "cash": 0.25,
            "stock": 1.5,
            "eps": 4.06
        },
        "2004": {
            "cash": 1,
            "stock": 2,
            "eps": 1.86
        },
        "2005": {
            "cash": 0.9,
            "stock": 1,
            "eps": 2.38
        },
        "2006": {
            "cash": 0.8,
            "stock": 1.1,
            "eps": 2.49
        },
        "2007": {
            "cash": 1.02,
            "stock": 1.02,
            "eps": 0.54
        },
        "2008": {
            "cash": 0.43,
            "stock": 0.24,
            "eps": -2.36
        },
        "2009": {
            "cash": 0,
            "stock": 0,
            "eps": -0.81
        },
        "2010": {
            "cash": 0,
            "stock": 0,
            "eps": 1
        },
        "2011": {
            "cash": 0,
            "stock": 0,
            "eps": -1.16
        },
        "2012": {
            "cash": 0,
            "stock": 0,
            "eps": -1.06
        },
        "2013": {
            "cash": 0,
            "stock": 0,
            "eps": 0.09
        },
        "2014": {
            "cash": 0,
            "stock": 0,
            "eps": 0.6
        },
        "2015": {
            "cash": 0,
            "stock": 0,
            "eps": 0.03
        },
        "2016": {
            "cash": 0,
            "stock": 0,
            "eps": -1.4
        },
        "2017": {
            "cash": 0,
            "stock": 0,
            "eps": 0.11
        },
        "2018": {
            "cash": 0,
            "stock": 0,
            "eps": -1.01
        },
        "2019": {
            "cash": 0,
            "stock": 0,
            "eps": -1.6
        },
        "2020": {
            "cash": 0,
            "stock": 0,
            "eps": -1.42
        },
        "2021": {
            "cash": 0,
            "stock": 0,
            "eps": -0.43
        },
        "2022": {
            "cash": 0,
            "stock": 0,
            "eps": -0.18
        },
        "2023": {
            "cash": 0,
            "stock": 0,
            "eps": -0.37
        }
    },
    "dividends": {
        "2003-06-10": {
            "cash": 0.25,
            "stock": 1.5
        },
        "2004-02-28": {
            "cash": 1,
            "stock": 2
        },
        "2005-04-12": {
            "cash": 0.9,
            "stock": 1
        },
        "2006-03-22": {
            "cash": 0.8,
            "stock": 1.1
        },
        "2007-03-22": {
            "cash": 1.02,
            "stock": 1.02
        },
        "2008-03-26": {
            "cash": 0.43,
            "stock": 0.24
        }
    },
    "prices": {
        "200101": "無",
        "200102": "無",
        "200103": "無",
        "200104": "無",
        "200105": "無",
        "200106": "無",
        "200107": "無",
        "200108": "無",
        "200109": "無",
        "200110": "無",
        "200111": "無",
        "200112": "無",
        "200201": "無",
        "200202": "無",
        "200203": "無",
        "200204": "無",
        "200205": "無",
        "200206": "無",
        "200207": "無",
        "200208": "無",
        "200209": "無",
        "200210": "無",
        "200211": "無",
        "200212": "無",
        "200301": "無",
        "200302": "無",
        "200303": "無",
        "200304": "無",
        "200305": "無",
        "200306": "無",
        "200307": "無",
        "200308": "無",
        "200309": "無",
        "200310": "35.75",
        "200311": "37.40",
        "200312": "無",
        "200401": "43.36",
        "200402": "45.91",
        "200403": "46.64",
        "200404": "52.69",
        "200405": "52.61",
        "200406": "40.07",
        "200407": "37.25",
        "200408": "27.12",
        "200409": "23.30",
        "200410": "22.82",
        "200411": "16.87",
        "200412": "16.13",
        "200501": "16.59",
        "200502": "16.02",
        "200503": "15.89",
        "200504": "15.18",
        "200505": "15.40",
        "200506": "15.67",
        "200507": "16.48",
        "200508": "13.30",
        "200509": "12.53",
        "200510": "12.33",
        "200511": "13.18",
        "200512": "14.75",
        "200601": "15.24",
        "200602": "17.92",
        "200603": "18.34",
        "200604": "19.22",
        "200605": "21.32",
        "200606": "18.53",
        "200607": "17.01",
        "200608": "16.48",
        "200609": "18.64",
        "200610": "17.79",
        "200611": "20.63",
        "200612": "24.08",
        "200701": "23.29",
        "200702": "21.25",
        "200703": "21.59",
        "200704": "24.22",
        "200705": "23.62",
        "200706": "24.62",
        "200707": "25.93",
        "200708": "21.20",
        "200709": "18.28",
        "200710": "16.03",
        "200711": "14.13",
        "200712": "13.86",
        "200801": "12.43",
        "200802": "10.50",
        "200803": "11.60",
        "200804": "12.48",
        "200805": "12.04",
        "200806": "10.13",
        "200807": "8.20",
        "200808": "7.07",
        "200809": "5.40",
        "200810": "3.53",
        "200811": "3.70",
        "200812": "3.11",
        "200901": "2.98",
        "200902": "2.87",
        "200903": "3.55",
        "200904": "3.99",
        "200905": "3.84",
        "200906": "3.68",
        "200907": "3.83",
        "200908": "4.06",
        "200909": "4.97",
        "200910": "6.44",
        "200911": "6.60",
        "200912": "7.40",
        "201001": "8.75",
        "201002": "7.21",
        "201003": "7.94",
        "201004": "9.32",
        "201005": "8.79",
        "201006": "9.48",
        "201007": "10.55",
        "201008": "11.29",
        "201009": "12.99",
        "201010": "11.72",
        "201011": "10.63",
        "201012": "11.33",
        "201101": "11.17",
        "201102": "10.27",
        "201103": "9.97",
        "201104": "9.97",
        "201105": "8.73",
        "201106": "8.62",
        "201107": "8.57",
        "201108": "7.26",
        "201109": "6.79",
        "201110": "6.12",
        "201111": "6.28",
        "201112": "5.99",
        "201201": "5.80",
        "201202": "6.71",
        "201203": "6.85",
        "201204": "5.97",
        "201205": "5.61",
        "201206": "5.36",
        "201207": "5.08",
        "201208": "4.99",
        "201209": "4.92",
        "201210": "4.62",
        "201211": "4.29",
        "201212": "4.58",
        "201301": "4.66",
        "201302": "4.78",
        "201303": "4.72",
        "201304": "4.66",
        "201305": "6.31",
        "201306": "9.60",
        "201307": "12.21",
        "201308": "16.72",
        "201309": "16.93",
        "201310": "17.96",
        "201311": "15.29",
        "201312": "17.42",
        "201401": "30.78",
        "201402": "36.21",
        "201403": "42.15",
        "201404": "35.87",
        "201405": "32.50",
        "201406": "31.14",
        "201407": "36.25",
        "201408": "32.92",
        "201409": "30.61",
        "201410": "26.27",
        "201411": "27.58",
        "201412": "26.65",
        "201501": "29.20",
        "201502": "27.90",
        "201503": "26.37",
        "201504": "25.05",
        "201505": "26.60",
        "201506": "33.16",
        "201507": "32.16",
        "201508": "27.81",
        "201509": "29.90",
        "201510": "33.27",
        "201511": "35.74",
        "201512": "36.43",
        "201601": "29.17",
        "201602": "30.74",
        "201603": "32.62",
        "201604": "32.94",
        "201605": "27.09",
        "201606": "26.09",
        "201607": "27.48",
        "201608": "28.79",
        "201609": "29.42",
        "201610": "29.66",
        "201611": "27.89",
        "201612": "28.92",
        "201701": "37.72",
        "201702": "47.31",
        "201703": "45.57",
        "201704": "45.19",
        "201705": "44.50",
        "201706": "42.19",
        "201707": "40.99",
        "201708": "39.56",
        "201709": "38.21",
        "201710": "38.40",
        "201711": "39.38",
        "201712": "43.93",
        "201801": "45.54",
        "201802": "51.85",
        "201803": "60.33",
        "201804": "58.35",
        "201805": "59.76",
        "201806": "59.92",
        "201807": "56.92",
        "201808": "60.29",
        "201809": "59.73",
        "201810": "58.00",
        "201811": "55.67",
        "201812": "59.89",
        "201901": "62.49",
        "201902": "64.14",
        "201903": "64.85",
        "201904": "66.20",
        "201905": "59.89",
        "201906": "59.13",
        "201907": "59.00",
        "201908": "57.34",
        "201909": "56.84",
        "201910": "54.40",
        "201911": "54.87",
        "201912": "58.14",
        "202001": "54.79",
        "202002": "53.03",
        "202003": "42.87",
        "202004": "49.24",
        "202005": "51.34",
        "202006": "52.49",
        "202007": "55.18",
        "202008": "53.22",
        "202009": "51.85",
        "202010": "48.45",
        "202011": "48.65",
        "202012": "45.73",
        "202101": "44.35",
        "202102": "42.95",
        "202103": "43.76",
        "202104": "46.53",
        "202105": "43.29",
        "202106": "41.25",
        "202107": "40.25",
        "202108": "44.38",
        "202109": "41.22",
        "202110": "42.66",
        "202111": "50.85",
        "202112": "62.14",
        "202201": "57.36",
        "202202": "54.22",
        "202203": "50.82",
        "202204": "54.48",
        "202205": "51.25",
        "202206": "48.55",
        "202207": "42.00",
        "202208": "43.98",
        "202209": "47.70",
        "202210": "39.74",
        "202211": "42.40",
        "202212": "43.78",
        "202301": "40.60",
        "202302": "47.54",
        "202303": "47.02",
        "202304": "51.45",
        "202305": "53.52",
        "202306": "49.96"
    },
    "quarters": {
        "20011": {
            "year_quarter": 20011,
            "year": 2001,
            "quarter": 1,
            "eps": null,
            "eps_growth_year": null,
            "eps_4q": null,
            "eps_4q_growth_year": null,
            "roe": null,
            "roe_4q": 0,
            "gross_profit": null,
            "gross_margin": null,
            "gross_margin_4q_avg": 0,
            "net_income": null,
            "revenue": null,
            "common_shares": null,
            "book_valuer_per_share": null,
            "book_valuer_per_share_4q_avg": 0,
            "equity": null,
            "current_ratio": null,
            "debt_ratio": null,
            "inventory_turnover_ratio": null,
            "account_receivable_turnover_ratio": null,
            "reinvestment_rate": null,
            "research_to_sale_ratio": null,
            "price_fair": 0,
            "eps_avg_yearly": 0,
            "eps_latest_yearly": 0,
            "eps_growth_yearly": 0
        },
        "20012": {
            "year_quarter": 20012,
            "year": 2001,
            "quarter": 2,
            "eps": null,
            "eps_growth_year": null,
            "eps_4q": null,
            "eps_4q_growth_year": null,
            "roe": null,
            "roe_4q": 0,
            "gross_profit": null,
            "gross_margin": null,
            "gross_margin_4q_avg": 0,
            "net_income": null,
            "revenue": null,
            "common_shares": null,
            "book_valuer_per_share": null,
            "book_valuer_per_share_4q_avg": 0,
            "equity": null,
            "current_ratio": null,
            "debt_ratio": null,
            "inventory_turnover_ratio": null,
            "account_receivable_turnover_ratio": null,
            "reinvestment_rate": null,
            "research_to_sale_ratio": null,
            "price_fair": 0,
            "eps_avg_yearly": 0,
            "eps_latest_yearly": 0,
            "eps_growth_yearly": 0
        },
        "20013": {
            "year_quarter": 20013,
            "year": 2001,
            "quarter": 3,
            "eps": null,
            "eps_growth_year": null,
            "eps_4q": null,
            "eps_4q_growth_year": null,
            "roe": null,
            "roe_4q": 0,
            "gross_profit": null,
            "gross_margin": null,
            "gross_margin_4q_avg": 0,
            "net_income": null,
            "revenue": null,
            "common_shares": null,
            "book_valuer_per_share": null,
            "book_valuer_per_share_4q_avg": 0,
            "equity": null,
            "current_ratio": null,
            "debt_ratio": null,
            "inventory_turnover_ratio": null,
            "account_receivable_turnover_ratio": null,
            "reinvestment_rate": null,
            "research_to_sale_ratio": null,
            "price_fair": 0,
            "eps_avg_yearly": 0,
            "eps_latest_yearly": 0,
            "eps_growth_yearly": 0
        },
        "20014": {
            "year_quarter": 20014,
            "year": 2001,
            "quarter": 4,
            "eps": null,
            "eps_growth_year": null,
            "eps_4q": null,
            "eps_4q_growth_year": null,
            "roe": null,
            "roe_4q": 0,
            "gross_profit": null,
            "gross_margin": null,
            "gross_margin_4q_avg": 0,
            "net_income": null,
            "revenue": null,
            "common_shares": 120000,
            "book_valuer_per_share": 9.09,
            "book_valuer_per_share_4q_avg": 2.27,
            "equity": 109086,
            "current_ratio": 140.4,
            "debt_ratio": 70.92,
            "inventory_turnover_ratio": null,
            "account_receivable_turnover_ratio": null,
            "reinvestment_rate": null,
            "research_to_sale_ratio": null,
            "price_fair": 0,
            "eps_avg_yearly": 0,
            "eps_latest_yearly": 0,
            "eps_growth_yearly": 0
        },
        "20021": {
            "year_quarter": 20021,
            "year": 2002,
            "quarter": 1,
            "eps": null,
            "eps_growth_year": null,
            "eps_4q": null,
            "eps_4q_growth_year": null,
            "roe": null,
            "roe_4q": 0,
            "gross_profit": null,
            "gross_margin": null,
            "gross_margin_4q_avg": 0,
            "net_income": null,
            "revenue": null,
            "common_shares": null,
            "book_valuer_per_share": null,
            "book_valuer_per_share_4q_avg": 2.27,
            "equity": null,
            "current_ratio": null,
            "debt_ratio": null,
            "inventory_turnover_ratio": null,
            "account_receivable_turnover_ratio": null,
            "reinvestment_rate": null,
            "research_to_sale_ratio": null,
            "price_fair": 0,
            "eps_avg_yearly": 0,
            "eps_latest_yearly": 0,
            "eps_growth_yearly": 0
        },
        "20022": {
            "year_quarter": 20022,
            "year": 2002,
            "quarter": 2,
            "eps": null,
            "eps_growth_year": null,
            "eps_4q": null,
            "eps_4q_growth_year": null,
            "roe": null,
            "roe_4q": 0,
            "gross_profit": null,
            "gross_margin": null,
            "gross_margin_4q_avg": 0,
            "net_income": null,
            "revenue": null,
            "common_shares": null,
            "book_valuer_per_share": null,
            "book_valuer_per_share_4q_avg": 2.27,
            "equity": null,
            "current_ratio": null,
            "debt_ratio": null,
            "inventory_turnover_ratio": null,
            "account_receivable_turnover_ratio": null,
            "reinvestment_rate": null,
            "research_to_sale_ratio": null,
            "price_fair": 0,
            "eps_avg_yearly": 0,
            "eps_latest_yearly": 0,
            "eps_growth_yearly": 0
        },
        "20023": {
            "year_quarter": 20023,
            "year": 2002,
            "quarter": 3,
            "eps": null,
            "eps_growth_year": null,
            "eps_4q": null,
            "eps_4q_growth_year": null,
            "roe": null,
            "roe_4q": 0,
            "gross_profit": null,
            "gross_margin": null,
            "gross_margin_4q_avg": 0,
            "net_income": null,
            "revenue": null,
            "common_shares": null,
            "book_valuer_per_share": null,
            "book_valuer_per_share_4q_avg": 2.27,
            "equity": null,
            "current_ratio": null,
            "debt_ratio": null,
            "inventory_turnover_ratio": null,
            "account_receivable_turnover_ratio": null,
            "reinvestment_rate": null,
            "research_to_sale_ratio": null,
            "price_fair": 0,
            "eps_avg_yearly": 0,
            "eps_latest_yearly": 0,
            "eps_growth_yearly": 0
        },
        "20024": {
            "year_quarter": 20024,
            "year": 2002,
            "quarter": 4,
            "eps": null,
            "eps_growth_year": null,
            "eps_4q": null,
            "eps_4q_growth_year": null,
            "roe": null,
            "roe_4q": 0,
            "gross_profit": null,
            "gross_margin": null,
            "gross_margin_4q_avg": 0,
            "net_income": null,
            "revenue": null,
            "common_shares": 168000,
            "book_valuer_per_share": 12.47,
            "book_valuer_per_share_4q_avg": 3.12,
            "equity": 209452,
            "current_ratio": 176.72,
            "debt_ratio": 52.02,
            "inventory_turnover_ratio": null,
            "account_receivable_turnover_ratio": null,
            "reinvestment_rate": null,
            "research_to_sale_ratio": null,
            "price_fair": 0,
            "eps_avg_yearly": 0,
            "eps_latest_yearly": 0,
            "eps_growth_yearly": 0
        },
        "20031": {
            "year_quarter": 20031,
            "year": 2003,
            "quarter": 1,
            "eps": 0.57,
            "eps_growth_year": null,
            "eps_4q": null,
            "eps_4q_growth_year": null,
            "roe": 5.13,
            "roe_4q": 5.13,
            "gross_profit": 35185,
            "gross_margin": 9.85,
            "gross_margin_4q_avg": 2.46,
            "net_income": 11034,
            "revenue": 357031,
            "common_shares": 168000,
            "book_valuer_per_share": 13.12,
            "book_valuer_per_share_4q_avg": 6.4,
            "equity": 220486,
            "current_ratio": 144.76,
            "debt_ratio": 48.19,
            "inventory_turnover_ratio": 1.92,
            "account_receivable_turnover_ratio": null,
            "reinvestment_rate": null,
            "research_to_sale_ratio": null,
            "price_fair": 0,
            "eps_avg_yearly": 0,
            "eps_latest_yearly": 0,
            "eps_growth_yearly": 0
        },
        "20032": {
            "year_quarter": 20032,
            "year": 2003,
            "quarter": 2,
            "eps": 1.28,
            "eps_growth_year": null,
            "eps_4q": null,
            "eps_4q_growth_year": null,
            "roe": 10.82,
            "roe_4q": 15.95,
            "gross_profit": 61131,
            "gross_margin": 9.99,
            "gross_margin_4q_avg": 4.96,
            "net_income": 24962,
            "revenue": 611880,
            "common_shares": 168000,
            "book_valuer_per_share": 14.35,
            "book_valuer_per_share_4q_avg": 9.99,
            "equity": 241038,
            "current_ratio": 127.71,
            "debt_ratio": 63.55,
            "inventory_turnover_ratio": 3.08,
            "account_receivable_turnover_ratio": null,
            "reinvestment_rate": null,
            "research_to_sale_ratio": null,
            "price_fair": 179.2,
            "eps_avg_yearly": 5.12,
            "eps_latest_yearly": 5.12,
            "eps_growth_yearly": 498.25
        },
        "20033": {
            "year_quarter": 20033,
            "year": 2003,
            "quarter": 3,
            "eps": 1.32,
            "eps_growth_year": null,
            "eps_4q": null,
            "eps_4q_growth_year": null,
            "roe": 12.36,
            "roe_4q": 28.31,
            "gross_profit": 64139,
            "gross_margin": 8.88,
            "gross_margin_4q_avg": 7.18,
            "net_income": 31479,
            "revenue": 722355,
            "common_shares": 194700,
            "book_valuer_per_share": 13.78,
            "book_valuer_per_share_4q_avg": 13.43,
            "equity": 268281,
            "current_ratio": 125.96,
            "debt_ratio": 68.34,
            "inventory_turnover_ratio": 2.64,
            "account_receivable_turnover_ratio": null,
            "reinvestment_rate": null,
            "research_to_sale_ratio": null,
            "price_fair": 182,
            "eps_avg_yearly": 5.2,
            "eps_latest_yearly": 5.28,
            "eps_growth_yearly": 255.37
        },
        "20034": {
            "year_quarter": 20034,
            "year": 2003,
            "quarter": 4,
            "eps": 0.89,
            "eps_growth_year": null,
            "eps_4q": 4.34,
            "eps_4q_growth_year": null,
            "roe": 6.29,
            "roe_4q": 34.6,
            "gross_profit": 57810,
            "gross_margin": 7.73,
            "gross_margin_4q_avg": 9.11,
            "net_income": 17421,
            "revenue": 748235,
            "common_shares": 194700,
            "book_valuer_per_share": 14.69,
            "book_valuer_per_share_4q_avg": 13.99,
            "equity": 286074,
            "current_ratio": 130.78,
            "debt_ratio": 73.74,
            "inventory_turnover_ratio": 2.18,
            "account_receivable_turnover_ratio": null,
            "reinvestment_rate": null,
            "research_to_sale_ratio": null,
            "price_fair": 162.87,
            "eps_avg_yearly": 4.65,
            "eps_latest_yearly": 3.56,
            "eps_growth_yearly": 126.81
        },
        "20041": {
            "year_quarter": 20041,
            "year": 2004,
            "quarter": 1,
            "eps": 1.51,
            "eps_growth_year": 164.91,
            "eps_4q": 5.3,
            "eps_4q_growth_year": null,
            "roe": 9.83,
            "roe_4q": 39.3,
            "gross_profit": 64653,
            "gross_margin": 7.13,
            "gross_margin_4q_avg": 8.43,
            "net_income": 29437,
            "revenue": 907282,
            "common_shares": 194700,
            "book_valuer_per_share": 16.08,
            "book_valuer_per_share_4q_avg": 14.73,
            "equity": 313049,
            "current_ratio": 127.61,
            "debt_ratio": 69.4,
            "inventory_turnover_ratio": 2.67,
            "account_receivable_turnover_ratio": null,
            "reinvestment_rate": null,
            "research_to_sale_ratio": null,
            "price_fair": 175,
            "eps_avg_yearly": 5,
            "eps_latest_yearly": 6.04,
            "eps_growth_yearly": 164.77
        },
        "20042": {
            "year_quarter": 20042,
            "year": 2004,
            "quarter": 2,
            "eps": 0.52,
            "eps_growth_year": -59.38,
            "eps_4q": 3.8,
            "eps_4q_growth_year": null,
            "roe": 4,
            "roe_4q": 32.480000000000004,
            "gross_profit": 54342,
            "gross_margin": 7.34,
            "gross_margin_4q_avg": 7.77,
            "net_income": 12401,
            "revenue": 740150,
            "common_shares": 239000,
            "book_valuer_per_share": 12.86,
            "book_valuer_per_share_4q_avg": 14.35,
            "equity": 307400,
            "current_ratio": 127.17,
            "debt_ratio": 70.09,
            "inventory_turnover_ratio": 2.13,
            "account_receivable_turnover_ratio": null,
            "reinvestment_rate": null,
            "research_to_sale_ratio": null,
            "price_fair": 154.56,
            "eps_avg_yearly": 4.42,
            "eps_latest_yearly": 2.08,
            "eps_growth_yearly": 79.37
        },
        "20043": {
            "year_quarter": 20043,
            "year": 2004,
            "quarter": 3,
            "eps": 0.31,
            "eps_growth_year": -76.52,
            "eps_4q": 2.81,
            "eps_4q_growth_year": null,
            "roe": 2.35,
            "roe_4q": 22.47,
            "gross_profit": 52895,
            "gross_margin": 7.36,
            "gross_margin_4q_avg": 7.39,
            "net_income": 7346,
            "revenue": 718609,
            "common_shares": 239000,
            "book_valuer_per_share": 13.27,
            "book_valuer_per_share_4q_avg": 14.23,
            "equity": 317146,
            "current_ratio": 120.24,
            "debt_ratio": 76.91,
            "inventory_turnover_ratio": 1.21,
            "account_receivable_turnover_ratio": null,
            "reinvestment_rate": null,
            "research_to_sale_ratio": null,
            "price_fair": 136.03,
            "eps_avg_yearly": 3.89,
            "eps_latest_yearly": 1.24,
            "eps_growth_yearly": 39.22
        },
        "20044": {
            "year_quarter": 20044,
            "year": 2004,
            "quarter": 4,
            "eps": -0.48,
            "eps_growth_year": -153.93,
            "eps_4q": 1.6,
            "eps_4q_growth_year": -63.11,
            "roe": -3.77,
            "roe_4q": 12.41,
            "gross_profit": 26163,
            "gross_margin": 4.12,
            "gross_margin_4q_avg": 6.49,
            "net_income": -11330,
            "revenue": 635322,
            "common_shares": 239000,
            "book_valuer_per_share": 11.85,
            "book_valuer_per_share_4q_avg": 13.52,
            "equity": 283170,
            "current_ratio": 145.91,
            "debt_ratio": 65.56,
            "inventory_turnover_ratio": 1.24,
            "account_receivable_turnover_ratio": null,
            "reinvestment_rate": null,
            "research_to_sale_ratio": null,
            "price_fair": 136.03,
            "eps_avg_yearly": 3.89,
            "eps_latest_yearly": 1.24,
            "eps_growth_yearly": 39.22
        },
        "20051": {
            "year_quarter": 20051,
            "year": 2005,
            "quarter": 1,
            "eps": 0.75,
            "eps_growth_year": -50.33,
            "eps_4q": 1.11,
            "eps_4q_growth_year": -79.03,
            "roe": 5.99,
            "roe_4q": 8.57,
            "gross_profit": 39809,
            "gross_margin": 8.97,
            "gross_margin_4q_avg": 6.95,
            "net_income": 17472,
            "revenue": 443856,
            "common_shares": 239000,
            "book_valuer_per_share": 12.54,
            "book_valuer_per_share_4q_avg": 12.63,
            "equity": 299776,
            "current_ratio": 149.04,
            "debt_ratio": 58.27,
            "inventory_turnover_ratio": 1.89,
            "account_receivable_turnover_ratio": null,
            "reinvestment_rate": null,
            "research_to_sale_ratio": null,
            "price_fair": 136.03,
            "eps_avg_yearly": 3.89,
            "eps_latest_yearly": 1.24,
            "eps_growth_yearly": 39.22
        },
        "20052": {
            "year_quarter": 20052,
            "year": 2005,
            "quarter": 2,
            "eps": 0.52,
            "eps_growth_year": 0,
            "eps_4q": 1.04,
            "eps_4q_growth_year": -72.64,
            "roe": 4.63,
            "roe_4q": 9.200000000000001,
            "gross_profit": 34377,
            "gross_margin": 10.08,
            "gross_margin_4q_avg": 7.63,
            "net_income": 13465,
            "revenue": 341029,
            "common_shares": 239000,
            "book_valuer_per_share": 11.77,
            "book_valuer_per_share_4q_avg": 12.36,
            "equity": 281255,
            "current_ratio": 152.47,
            "debt_ratio": 55.04,
            "inventory_turnover_ratio": 1.61,
            "account_receivable_turnover_ratio": null,
            "reinvestment_rate": null,
            "research_to_sale_ratio": null,
            "price_fair": 94.67,
            "eps_avg_yearly": 3.63,
            "eps_latest_yearly": 2.08,
            "eps_growth_yearly": 16.09
        },
        "20053": {
            "year_quarter": 20053,
            "year": 2005,
            "quarter": 3,
            "eps": 0.77,
            "eps_growth_year": 148.39,
            "eps_4q": 1.54,
            "eps_4q_growth_year": -45.18,
            "roe": 6.7,
            "roe_4q": 13.55,
            "gross_profit": 46118,
            "gross_margin": 9.73,
            "gross_margin_4q_avg": 8.23,
            "net_income": 19584,
            "revenue": 473882,
            "common_shares": 266000,
            "book_valuer_per_share": 11.42,
            "book_valuer_per_share_4q_avg": 11.9,
            "equity": 303711,
            "current_ratio": 130.6,
            "debt_ratio": 61.87,
            "inventory_turnover_ratio": 2.07,
            "account_receivable_turnover_ratio": null,
            "reinvestment_rate": null,
            "research_to_sale_ratio": null,
            "price_fair": 124.6,
            "eps_avg_yearly": 3.56,
            "eps_latest_yearly": 3.08,
            "eps_growth_yearly": 38.12
        },
        "20054": {
            "year_quarter": 20054,
            "year": 2005,
            "quarter": 4,
            "eps": 0.34,
            "eps_growth_year": null,
            "eps_4q": 2.3,
            "eps_4q_growth_year": 43.62,
            "roe": 2.85,
            "roe_4q": 20.17,
            "gross_profit": 46612,
            "gross_margin": 9.3,
            "gross_margin_4q_avg": 9.52,
            "net_income": 8773,
            "revenue": 501118,
            "common_shares": 266000,
            "book_valuer_per_share": 11.7,
            "book_valuer_per_share_4q_avg": 11.86,
            "equity": 311327,
            "current_ratio": 129.05,
            "debt_ratio": 75.05,
            "inventory_turnover_ratio": 1.63,
            "account_receivable_turnover_ratio": null,
            "reinvestment_rate": null,
            "research_to_sale_ratio": null,
            "price_fair": 63.21,
            "eps_avg_yearly": 3.32,
            "eps_latest_yearly": 1.36,
            "eps_growth_yearly": 9.06
        },
        "20061": {
            "year_quarter": 20061,
            "year": 2006,
            "quarter": 1,
            "eps": 0.78,
            "eps_growth_year": 4,
            "eps_4q": 2.41,
            "eps_4q_growth_year": 117.24,
            "roe": 6.11,
            "roe_4q": 20.29,
            "gross_profit": 44298,
            "gross_margin": 8.61,
            "gross_margin_4q_avg": 9.43,
            "net_income": 19961,
            "revenue": 514709,
            "common_shares": 266000,
            "book_valuer_per_share": 12.85,
            "book_valuer_per_share_4q_avg": 11.94,
            "equity": 341863,
            "current_ratio": 144.56,
            "debt_ratio": 57.43,
            "inventory_turnover_ratio": 1.77,
            "account_receivable_turnover_ratio": null,
            "reinvestment_rate": null,
            "research_to_sale_ratio": null,
            "price_fair": 115.36,
            "eps_avg_yearly": 3.3,
            "eps_latest_yearly": 3.12,
            "eps_growth_yearly": 59.92
        },
        "20062": {
            "year_quarter": 20062,
            "year": 2006,
            "quarter": 2,
            "eps": 0.55,
            "eps_growth_year": 5.77,
            "eps_4q": 2.23,
            "eps_4q_growth_year": 113.83,
            "roe": 4.68,
            "roe_4q": 20.34,
            "gross_profit": 43803,
            "gross_margin": 9.36,
            "gross_margin_4q_avg": 9.25,
            "net_income": 15859,
            "revenue": 467737,
            "common_shares": 266000,
            "book_valuer_per_share": 12.65,
            "book_valuer_per_share_4q_avg": 12.16,
            "equity": 336413,
            "current_ratio": 136.09,
            "debt_ratio": 61.14,
            "inventory_turnover_ratio": 1.92,
            "account_receivable_turnover_ratio": null,
            "reinvestment_rate": null,
            "research_to_sale_ratio": null,
            "price_fair": 111.87,
            "eps_avg_yearly": 3.2,
            "eps_latest_yearly": 2.2,
            "eps_growth_yearly": 43.75
        },
        "20063": {
            "year_quarter": 20063,
            "year": 2006,
            "quarter": 3,
            "eps": 0.71,
            "eps_growth_year": -7.79,
            "eps_4q": 2.24,
            "eps_4q_growth_year": 45.66,
            "roe": 5.93,
            "roe_4q": 19.57,
            "gross_profit": 59956,
            "gross_margin": 10.21,
            "gross_margin_4q_avg": 9.37,
            "net_income": 20633,
            "revenue": 587038,
            "common_shares": 300000,
            "book_valuer_per_share": 11.99,
            "book_valuer_per_share_4q_avg": 12.3,
            "equity": 359568,
            "current_ratio": 145.68,
            "debt_ratio": 68.29,
            "inventory_turnover_ratio": 2.16,
            "account_receivable_turnover_ratio": null,
            "reinvestment_rate": null,
            "research_to_sale_ratio": null,
            "price_fair": 110.83,
            "eps_avg_yearly": 3.17,
            "eps_latest_yearly": 2.84,
            "eps_growth_yearly": 49.8
        },
        "20064": {
            "year_quarter": 20064,
            "year": 2006,
            "quarter": 4,
            "eps": 0.45,
            "eps_growth_year": 32.35,
            "eps_4q": 2.33,
            "eps_4q_growth_year": 1.59,
            "roe": 3.16,
            "roe_4q": 19.88,
            "gross_profit": 18116,
            "gross_margin": 3.69,
            "gross_margin_4q_avg": 7.97,
            "net_income": 13481,
            "revenue": 491455,
            "common_shares": 373625,
            "book_valuer_per_share": 13.22,
            "book_valuer_per_share_4q_avg": 12.68,
            "equity": 493766,
            "current_ratio": 149.44,
            "debt_ratio": 67.39,
            "inventory_turnover_ratio": 1.41,
            "account_receivable_turnover_ratio": null,
            "reinvestment_rate": 12.56,
            "research_to_sale_ratio": null,
            "price_fair": 107.15,
            "eps_avg_yearly": 3.06,
            "eps_latest_yearly": 1.8,
            "eps_growth_yearly": 34.7
        },
        "20071": {
            "year_quarter": 20071,
            "year": 2007,
            "quarter": 1,
            "eps": 0.57,
            "eps_growth_year": -26.92,
            "eps_4q": 1.9,
            "eps_4q_growth_year": -21.18,
            "roe": 4.15,
            "roe_4q": 17.92,
            "gross_profit": 41353,
            "gross_margin": 9.88,
            "gross_margin_4q_avg": 8.29,
            "net_income": 21371,
            "revenue": 418683,
            "common_shares": 375789,
            "book_valuer_per_share": 14.27,
            "book_valuer_per_share_4q_avg": 13.03,
            "equity": 536114,
            "current_ratio": 238.11,
            "debt_ratio": 39.51,
            "inventory_turnover_ratio": 1.19,
            "account_receivable_turnover_ratio": null,
            "reinvestment_rate": 12.56,
            "research_to_sale_ratio": null,
            "price_fair": 105.2,
            "eps_avg_yearly": 3.01,
            "eps_latest_yearly": 2.28,
            "eps_growth_yearly": 39.84
        },
        "20072": {
            "year_quarter": 20072,
            "year": 2007,
            "quarter": 2,
            "eps": 0.13,
            "eps_growth_year": -76.36,
            "eps_4q": 1.42,
            "eps_4q_growth_year": -36.32,
            "roe": 1.08,
            "roe_4q": 14.32,
            "gross_profit": 29670,
            "gross_margin": 8.08,
            "gross_margin_4q_avg": 7.97,
            "net_income": 5603,
            "revenue": 367226,
            "common_shares": 377719,
            "book_valuer_per_share": 13.32,
            "book_valuer_per_share_4q_avg": 13.2,
            "equity": 503173,
            "current_ratio": 200.39,
            "debt_ratio": 44.99,
            "inventory_turnover_ratio": 1.7,
            "account_receivable_turnover_ratio": null,
            "reinvestment_rate": 15.69,
            "research_to_sale_ratio": null,
            "price_fair": 8.03,
            "eps_avg_yearly": 2.68,
            "eps_latest_yearly": 0.52,
            "eps_growth_yearly": -17.8
        },
        "20073": {
            "year_quarter": 20073,
            "year": 2007,
            "quarter": 3,
            "eps": 0.21,
            "eps_growth_year": -70.42,
            "eps_4q": 1.18,
            "eps_4q_growth_year": -47.6,
            "roe": 1.73,
            "roe_4q": 10.120000000000001,
            "gross_profit": 34006,
            "gross_margin": 8.83,
            "gross_margin_4q_avg": 7.62,
            "net_income": 8793,
            "revenue": 385044,
            "common_shares": 423163,
            "book_valuer_per_share": 12.18,
            "book_valuer_per_share_4q_avg": 13.25,
            "equity": 515443,
            "current_ratio": 187.34,
            "debt_ratio": 42.72,
            "inventory_turnover_ratio": 1.94,
            "account_receivable_turnover_ratio": null,
            "reinvestment_rate": 17.3,
            "research_to_sale_ratio": null,
            "price_fair": 7.08,
            "eps_avg_yearly": 2.36,
            "eps_latest_yearly": 0.84,
            "eps_growth_yearly": -1.11
        },
        "20074": {
            "year_quarter": 20074,
            "year": 2007,
            "quarter": 4,
            "eps": -0.37,
            "eps_growth_year": -182.22,
            "eps_4q": 0.48,
            "eps_4q_growth_year": -79.44,
            "roe": -3.12,
            "roe_4q": 3.8400000000000003,
            "gross_profit": 14276,
            "gross_margin": 4.3,
            "gross_margin_4q_avg": 7.77,
            "net_income": -15674,
            "revenue": 331678,
            "common_shares": 423163,
            "book_valuer_per_share": 11.54,
            "book_valuer_per_share_4q_avg": 12.83,
            "equity": 488266,
            "current_ratio": 146.76,
            "debt_ratio": 64.43,
            "inventory_turnover_ratio": 1.14,
            "account_receivable_turnover_ratio": null,
            "reinvestment_rate": 22.07,
            "research_to_sale_ratio": null,
            "price_fair": 42.7,
            "eps_avg_yearly": 2.27,
            "eps_latest_yearly": 0.84,
            "eps_growth_yearly": 8.83
        },
        "20081": {
            "year_quarter": 20081,
            "year": 2008,
            "quarter": 1,
            "eps": -0.16,
            "eps_growth_year": -128.07,
            "eps_4q": -0.19,
            "eps_4q_growth_year": -110.08,
            "roe": -1.35,
            "roe_4q": -1.6600000000000006,
            "gross_profit": 81144,
            "gross_margin": 8.81,
            "gross_margin_4q_avg": 7.51,
            "net_income": -6416,
            "revenue": 921479,
            "common_shares": 423163,
            "book_valuer_per_share": 10.97,
            "book_valuer_per_share_4q_avg": 12,
            "equity": 464233,
            "current_ratio": 144.07,
            "debt_ratio": 65.59,
            "inventory_turnover_ratio": 2.12,
            "account_receivable_turnover_ratio": null,
            "reinvestment_rate": 28.85,
            "research_to_sale_ratio": null,
            "price_fair": 5.86,
            "eps_avg_yearly": 1.95,
            "eps_latest_yearly": 0.84,
            "eps_growth_yearly": -13.66
        },
        "20082": {
            "year_quarter": 20082,
            "year": 2008,
            "quarter": 2,
            "eps": -1.02,
            "eps_growth_year": -884.62,
            "eps_4q": -1.33,
            "eps_4q_growth_year": -193.65,
            "roe": -9.86,
            "roe_4q": -12.599999999999998,
            "gross_profit": 49059,
            "gross_margin": 5.29,
            "gross_margin_4q_avg": 6.81,
            "net_income": -42869,
            "revenue": 926992,
            "common_shares": 423163,
            "book_valuer_per_share": 9.58,
            "book_valuer_per_share_4q_avg": 11.07,
            "equity": 405287,
            "current_ratio": 134.58,
            "debt_ratio": 70.96,
            "inventory_turnover_ratio": 2.19,
            "account_receivable_turnover_ratio": null,
            "reinvestment_rate": 44.38,
            "research_to_sale_ratio": null,
            "price_fair": 36.78,
            "eps_avg_yearly": 1.94,
            "eps_latest_yearly": 0.84,
            "eps_growth_yearly": 8.94
        },
        "20083": {
            "year_quarter": 20083,
            "year": 2008,
            "quarter": 3,
            "eps": -0.09,
            "eps_growth_year": -142.86,
            "eps_4q": -1.58,
            "eps_4q_growth_year": -234.53,
            "roe": -0.88,
            "roe_4q": -15.21,
            "gross_profit": 74099,
            "gross_margin": 6.67,
            "gross_margin_4q_avg": 6.27,
            "net_income": -3581,
            "revenue": 1111413,
            "common_shares": 433163,
            "book_valuer_per_share": 9.51,
            "book_valuer_per_share_4q_avg": 10.4,
            "equity": 411722,
            "current_ratio": 130.33,
            "debt_ratio": 73.54,
            "inventory_turnover_ratio": 2.56,
            "account_receivable_turnover_ratio": null,
            "reinvestment_rate": 49.02,
            "research_to_sale_ratio": null,
            "price_fair": 70.42,
            "eps_avg_yearly": 2.01,
            "eps_latest_yearly": 0.84,
            "eps_growth_yearly": 25.99
        },
        "20084": {
            "year_quarter": 20084,
            "year": 2008,
            "quarter": 4,
            "eps": -1.09,
            "eps_growth_year": null,
            "eps_4q": -2.35,
            "eps_4q_growth_year": -589.58,
            "roe": -11.58,
            "roe_4q": -23.67,
            "gross_profit": 41236,
            "gross_margin": 6.47,
            "gross_margin_4q_avg": 6.81,
            "net_income": -45698,
            "revenue": 636882,
            "common_shares": 433163,
            "book_valuer_per_share": 8.72,
            "book_valuer_per_share_4q_avg": 9.7,
            "equity": 377506,
            "current_ratio": 153.04,
            "debt_ratio": 61.58,
            "inventory_turnover_ratio": 1.68,
            "account_receivable_turnover_ratio": 3.05,
            "reinvestment_rate": 72.84,
            "research_to_sale_ratio": null,
            "price_fair": 70.42,
            "eps_avg_yearly": 2.01,
            "eps_latest_yearly": 0.84,
            "eps_growth_yearly": 25.99
        },
        "20091": {
            "year_quarter": 20091,
            "year": 2009,
            "quarter": 1,
            "eps": -0.19,
            "eps_growth_year": null,
            "eps_4q": -2.31,
            "eps_4q_growth_year": null,
            "roe": -2.16,
            "roe_4q": -24.48,
            "gross_profit": 50272,
            "gross_margin": 9.87,
            "gross_margin_4q_avg": 7.08,
            "net_income": -8082,
            "revenue": 509225,
            "common_shares": 433163,
            "book_valuer_per_share": 8.54,
            "book_valuer_per_share_4q_avg": 9.09,
            "equity": 370084,
            "current_ratio": 167.2,
            "debt_ratio": 55.89,
            "inventory_turnover_ratio": 1.79,
            "account_receivable_turnover_ratio": 1.35,
            "reinvestment_rate": 141.44,
            "research_to_sale_ratio": null,
            "price_fair": 70.42,
            "eps_avg_yearly": 2.01,
            "eps_latest_yearly": 0.84,
            "eps_growth_yearly": 25.99
        },
        "20092": {
            "year_quarter": 20092,
            "year": 2009,
            "quarter": 2,
            "eps": -0.93,
            "eps_growth_year": null,
            "eps_4q": -2.22,
            "eps_4q_growth_year": null,
            "roe": -11.13,
            "roe_4q": -25.75,
            "gross_profit": 54802,
            "gross_margin": 9.94,
            "gross_margin_4q_avg": 8.24,
            "net_income": -38978,
            "revenue": 551458,
            "common_shares": 433163,
            "book_valuer_per_share": 7.62,
            "book_valuer_per_share_4q_avg": 8.6,
            "equity": 330064,
            "current_ratio": 163.67,
            "debt_ratio": 56.69,
            "inventory_turnover_ratio": 2.52,
            "account_receivable_turnover_ratio": 1.67,
            "reinvestment_rate": null,
            "research_to_sale_ratio": null,
            "price_fair": 70.16,
            "eps_avg_yearly": 2,
            "eps_latest_yearly": 0.84,
            "eps_growth_yearly": 42.51
        },
        "20093": {
            "year_quarter": 20093,
            "year": 2009,
            "quarter": 3,
            "eps": 0.26,
            "eps_growth_year": null,
            "eps_4q": -1.95,
            "eps_4q_growth_year": null,
            "roe": 3.27,
            "roe_4q": -21.6,
            "gross_profit": 81455,
            "gross_margin": 11.08,
            "gross_margin_4q_avg": 9.34,
            "net_income": 10917,
            "revenue": 735264,
            "common_shares": 433163,
            "book_valuer_per_share": 7.81,
            "book_valuer_per_share_4q_avg": 8.17,
            "equity": 338262,
            "current_ratio": 148.57,
            "debt_ratio": 63.09,
            "inventory_turnover_ratio": 3.83,
            "account_receivable_turnover_ratio": 2.06,
            "reinvestment_rate": null,
            "research_to_sale_ratio": null,
            "price_fair": 63.17,
            "eps_avg_yearly": 1.87,
            "eps_latest_yearly": 0.84,
            "eps_growth_yearly": 23.78
        },
        "20094": {
            "year_quarter": 20094,
            "year": 2009,
            "quarter": 4,
            "eps": 0.05,
            "eps_growth_year": null,
            "eps_4q": -0.81,
            "eps_4q_growth_year": null,
            "roe": 0.58,
            "roe_4q": -9.440000000000001,
            "gross_profit": 70774,
            "gross_margin": 9.95,
            "gross_margin_4q_avg": 10.21,
            "net_income": 1971,
            "revenue": 711203,
            "common_shares": 433163,
            "book_valuer_per_share": 8.1,
            "book_valuer_per_share_4q_avg": 8.02,
            "equity": 340030,
            "current_ratio": 143.6,
            "debt_ratio": 65.47,
            "inventory_turnover_ratio": 3.46,
            "account_receivable_turnover_ratio": 2.71,
            "reinvestment_rate": null,
            "research_to_sale_ratio": null,
            "price_fair": 36.78,
            "eps_avg_yearly": 1.73,
            "eps_latest_yearly": 0.2,
            "eps_growth_yearly": 11.32
        },
        "20101": {
            "year_quarter": 20101,
            "year": 2010,
            "quarter": 1,
            "eps": 0.13,
            "eps_growth_year": null,
            "eps_4q": -0.48,
            "eps_4q_growth_year": null,
            "roe": 1.58,
            "roe_4q": -5.700000000000001,
            "gross_profit": 77684,
            "gross_margin": 9.46,
            "gross_margin_4q_avg": 10.11,
            "net_income": 5412,
            "revenue": 820767,
            "common_shares": 433163,
            "book_valuer_per_share": 7.94,
            "book_valuer_per_share_4q_avg": 7.87,
            "equity": 343852,
            "current_ratio": 141.13,
            "debt_ratio": 66.86,
            "inventory_turnover_ratio": 3.6,
            "account_receivable_turnover_ratio": 1.58,
            "reinvestment_rate": null,
            "research_to_sale_ratio": null,
            "price_fair": 49,
            "eps_avg_yearly": 1.4,
            "eps_latest_yearly": 0.52,
            "eps_growth_yearly": 26.61
        },
        "20102": {
            "year_quarter": 20102,
            "year": 2010,
            "quarter": 2,
            "eps": 0.67,
            "eps_growth_year": null,
            "eps_4q": 1.11,
            "eps_4q_growth_year": null,
            "roe": 7.84,
            "roe_4q": 13.27,
            "gross_profit": 102658,
            "gross_margin": 12.12,
            "gross_margin_4q_avg": 10.65,
            "net_income": 28218,
            "revenue": 847008,
            "common_shares": 433163,
            "book_valuer_per_share": 8.95,
            "book_valuer_per_share_4q_avg": 8.2,
            "equity": 375855,
            "current_ratio": 144.42,
            "debt_ratio": 65.58,
            "inventory_turnover_ratio": 3.17,
            "account_receivable_turnover_ratio": 1.63,
            "reinvestment_rate": null,
            "research_to_sale_ratio": null,
            "price_fair": 51.1,
            "eps_avg_yearly": 1.46,
            "eps_latest_yearly": 2.68,
            "eps_growth_yearly": 249.05
        },
        "20103": {
            "year_quarter": 20103,
            "year": 2010,
            "quarter": 3,
            "eps": 0.25,
            "eps_growth_year": -2.93,
            "eps_4q": 1.1,
            "eps_4q_growth_year": null,
            "roe": 2.78,
            "roe_4q": 12.78,
            "gross_profit": 83614,
            "gross_margin": 10.72,
            "gross_margin_4q_avg": 10.56,
            "net_income": 10601,
            "revenue": 780156,
            "common_shares": 433249,
            "book_valuer_per_share": 9.24,
            "book_valuer_per_share_4q_avg": 8.56,
            "equity": 387944,
            "current_ratio": 146.22,
            "debt_ratio": 64.92,
            "inventory_turnover_ratio": 2.75,
            "account_receivable_turnover_ratio": 1.46,
            "reinvestment_rate": null,
            "research_to_sale_ratio": null,
            "price_fair": 43.05,
            "eps_avg_yearly": 1.23,
            "eps_latest_yearly": 1,
            "eps_growth_yearly": 203.16
        },
        "20104": {
            "year_quarter": 20104,
            "year": 2010,
            "quarter": 4,
            "eps": -0.05,
            "eps_growth_year": -204.23,
            "eps_4q": 1,
            "eps_4q_growth_year": null,
            "roe": -0.58,
            "roe_4q": 11.62,
            "gross_profit": 67053,
            "gross_margin": 11.07,
            "gross_margin_4q_avg": 10.84,
            "net_income": -2189,
            "revenue": 605788,
            "common_shares": 433249,
            "book_valuer_per_share": 8.75,
            "book_valuer_per_share_4q_avg": 8.72,
            "equity": 367535,
            "current_ratio": 154.82,
            "debt_ratio": 60.87,
            "inventory_turnover_ratio": 2.49,
            "account_receivable_turnover_ratio": 1.24,
            "reinvestment_rate": null,
            "research_to_sale_ratio": null,
            "price_fair": 40.2,
            "eps_avg_yearly": 1.15,
            "eps_latest_yearly": 1,
            "eps_growth_yearly": 253.11
        },
        "20111": {
            "year_quarter": 20111,
            "year": 2011,
            "quarter": 1,
            "eps": -0.26,
            "eps_growth_year": -300,
            "eps_4q": 0.61,
            "eps_4q_growth_year": null,
            "roe": -3,
            "roe_4q": 7.039999999999999,
            "gross_profit": 59148,
            "gross_margin": 10.53,
            "gross_margin_4q_avg": 11.11,
            "net_income": -10946,
            "revenue": 561921,
            "common_shares": 420039,
            "book_valuer_per_share": 8.61,
            "book_valuer_per_share_4q_avg": 8.89,
            "equity": 361777,
            "current_ratio": 153.22,
            "debt_ratio": 61.53,
            "inventory_turnover_ratio": 2.74,
            "account_receivable_turnover_ratio": 1.3,
            "reinvestment_rate": null,
            "research_to_sale_ratio": null,
            "price_fair": 33.6,
            "eps_avg_yearly": 0.96,
            "eps_latest_yearly": 1,
            "eps_growth_yearly": 277.52
        },
        "20112": {
            "year_quarter": 20112,
            "year": 2011,
            "quarter": 2,
            "eps": -0.14,
            "eps_growth_year": -120.73,
            "eps_4q": -0.2,
            "eps_4q_growth_year": -118.02,
            "roe": -1.64,
            "roe_4q": -2.44,
            "gross_profit": 58902,
            "gross_margin": 10.34,
            "gross_margin_4q_avg": 10.67,
            "net_income": -5850,
            "revenue": 569674,
            "common_shares": 420039,
            "book_valuer_per_share": 8.42,
            "book_valuer_per_share_4q_avg": 8.76,
            "equity": 353801,
            "current_ratio": 146.95,
            "debt_ratio": 64.33,
            "inventory_turnover_ratio": 2.64,
            "account_receivable_turnover_ratio": 1.31,
            "reinvestment_rate": null,
            "research_to_sale_ratio": null,
            "price_fair": 36.68,
            "eps_avg_yearly": 1.05,
            "eps_latest_yearly": 1,
            "eps_growth_yearly": 394.77
        },
        "20113": {
            "year_quarter": 20113,
            "year": 2011,
            "quarter": 3,
            "eps": -0.19,
            "eps_growth_year": -175.29,
            "eps_4q": -0.64,
            "eps_4q_growth_year": -158.36,
            "roe": -2.24,
            "roe_4q": -7.46,
            "gross_profit": 56014,
            "gross_margin": 8.68,
            "gross_margin_4q_avg": 10.16,
            "net_income": -7981,
            "revenue": 645182,
            "common_shares": 420039,
            "book_valuer_per_share": 8.51,
            "book_valuer_per_share_4q_avg": 8.57,
            "equity": 357626,
            "current_ratio": 143.82,
            "debt_ratio": 65.95,
            "inventory_turnover_ratio": 2.9,
            "account_receivable_turnover_ratio": 1.35,
            "reinvestment_rate": null,
            "research_to_sale_ratio": null,
            "price_fair": 38.5,
            "eps_avg_yearly": 1.1,
            "eps_latest_yearly": 1,
            "eps_growth_yearly": 431.93
        },
        "20114": {
            "year_quarter": 20114,
            "year": 2011,
            "quarter": 4,
            "eps": -0.57,
            "eps_growth_year": null,
            "eps_4q": -1.16,
            "eps_4q_growth_year": -216.07,
            "roe": -6.98,
            "roe_4q": -13.860000000000001,
            "gross_profit": 51052,
            "gross_margin": 9.2,
            "gross_margin_4q_avg": 9.69,
            "net_income": -24022,
            "revenue": 554800,
            "common_shares": 420039,
            "book_valuer_per_share": 7.88,
            "book_valuer_per_share_4q_avg": 8.36,
            "equity": 331133,
            "current_ratio": 142.48,
            "debt_ratio": 65.81,
            "inventory_turnover_ratio": 2.42,
            "account_receivable_turnover_ratio": 1.14,
            "reinvestment_rate": null,
            "research_to_sale_ratio": null,
            "price_fair": 38.5,
            "eps_avg_yearly": 1.1,
            "eps_latest_yearly": 1,
            "eps_growth_yearly": 431.93
        },
        "20121": {
            "year_quarter": 20121,
            "year": 2012,
            "quarter": 1,
            "eps": -0.33,
            "eps_growth_year": null,
            "eps_4q": -1.23,
            "eps_4q_growth_year": -301.19,
            "roe": -4.28,
            "roe_4q": -15.140000000000002,
            "gross_profit": 57639,
            "gross_margin": 9.73,
            "gross_margin_4q_avg": 9.49,
            "net_income": -13821,
            "revenue": 592410,
            "common_shares": 420039,
            "book_valuer_per_share": 7.49,
            "book_valuer_per_share_4q_avg": 8.08,
            "equity": 314504,
            "current_ratio": 142.27,
            "debt_ratio": 65.62,
            "inventory_turnover_ratio": 2.82,
            "account_receivable_turnover_ratio": 1.27,
            "reinvestment_rate": null,
            "research_to_sale_ratio": null,
            "price_fair": 38.5,
            "eps_avg_yearly": 1.1,
            "eps_latest_yearly": 1,
            "eps_growth_yearly": 431.93
        },
        "20122": {
            "year_quarter": 20122,
            "year": 2012,
            "quarter": 2,
            "eps": -0.24,
            "eps_growth_year": null,
            "eps_4q": -1.33,
            "eps_4q_growth_year": null,
            "roe": -3.21,
            "roe_4q": -16.71,
            "gross_profit": 52852,
            "gross_margin": 8.95,
            "gross_margin_4q_avg": 9.14,
            "net_income": -9945,
            "revenue": 590347,
            "common_shares": 420039,
            "book_valuer_per_share": 7.28,
            "book_valuer_per_share_4q_avg": 7.79,
            "equity": 305907,
            "current_ratio": 140.69,
            "debt_ratio": 67.13,
            "inventory_turnover_ratio": 2.98,
            "account_receivable_turnover_ratio": 1.28,
            "reinvestment_rate": null,
            "research_to_sale_ratio": null,
            "price_fair": 38.5,
            "eps_avg_yearly": 1.1,
            "eps_latest_yearly": 1,
            "eps_growth_yearly": 431.93
        },
        "20123": {
            "year_quarter": 20123,
            "year": 2012,
            "quarter": 3,
            "eps": -0.32,
            "eps_growth_year": null,
            "eps_4q": -1.45,
            "eps_4q_growth_year": null,
            "roe": -4.44,
            "roe_4q": -18.91,
            "gross_profit": 55460,
            "gross_margin": 9.04,
            "gross_margin_4q_avg": 9.23,
            "net_income": -13296,
            "revenue": 613498,
            "common_shares": 420039,
            "book_valuer_per_share": 6.97,
            "book_valuer_per_share_4q_avg": 7.41,
            "equity": 292702,
            "current_ratio": 146.64,
            "debt_ratio": 66.27,
            "inventory_turnover_ratio": 3.15,
            "account_receivable_turnover_ratio": 1.4,
            "reinvestment_rate": null,
            "research_to_sale_ratio": null,
            "price_fair": 38.5,
            "eps_avg_yearly": 1.1,
            "eps_latest_yearly": 1,
            "eps_growth_yearly": 431.93
        },
        "20124": {
            "year_quarter": 20124,
            "year": 2012,
            "quarter": 4,
            "eps": -0.17,
            "eps_growth_year": null,
            "eps_4q": -1.06,
            "eps_4q_growth_year": null,
            "roe": -2.58,
            "roe_4q": -14.510000000000002,
            "gross_profit": 44066,
            "gross_margin": 7.97,
            "gross_margin_4q_avg": 8.92,
            "net_income": -7314,
            "revenue": 552701,
            "common_shares": 420039,
            "book_valuer_per_share": 6.54,
            "book_valuer_per_share_4q_avg": 7.07,
            "equity": 274534,
            "current_ratio": 142.73,
            "debt_ratio": 67.4,
            "inventory_turnover_ratio": 3.04,
            "account_receivable_turnover_ratio": 1.27,
            "reinvestment_rate": null,
            "research_to_sale_ratio": null,
            "price_fair": 38.5,
            "eps_avg_yearly": 1.1,
            "eps_latest_yearly": 1,
            "eps_growth_yearly": 431.93
        },
        "20131": {
            "year_quarter": 20131,
            "year": 2013,
            "quarter": 1,
            "eps": -0.01,
            "eps_growth_year": null,
            "eps_4q": -0.74,
            "eps_4q_growth_year": null,
            "roe": -0.15,
            "roe_4q": -10.379999999999999,
            "gross_profit": 53767,
            "gross_margin": 10.19,
            "gross_margin_4q_avg": 9.04,
            "net_income": -404,
            "revenue": 527781,
            "common_shares": 420039,
            "book_valuer_per_share": 6.58,
            "book_valuer_per_share_4q_avg": 6.84,
            "equity": 276185,
            "current_ratio": 144.87,
            "debt_ratio": 66.63,
            "inventory_turnover_ratio": 2.74,
            "account_receivable_turnover_ratio": 1.22,
            "reinvestment_rate": null,
            "research_to_sale_ratio": null,
            "price_fair": 38.5,
            "eps_avg_yearly": 1.1,
            "eps_latest_yearly": 1,
            "eps_growth_yearly": 431.93
        },
        "20132": {
            "year_quarter": 20132,
            "year": 2013,
            "quarter": 2,
            "eps": 0.08,
            "eps_growth_year": null,
            "eps_4q": -0.42,
            "eps_4q_growth_year": null,
            "roe": 1.25,
            "roe_4q": -5.92,
            "gross_profit": 58487,
            "gross_margin": 10.35,
            "gross_margin_4q_avg": 9.39,
            "net_income": 3483,
            "revenue": 565039,
            "common_shares": 420039,
            "book_valuer_per_share": 6.65,
            "book_valuer_per_share_4q_avg": 6.69,
            "equity": 279441,
            "current_ratio": 146.98,
            "debt_ratio": 65.19,
            "inventory_turnover_ratio": 3.83,
            "account_receivable_turnover_ratio": 1.33,
            "reinvestment_rate": null,
            "research_to_sale_ratio": null,
            "price_fair": 38.5,
            "eps_avg_yearly": 1.1,
            "eps_latest_yearly": 1,
            "eps_growth_yearly": 431.93
        },
        "20133": {
            "year_quarter": 20133,
            "year": 2013,
            "quarter": 3,
            "eps": 0.21,
            "eps_growth_year": null,
            "eps_4q": 0.1,
            "eps_4q_growth_year": null,
            "roe": 3.01,
            "roe_4q": 1.5299999999999994,
            "gross_profit": 59607,
            "gross_margin": 10.75,
            "gross_margin_4q_avg": 9.82,
            "net_income": 8494,
            "revenue": 554649,
            "common_shares": 420039,
            "book_valuer_per_share": 6.8,
            "book_valuer_per_share_4q_avg": 6.64,
            "equity": 285597,
            "current_ratio": 144.29,
            "debt_ratio": 66.3,
            "inventory_turnover_ratio": 4.86,
            "account_receivable_turnover_ratio": 1.28,
            "reinvestment_rate": null,
            "research_to_sale_ratio": null,
            "price_fair": 36.68,
            "eps_avg_yearly": 1.05,
            "eps_latest_yearly": 0.84,
            "eps_growth_yearly": 475.54
        },
        "20134": {
            "year_quarter": 20134,
            "year": 2013,
            "quarter": 4,
            "eps": -0.19,
            "eps_growth_year": null,
            "eps_4q": 0.2,
            "eps_4q_growth_year": null,
            "roe": -1.99,
            "roe_4q": 2.1199999999999997,
            "gross_profit": 47311,
            "gross_margin": 9.85,
            "gross_margin_4q_avg": 10.29,
            "net_income": -5656,
            "revenue": 480122,
            "common_shares": 300000,
            "book_valuer_per_share": 9.38,
            "book_valuer_per_share_4q_avg": 7.35,
            "equity": 281533,
            "current_ratio": 154.14,
            "debt_ratio": 61.9,
            "inventory_turnover_ratio": 4.05,
            "account_receivable_turnover_ratio": 1.19,
            "reinvestment_rate": null,
            "research_to_sale_ratio": null,
            "price_fair": 44.1,
            "eps_avg_yearly": 1.26,
            "eps_latest_yearly": 0.84,
            "eps_growth_yearly": 675.2
        },
        "20141": {
            "year_quarter": 20141,
            "year": 2014,
            "quarter": 1,
            "eps": 0.28,
            "eps_growth_year": null,
            "eps_4q": 0.49,
            "eps_4q_growth_year": null,
            "roe": 2.89,
            "roe_4q": 5.16,
            "gross_profit": 57667,
            "gross_margin": 11.28,
            "gross_margin_4q_avg": 10.56,
            "net_income": 8326,
            "revenue": 511068,
            "common_shares": 300000,
            "book_valuer_per_share": 9.83,
            "book_valuer_per_share_4q_avg": 8.17,
            "equity": 294889,
            "current_ratio": 159.04,
            "debt_ratio": 60.02,
            "inventory_turnover_ratio": 4.74,
            "account_receivable_turnover_ratio": 1.33,
            "reinvestment_rate": null,
            "research_to_sale_ratio": null,
            "price_fair": 52.73,
            "eps_avg_yearly": 1.51,
            "eps_latest_yearly": 0.84,
            "eps_growth_yearly": 686.93
        },
        "20142": {
            "year_quarter": 20142,
            "year": 2014,
            "quarter": 2,
            "eps": 0.07,
            "eps_growth_year": -12.5,
            "eps_4q": 0.44,
            "eps_4q_growth_year": null,
            "roe": 0.71,
            "roe_4q": 4.62,
            "gross_profit": 54124,
            "gross_margin": 11.12,
            "gross_margin_4q_avg": 10.75,
            "net_income": 2099,
            "revenue": 486713,
            "common_shares": 300000,
            "book_valuer_per_share": 9.77,
            "book_valuer_per_share_4q_avg": 8.95,
            "equity": 293085,
            "current_ratio": 159.03,
            "debt_ratio": 60.27,
            "inventory_turnover_ratio": 4.55,
            "account_receivable_turnover_ratio": 1.26,
            "reinvestment_rate": null,
            "research_to_sale_ratio": null,
            "price_fair": 24.73,
            "eps_avg_yearly": 0.71,
            "eps_latest_yearly": 0.28,
            "eps_growth_yearly": 33.08
        },
        "20143": {
            "year_quarter": 20143,
            "year": 2014,
            "quarter": 3,
            "eps": 0.11,
            "eps_growth_year": -47.62,
            "eps_4q": 0.27,
            "eps_4q_growth_year": 166.19,
            "roe": 1.11,
            "roe_4q": 2.7199999999999998,
            "gross_profit": 48747,
            "gross_margin": 9.32,
            "gross_margin_4q_avg": 10.39,
            "net_income": 3328,
            "revenue": 522983,
            "common_shares": 300000,
            "book_valuer_per_share": 10.15,
            "book_valuer_per_share_4q_avg": 9.78,
            "equity": 304512,
            "current_ratio": 221.73,
            "debt_ratio": 61.94,
            "inventory_turnover_ratio": 4.1,
            "account_receivable_turnover_ratio": 1.33,
            "reinvestment_rate": null,
            "research_to_sale_ratio": null,
            "price_fair": 18.2,
            "eps_avg_yearly": 0.52,
            "eps_latest_yearly": 0.44,
            "eps_growth_yearly": 192.86
        },
        "20144": {
            "year_quarter": 20144,
            "year": 2014,
            "quarter": 4,
            "eps": 0.14,
            "eps_growth_year": null,
            "eps_4q": 0.6,
            "eps_4q_growth_year": 204.56,
            "roe": 1.38,
            "roe_4q": 6.09,
            "gross_profit": 50659,
            "gross_margin": 9.71,
            "gross_margin_4q_avg": 10.36,
            "net_income": 4268,
            "revenue": 521850,
            "common_shares": 300000,
            "book_valuer_per_share": 10.48,
            "book_valuer_per_share_4q_avg": 10.06,
            "equity": 314543,
            "current_ratio": 196.49,
            "debt_ratio": 64.85,
            "inventory_turnover_ratio": 3.15,
            "account_receivable_turnover_ratio": 1.27,
            "reinvestment_rate": null,
            "research_to_sale_ratio": null,
            "price_fair": 18.55,
            "eps_avg_yearly": 0.53,
            "eps_latest_yearly": 0.56,
            "eps_growth_yearly": 171.92
        },
        "20151": {
            "year_quarter": 20151,
            "year": 2015,
            "quarter": 1,
            "eps": -0.1,
            "eps_growth_year": -135.71,
            "eps_4q": 0.16,
            "eps_4q_growth_year": -66.78,
            "roe": -0.78,
            "roe_4q": 2.42,
            "gross_profit": 51690,
            "gross_margin": 9.88,
            "gross_margin_4q_avg": 10.01,
            "net_income": -3207,
            "revenue": 522961,
            "common_shares": 400000,
            "book_valuer_per_share": 12.78,
            "book_valuer_per_share_4q_avg": 10.8,
            "equity": 511215,
            "current_ratio": 280.38,
            "debt_ratio": 47.42,
            "inventory_turnover_ratio": 2.92,
            "account_receivable_turnover_ratio": 1.28,
            "reinvestment_rate": null,
            "research_to_sale_ratio": null,
            "price_fair": 18.55,
            "eps_avg_yearly": 0.53,
            "eps_latest_yearly": 0.56,
            "eps_growth_yearly": 171.92
        },
        "20152": {
            "year_quarter": 20152,
            "year": 2015,
            "quarter": 2,
            "eps": -0.11,
            "eps_growth_year": -257.14,
            "eps_4q": -0,
            "eps_4q_growth_year": -100.78,
            "roe": -0.89,
            "roe_4q": 0.8200000000000001,
            "gross_profit": 48123,
            "gross_margin": 9.72,
            "gross_margin_4q_avg": 9.66,
            "net_income": -4527,
            "revenue": 494866,
            "common_shares": 400000,
            "book_valuer_per_share": 12.62,
            "book_valuer_per_share_4q_avg": 11.51,
            "equity": 504629,
            "current_ratio": 308.63,
            "debt_ratio": 45.15,
            "inventory_turnover_ratio": 2.99,
            "account_receivable_turnover_ratio": 1.2,
            "reinvestment_rate": null,
            "research_to_sale_ratio": null,
            "price_fair": 18.55,
            "eps_avg_yearly": 0.53,
            "eps_latest_yearly": 0.56,
            "eps_growth_yearly": 171.92
        },
        "20153": {
            "year_quarter": 20153,
            "year": 2015,
            "quarter": 3,
            "eps": 0.3,
            "eps_growth_year": 172.73,
            "eps_4q": 0.21,
            "eps_4q_growth_year": -21.8,
            "roe": 2.31,
            "roe_4q": 2.0199999999999996,
            "gross_profit": 54039,
            "gross_margin": 9.32,
            "gross_margin_4q_avg": 9.66,
            "net_income": 11909,
            "revenue": 580052,
            "common_shares": 400000,
            "book_valuer_per_share": 13.2,
            "book_valuer_per_share_4q_avg": 12.27,
            "equity": 528026,
            "current_ratio": 187.62,
            "debt_ratio": 47.99,
            "inventory_turnover_ratio": 3.67,
            "account_receivable_turnover_ratio": 1.27,
            "reinvestment_rate": null,
            "research_to_sale_ratio": null,
            "price_fair": 18.55,
            "eps_avg_yearly": 0.53,
            "eps_latest_yearly": 0.56,
            "eps_growth_yearly": 171.92
        },
        "20154": {
            "year_quarter": 20154,
            "year": 2015,
            "quarter": 4,
            "eps": -0.06,
            "eps_growth_year": -142.56,
            "eps_4q": 0.04,
            "eps_4q_growth_year": -92.7,
            "roe": -0.46,
            "roe_4q": 0.18000000000000005,
            "gross_profit": 43276,
            "gross_margin": 7.79,
            "gross_margin_4q_avg": 9.18,
            "net_income": -2422,
            "revenue": 555522,
            "common_shares": 400000,
            "book_valuer_per_share": 13.12,
            "book_valuer_per_share_4q_avg": 12.93,
            "equity": 524869,
            "current_ratio": 183.7,
            "debt_ratio": 49.22,
            "inventory_turnover_ratio": 3.64,
            "account_receivable_turnover_ratio": 1.15,
            "reinvestment_rate": null,
            "research_to_sale_ratio": null,
            "price_fair": 18.55,
            "eps_avg_yearly": 0.53,
            "eps_latest_yearly": 0.56,
            "eps_growth_yearly": 171.92
        },
        "20161": {
            "year_quarter": 20161,
            "year": 2016,
            "quarter": 1,
            "eps": -0.39,
            "eps_growth_year": null,
            "eps_4q": -0.27,
            "eps_4q_growth_year": -265.06,
            "roe": -3.03,
            "roe_4q": -2.07,
            "gross_profit": 40346,
            "gross_margin": 7.93,
            "gross_margin_4q_avg": 8.69,
            "net_income": -15669,
            "revenue": 508800,
            "common_shares": 400000,
            "book_valuer_per_share": 12.71,
            "book_valuer_per_share_4q_avg": 12.91,
            "equity": 508398,
            "current_ratio": 184.6,
            "debt_ratio": 48.56,
            "inventory_turnover_ratio": 3.14,
            "account_receivable_turnover_ratio": 1.2,
            "reinvestment_rate": null,
            "research_to_sale_ratio": null,
            "price_fair": 18.55,
            "eps_avg_yearly": 0.53,
            "eps_latest_yearly": 0.56,
            "eps_growth_yearly": 171.92
        },
        "20162": {
            "year_quarter": 20162,
            "year": 2016,
            "quarter": 2,
            "eps": -0.5,
            "eps_growth_year": null,
            "eps_4q": -0.65,
            "eps_4q_growth_year": null,
            "roe": -3.99,
            "roe_4q": -5.17,
            "gross_profit": 28208,
            "gross_margin": 5.74,
            "gross_margin_4q_avg": 7.7,
            "net_income": -19916,
            "revenue": 491632,
            "common_shares": 400000,
            "book_valuer_per_share": 12.22,
            "book_valuer_per_share_4q_avg": 12.81,
            "equity": 488709,
            "current_ratio": 181.15,
            "debt_ratio": 49.27,
            "inventory_turnover_ratio": 3.2,
            "account_receivable_turnover_ratio": 1.32,
            "reinvestment_rate": null,
            "research_to_sale_ratio": null,
            "price_fair": 18.55,
            "eps_avg_yearly": 0.53,
            "eps_latest_yearly": 0.56,
            "eps_growth_yearly": 171.92
        },
        "20163": {
            "year_quarter": 20163,
            "year": 2016,
            "quarter": 3,
            "eps": -0.48,
            "eps_growth_year": -260,
            "eps_4q": -1.43,
            "eps_4q_growth_year": -779.43,
            "roe": -4.08,
            "roe_4q": -11.56,
            "gross_profit": 41736,
            "gross_margin": 12.79,
            "gross_margin_4q_avg": 8.56,
            "net_income": -19357,
            "revenue": 326312,
            "common_shares": 400000,
            "book_valuer_per_share": 11.52,
            "book_valuer_per_share_4q_avg": 12.39,
            "equity": 460730,
            "current_ratio": 204.55,
            "debt_ratio": 42.57,
            "inventory_turnover_ratio": 2.17,
            "account_receivable_turnover_ratio": 1.03,
            "reinvestment_rate": null,
            "research_to_sale_ratio": null,
            "price_fair": 18.55,
            "eps_avg_yearly": 0.53,
            "eps_latest_yearly": 0.56,
            "eps_growth_yearly": 171.92
        },
        "20164": {
            "year_quarter": 20164,
            "year": 2016,
            "quarter": 4,
            "eps": -0.03,
            "eps_growth_year": null,
            "eps_4q": -1.4,
            "eps_4q_growth_year": -3305.65,
            "roe": -0.27,
            "roe_4q": -11.37,
            "gross_profit": 34916,
            "gross_margin": 10.39,
            "gross_margin_4q_avg": 9.21,
            "net_income": -1253,
            "revenue": 336076,
            "common_shares": 400000,
            "book_valuer_per_share": 11.56,
            "book_valuer_per_share_4q_avg": 12,
            "equity": 462292,
            "current_ratio": 204.34,
            "debt_ratio": 42.85,
            "inventory_turnover_ratio": 2.58,
            "account_receivable_turnover_ratio": 1.33,
            "reinvestment_rate": null,
            "research_to_sale_ratio": null,
            "price_fair": 18.55,
            "eps_avg_yearly": 0.53,
            "eps_latest_yearly": 0.56,
            "eps_growth_yearly": 171.92
        },
        "20171": {
            "year_quarter": 20171,
            "year": 2017,
            "quarter": 1,
            "eps": -0.16,
            "eps_growth_year": null,
            "eps_4q": -1.08,
            "eps_4q_growth_year": null,
            "roe": -1.3,
            "roe_4q": -9.64,
            "gross_profit": 34381,
            "gross_margin": 10.2,
            "gross_margin_4q_avg": 9.78,
            "net_income": -6824,
            "revenue": 336946,
            "common_shares": 400000,
            "book_valuer_per_share": 13.38,
            "book_valuer_per_share_4q_avg": 12.17,
            "equity": 588181,
            "current_ratio": 362.32,
            "debt_ratio": 23.46,
            "inventory_turnover_ratio": 2.74,
            "account_receivable_turnover_ratio": 1.32,
            "reinvestment_rate": null,
            "research_to_sale_ratio": null,
            "price_fair": 18.55,
            "eps_avg_yearly": 0.53,
            "eps_latest_yearly": 0.56,
            "eps_growth_yearly": 171.92
        },
        "20172": {
            "year_quarter": 20172,
            "year": 2017,
            "quarter": 2,
            "eps": 0.16,
            "eps_growth_year": null,
            "eps_4q": -0.46,
            "eps_4q_growth_year": null,
            "roe": 1.2,
            "roe_4q": -4.45,
            "gross_profit": 48190,
            "gross_margin": 12.5,
            "gross_margin_4q_avg": 11.47,
            "net_income": 7141,
            "revenue": 385470,
            "common_shares": 439491,
            "book_valuer_per_share": 13.61,
            "book_valuer_per_share_4q_avg": 12.52,
            "equity": 599138,
            "current_ratio": 353.95,
            "debt_ratio": 24.2,
            "inventory_turnover_ratio": 2.89,
            "account_receivable_turnover_ratio": 1.32,
            "reinvestment_rate": null,
            "research_to_sale_ratio": 0.48,
            "price_fair": 18.55,
            "eps_avg_yearly": 0.53,
            "eps_latest_yearly": 0.56,
            "eps_growth_yearly": 171.92
        },
        "20173": {
            "year_quarter": 20173,
            "year": 2017,
            "quarter": 3,
            "eps": -0.13,
            "eps_growth_year": null,
            "eps_4q": -0.15,
            "eps_4q_growth_year": null,
            "roe": -0.97,
            "roe_4q": -1.34,
            "gross_profit": 35840,
            "gross_margin": 9.97,
            "gross_margin_4q_avg": 10.77,
            "net_income": -5810,
            "revenue": 359556,
            "common_shares": 440160,
            "book_valuer_per_share": 13.48,
            "book_valuer_per_share_4q_avg": 13.01,
            "equity": 593267,
            "current_ratio": 357.73,
            "debt_ratio": 23.16,
            "inventory_turnover_ratio": 2.82,
            "account_receivable_turnover_ratio": 1.14,
            "reinvestment_rate": null,
            "research_to_sale_ratio": 0.65,
            "price_fair": 9.62,
            "eps_avg_yearly": 0.43,
            "eps_latest_yearly": 0.56,
            "eps_growth_yearly": 12.55
        },
        "20174": {
            "year_quarter": 20174,
            "year": 2017,
            "quarter": 4,
            "eps": 0.24,
            "eps_growth_year": null,
            "eps_4q": 0.12,
            "eps_4q_growth_year": null,
            "roe": 1.79,
            "roe_4q": 0.72,
            "gross_profit": 43717,
            "gross_margin": 12.59,
            "gross_margin_4q_avg": 11.32,
            "net_income": 10682,
            "revenue": 347261,
            "common_shares": 440160,
            "book_valuer_per_share": 13.62,
            "book_valuer_per_share_4q_avg": 13.52,
            "equity": 599515,
            "current_ratio": 367.63,
            "debt_ratio": 23.11,
            "inventory_turnover_ratio": 2.82,
            "account_receivable_turnover_ratio": 1.12,
            "reinvestment_rate": null,
            "research_to_sale_ratio": 0.07,
            "price_fair": 9.62,
            "eps_avg_yearly": 0.43,
            "eps_latest_yearly": 0.56,
            "eps_growth_yearly": 12.55
        },
        "20181": {
            "year_quarter": 20181,
            "year": 2018,
            "quarter": 1,
            "eps": -0.22,
            "eps_growth_year": null,
            "eps_4q": -0.01,
            "eps_4q_growth_year": null,
            "roe": -1.46,
            "roe_4q": 0.56,
            "gross_profit": 43080,
            "gross_margin": 11.15,
            "gross_margin_4q_avg": 11.55,
            "net_income": -12334,
            "revenue": 386517,
            "common_shares": 580160,
            "book_valuer_per_share": 18.76,
            "book_valuer_per_share_4q_avg": 14.87,
            "equity": 1088262,
            "current_ratio": 602.94,
            "debt_ratio": 14.72,
            "inventory_turnover_ratio": 3.51,
            "account_receivable_turnover_ratio": 1.19,
            "reinvestment_rate": null,
            "research_to_sale_ratio": 2.24,
            "price_fair": 9.62,
            "eps_avg_yearly": 0.43,
            "eps_latest_yearly": 0.56,
            "eps_growth_yearly": 12.55
        },
        "20182": {
            "year_quarter": 20182,
            "year": 2018,
            "quarter": 2,
            "eps": -0.17,
            "eps_growth_year": -206.25,
            "eps_4q": -0.3,
            "eps_4q_growth_year": null,
            "roe": -0.89,
            "roe_4q": -1.53,
            "gross_profit": 38930,
            "gross_margin": 10.53,
            "gross_margin_4q_avg": 11.06,
            "net_income": -9767,
            "revenue": 369562,
            "common_shares": 580160,
            "book_valuer_per_share": 18.89,
            "book_valuer_per_share_4q_avg": 16.19,
            "equity": 1096211,
            "current_ratio": 523.95,
            "debt_ratio": 15.89,
            "inventory_turnover_ratio": 3.21,
            "account_receivable_turnover_ratio": 1.1,
            "reinvestment_rate": null,
            "research_to_sale_ratio": 1.05,
            "price_fair": 17.5,
            "eps_avg_yearly": 0.5,
            "eps_latest_yearly": 0.56,
            "eps_growth_yearly": 168.83
        },
        "20183": {
            "year_quarter": 20183,
            "year": 2018,
            "quarter": 3,
            "eps": -0.21,
            "eps_growth_year": null,
            "eps_4q": -0.4,
            "eps_4q_growth_year": null,
            "roe": -1.1,
            "roe_4q": -1.6600000000000001,
            "gross_profit": 37196,
            "gross_margin": 10.08,
            "gross_margin_4q_avg": 11.09,
            "net_income": -11979,
            "revenue": 368857,
            "common_shares": 580160,
            "book_valuer_per_share": 18.81,
            "book_valuer_per_share_4q_avg": 17.52,
            "equity": 1091387,
            "current_ratio": 493.81,
            "debt_ratio": 15.91,
            "inventory_turnover_ratio": 2.95,
            "account_receivable_turnover_ratio": 1.15,
            "reinvestment_rate": null,
            "research_to_sale_ratio": 2.33,
            "price_fair": 19.6,
            "eps_avg_yearly": 0.56,
            "eps_latest_yearly": 0.56,
            "eps_growth_yearly": 109.09
        },
        "20184": {
            "year_quarter": 20184,
            "year": 2018,
            "quarter": 4,
            "eps": -0.41,
            "eps_growth_year": -268.07,
            "eps_4q": -1,
            "eps_4q_growth_year": -944.28,
            "roe": -2.19,
            "roe_4q": -5.64,
            "gross_profit": 30827,
            "gross_margin": 9.19,
            "gross_margin_4q_avg": 10.24,
            "net_income": -23664,
            "revenue": 335354,
            "common_shares": 580160,
            "book_valuer_per_share": 18.49,
            "book_valuer_per_share_4q_avg": 18.74,
            "equity": 1072859,
            "current_ratio": 401.05,
            "debt_ratio": 18.14,
            "inventory_turnover_ratio": 2.7,
            "account_receivable_turnover_ratio": 1.14,
            "reinvestment_rate": null,
            "research_to_sale_ratio": 5.07,
            "price_fair": 0,
            "eps_avg_yearly": 0,
            "eps_latest_yearly": 0,
            "eps_growth_yearly": 0
        },
        "20191": {
            "year_quarter": 20191,
            "year": 2019,
            "quarter": 1,
            "eps": -0.46,
            "eps_growth_year": null,
            "eps_4q": -1.24,
            "eps_4q_growth_year": null,
            "roe": -2.51,
            "roe_4q": -6.689999999999999,
            "gross_profit": 31642,
            "gross_margin": 9.88,
            "gross_margin_4q_avg": 9.92,
            "net_income": -26752,
            "revenue": 320134,
            "common_shares": 580160,
            "book_valuer_per_share": 18.26,
            "book_valuer_per_share_4q_avg": 18.61,
            "equity": 1059267,
            "current_ratio": 488.75,
            "debt_ratio": 26.53,
            "inventory_turnover_ratio": 2.89,
            "account_receivable_turnover_ratio": 1.16,
            "reinvestment_rate": null,
            "research_to_sale_ratio": 3.86,
            "price_fair": 0,
            "eps_avg_yearly": 0,
            "eps_latest_yearly": 0,
            "eps_growth_yearly": 0
        },
        "20192": {
            "year_quarter": 20192,
            "year": 2019,
            "quarter": 2,
            "eps": -0.39,
            "eps_growth_year": null,
            "eps_4q": -1.46,
            "eps_4q_growth_year": null,
            "roe": -2.12,
            "roe_4q": -7.92,
            "gross_profit": 37327,
            "gross_margin": 10.53,
            "gross_margin_4q_avg": 9.92,
            "net_income": -22309,
            "revenue": 354590,
            "common_shares": 580160,
            "book_valuer_per_share": 18.03,
            "book_valuer_per_share_4q_avg": 18.4,
            "equity": 1046146,
            "current_ratio": 406.68,
            "debt_ratio": 31.46,
            "inventory_turnover_ratio": 3.97,
            "account_receivable_turnover_ratio": 1.23,
            "reinvestment_rate": null,
            "research_to_sale_ratio": 3.62,
            "price_fair": 0,
            "eps_avg_yearly": 0,
            "eps_latest_yearly": 0,
            "eps_growth_yearly": 0
        },
        "20193": {
            "year_quarter": 20193,
            "year": 2019,
            "quarter": 3,
            "eps": -0.44,
            "eps_growth_year": null,
            "eps_4q": -1.69,
            "eps_4q_growth_year": null,
            "roe": -2.47,
            "roe_4q": -9.29,
            "gross_profit": 38942,
            "gross_margin": 10.21,
            "gross_margin_4q_avg": 9.95,
            "net_income": -25596,
            "revenue": 381511,
            "common_shares": 580160,
            "book_valuer_per_share": 17.68,
            "book_valuer_per_share_4q_avg": 18.12,
            "equity": 1025767,
            "current_ratio": 396.54,
            "debt_ratio": 31.91,
            "inventory_turnover_ratio": 4.38,
            "account_receivable_turnover_ratio": 1.2,
            "reinvestment_rate": null,
            "research_to_sale_ratio": 3.9,
            "price_fair": 0,
            "eps_avg_yearly": 0,
            "eps_latest_yearly": 0,
            "eps_growth_yearly": 0
        },
        "20194": {
            "year_quarter": 20194,
            "year": 2019,
            "quarter": 4,
            "eps": -0.31,
            "eps_growth_year": null,
            "eps_4q": -1.6,
            "eps_4q_growth_year": null,
            "roe": -1.78,
            "roe_4q": -8.879999999999999,
            "gross_profit": 33829,
            "gross_margin": 9.49,
            "gross_margin_4q_avg": 10.03,
            "net_income": -18038,
            "revenue": 356340,
            "common_shares": 580160,
            "book_valuer_per_share": 17.31,
            "book_valuer_per_share_4q_avg": 17.82,
            "equity": 1004328,
            "current_ratio": 340.22,
            "debt_ratio": 33.29,
            "inventory_turnover_ratio": 3.83,
            "account_receivable_turnover_ratio": 1.13,
            "reinvestment_rate": null,
            "research_to_sale_ratio": 4.91,
            "price_fair": 0,
            "eps_avg_yearly": 0,
            "eps_latest_yearly": 0,
            "eps_growth_yearly": 0
        },
        "20201": {
            "year_quarter": 20201,
            "year": 2020,
            "quarter": 1,
            "eps": -0.43,
            "eps_growth_year": null,
            "eps_4q": -1.57,
            "eps_4q_growth_year": null,
            "roe": -2.54,
            "roe_4q": -8.91,
            "gross_profit": 39215,
            "gross_margin": 9.77,
            "gross_margin_4q_avg": 10,
            "net_income": -25232,
            "revenue": 401436,
            "common_shares": 580160,
            "book_valuer_per_share": 17,
            "book_valuer_per_share_4q_avg": 17.51,
            "equity": 986309,
            "current_ratio": 292.18,
            "debt_ratio": 35.79,
            "inventory_turnover_ratio": 4.07,
            "account_receivable_turnover_ratio": 1.21,
            "reinvestment_rate": null,
            "research_to_sale_ratio": 4.07,
            "price_fair": 0,
            "eps_avg_yearly": 0,
            "eps_latest_yearly": 0,
            "eps_growth_yearly": 0
        },
        "20202": {
            "year_quarter": 20202,
            "year": 2020,
            "quarter": 2,
            "eps": -0.23,
            "eps_growth_year": null,
            "eps_4q": -1.41,
            "eps_4q_growth_year": null,
            "roe": -1.32,
            "roe_4q": -8.110000000000001,
            "gross_profit": 51420,
            "gross_margin": 11.06,
            "gross_margin_4q_avg": 10.13,
            "net_income": -12891,
            "revenue": 464830,
            "common_shares": 580160,
            "book_valuer_per_share": 16.75,
            "book_valuer_per_share_4q_avg": 17.19,
            "equity": 971611,
            "current_ratio": 254.26,
            "debt_ratio": 38.55,
            "inventory_turnover_ratio": 4.53,
            "account_receivable_turnover_ratio": 1.2,
            "reinvestment_rate": null,
            "research_to_sale_ratio": 3.14,
            "price_fair": 0,
            "eps_avg_yearly": 0,
            "eps_latest_yearly": 0,
            "eps_growth_yearly": 0
        },
        "20203": {
            "year_quarter": 20203,
            "year": 2020,
            "quarter": 3,
            "eps": -0.3,
            "eps_growth_year": null,
            "eps_4q": -1.27,
            "eps_4q_growth_year": null,
            "roe": -1.82,
            "roe_4q": -7.46,
            "gross_profit": 41491,
            "gross_margin": 10.86,
            "gross_margin_4q_avg": 10.3,
            "net_income": -17526,
            "revenue": 381959,
            "common_shares": 580160,
            "book_valuer_per_share": 16.36,
            "book_valuer_per_share_4q_avg": 16.86,
            "equity": 949186,
            "current_ratio": 261.21,
            "debt_ratio": 37.82,
            "inventory_turnover_ratio": 3.92,
            "account_receivable_turnover_ratio": 1.01,
            "reinvestment_rate": null,
            "research_to_sale_ratio": 3.88,
            "price_fair": 0,
            "eps_avg_yearly": 0,
            "eps_latest_yearly": 0,
            "eps_growth_yearly": 0
        },
        "20204": {
            "year_quarter": 20204,
            "year": 2020,
            "quarter": 4,
            "eps": -0.46,
            "eps_growth_year": null,
            "eps_4q": -1.42,
            "eps_4q_growth_year": null,
            "roe": -2.88,
            "roe_4q": -8.56,
            "gross_profit": 38568,
            "gross_margin": 11.76,
            "gross_margin_4q_avg": 10.86,
            "net_income": -26846,
            "revenue": 327854,
            "common_shares": 580160,
            "book_valuer_per_share": 15.77,
            "book_valuer_per_share_4q_avg": 16.47,
            "equity": 915067,
            "current_ratio": 244.84,
            "debt_ratio": 38.83,
            "inventory_turnover_ratio": 3.52,
            "account_receivable_turnover_ratio": 1.06,
            "reinvestment_rate": null,
            "research_to_sale_ratio": 4.96,
            "price_fair": 0,
            "eps_avg_yearly": 0,
            "eps_latest_yearly": 0,
            "eps_growth_yearly": 0
        },
        "20211": {
            "year_quarter": 20211,
            "year": 2021,
            "quarter": 1,
            "eps": -0.17,
            "eps_growth_year": null,
            "eps_4q": -1.16,
            "eps_4q_growth_year": null,
            "roe": -1.07,
            "roe_4q": -7.090000000000001,
            "gross_profit": 59421,
            "gross_margin": 14.72,
            "gross_margin_4q_avg": 12.1,
            "net_income": -9746,
            "revenue": 403765,
            "common_shares": 580160,
            "book_valuer_per_share": 15.63,
            "book_valuer_per_share_4q_avg": 16.13,
            "equity": 906820,
            "current_ratio": 156.23,
            "debt_ratio": 41.9,
            "inventory_turnover_ratio": 3.86,
            "account_receivable_turnover_ratio": 1.3,
            "reinvestment_rate": null,
            "research_to_sale_ratio": 3.87,
            "price_fair": 0,
            "eps_avg_yearly": 0,
            "eps_latest_yearly": 0,
            "eps_growth_yearly": 0
        },
        "20212": {
            "year_quarter": 20212,
            "year": 2021,
            "quarter": 2,
            "eps": -0.37,
            "eps_growth_year": null,
            "eps_4q": -1.3,
            "eps_4q_growth_year": null,
            "roe": -1.32,
            "roe_4q": -7.09,
            "gross_profit": 51265,
            "gross_margin": 12.66,
            "gross_margin_4q_avg": 12.5,
            "net_income": -22967,
            "revenue": 404991,
            "common_shares": 580160,
            "book_valuer_per_share": 15.14,
            "book_valuer_per_share_4q_avg": 15.73,
            "equity": 2576496,
            "current_ratio": 295.31,
            "debt_ratio": 30.58,
            "inventory_turnover_ratio": 3.03,
            "account_receivable_turnover_ratio": 1.16,
            "reinvestment_rate": null,
            "research_to_sale_ratio": 4.21,
            "price_fair": 0,
            "eps_avg_yearly": 0,
            "eps_latest_yearly": 0,
            "eps_growth_yearly": 0
        },
        "20213": {
            "year_quarter": 20213,
            "year": 2021,
            "quarter": 3,
            "eps": 0.04,
            "eps_growth_year": null,
            "eps_4q": -0.82,
            "eps_4q_growth_year": null,
            "roe": -0.47,
            "roe_4q": -5.74,
            "gross_profit": 74756,
            "gross_margin": 12.98,
            "gross_margin_4q_avg": 13.03,
            "net_income": -12947,
            "revenue": 575948,
            "common_shares": 680160,
            "book_valuer_per_share": 18.75,
            "book_valuer_per_share_4q_avg": 16.32,
            "equity": 2958926,
            "current_ratio": 370.07,
            "debt_ratio": 25.26,
            "inventory_turnover_ratio": 3.02,
            "account_receivable_turnover_ratio": 1.52,
            "reinvestment_rate": null,
            "research_to_sale_ratio": 2.67,
            "price_fair": 0,
            "eps_avg_yearly": 0,
            "eps_latest_yearly": 0,
            "eps_growth_yearly": 0
        },
        "20214": {
            "year_quarter": 20214,
            "year": 2021,
            "quarter": 4,
            "eps": 0.07,
            "eps_growth_year": null,
            "eps_4q": -0.35,
            "eps_4q_growth_year": null,
            "roe": -0.26,
            "roe_4q": -3.12,
            "gross_profit": 79600,
            "gross_margin": 12.69,
            "gross_margin_4q_avg": 13.26,
            "net_income": -7721,
            "revenue": 627113,
            "common_shares": 681116,
            "book_valuer_per_share": 18.9,
            "book_valuer_per_share_4q_avg": 17.11,
            "equity": 2958038,
            "current_ratio": 615.01,
            "debt_ratio": 16.43,
            "inventory_turnover_ratio": 3.11,
            "account_receivable_turnover_ratio": 1.41,
            "reinvestment_rate": null,
            "research_to_sale_ratio": 3.05,
            "price_fair": 9.8,
            "eps_avg_yearly": 0.28,
            "eps_latest_yearly": 0.28,
            "eps_growth_yearly": 300
        },
        "20221": {
            "year_quarter": 20221,
            "year": 2022,
            "quarter": 1,
            "eps": 0.25,
            "eps_growth_year": null,
            "eps_4q": 0.04,
            "eps_4q_growth_year": null,
            "roe": 0.29,
            "roe_4q": -1.76,
            "gross_profit": 77249,
            "gross_margin": 13.33,
            "gross_margin_4q_avg": 12.92,
            "net_income": 8594,
            "revenue": 579352,
            "common_shares": 681726,
            "book_valuer_per_share": 19.36,
            "book_valuer_per_share_4q_avg": 18.04,
            "equity": 2982015,
            "current_ratio": 615.75,
            "debt_ratio": 16.44,
            "inventory_turnover_ratio": 3.14,
            "account_receivable_turnover_ratio": 1.17,
            "reinvestment_rate": null,
            "research_to_sale_ratio": 1.75,
            "price_fair": 22.4,
            "eps_avg_yearly": 0.64,
            "eps_latest_yearly": 1,
            "eps_growth_yearly": 664.29
        },
        "20222": {
            "year_quarter": 20222,
            "year": 2022,
            "quarter": 2,
            "eps": 0.02,
            "eps_growth_year": null,
            "eps_4q": 0.38,
            "eps_4q_growth_year": null,
            "roe": -0.28,
            "roe_4q": -0.72,
            "gross_profit": 57173,
            "gross_margin": 11.25,
            "gross_margin_4q_avg": 12.56,
            "net_income": -8245,
            "revenue": 508309,
            "common_shares": 681726,
            "book_valuer_per_share": 19.55,
            "book_valuer_per_share_4q_avg": 19.14,
            "equity": 2985145,
            "current_ratio": 607.79,
            "debt_ratio": 16.48,
            "inventory_turnover_ratio": 2.63,
            "account_receivable_turnover_ratio": 1.02,
            "reinvestment_rate": null,
            "research_to_sale_ratio": 2.75,
            "price_fair": 15.87,
            "eps_avg_yearly": 0.45,
            "eps_latest_yearly": 0.08,
            "eps_growth_yearly": 320.19
        },
        "20223": {
            "year_quarter": 20223,
            "year": 2022,
            "quarter": 3,
            "eps": -0.16,
            "eps_growth_year": -500,
            "eps_4q": 0.19,
            "eps_4q_growth_year": null,
            "roe": -0.54,
            "roe_4q": -0.79,
            "gross_profit": 42693,
            "gross_margin": 10.31,
            "gross_margin_4q_avg": 11.9,
            "net_income": -16144,
            "revenue": 414119,
            "common_shares": 681726,
            "book_valuer_per_share": 19.73,
            "book_valuer_per_share_4q_avg": 19.39,
            "equity": 2992673,
            "current_ratio": 618.08,
            "debt_ratio": 16.39,
            "inventory_turnover_ratio": 1.82,
            "account_receivable_turnover_ratio": 0.91,
            "reinvestment_rate": null,
            "research_to_sale_ratio": 4.55,
            "price_fair": 15.87,
            "eps_avg_yearly": 0.45,
            "eps_latest_yearly": 0.08,
            "eps_growth_yearly": 320.19
        },
        "20224": {
            "year_quarter": 20224,
            "year": 2022,
            "quarter": 4,
            "eps": -0.29,
            "eps_growth_year": -493.09,
            "eps_4q": -0.17,
            "eps_4q_growth_year": null,
            "roe": -1.4,
            "roe_4q": -1.9299999999999997,
            "gross_profit": 38305,
            "gross_margin": 10.92,
            "gross_margin_4q_avg": 11.45,
            "net_income": -41506,
            "revenue": 350681,
            "common_shares": 681726,
            "book_valuer_per_share": 19.29,
            "book_valuer_per_share_4q_avg": 19.48,
            "equity": 2941424,
            "current_ratio": 638.76,
            "debt_ratio": 15.83,
            "inventory_turnover_ratio": 1.32,
            "account_receivable_turnover_ratio": 0.88,
            "reinvestment_rate": null,
            "research_to_sale_ratio": 5.58,
            "price_fair": 15.87,
            "eps_avg_yearly": 0.45,
            "eps_latest_yearly": 0.08,
            "eps_growth_yearly": 320.19
        },
        "20231": {
            "year_quarter": 20231,
            "year": 2023,
            "quarter": 1,
            "eps": -0.37,
            "eps_growth_year": -248,
            "eps_4q": -0.8,
            "eps_4q_growth_year": -2110.24,
            "roe": -1.52,
            "roe_4q": -3.74,
            "gross_profit": 27286,
            "gross_margin": 7.27,
            "gross_margin_4q_avg": 9.94,
            "net_income": -44483,
            "revenue": 375325,
            "common_shares": 681726,
            "book_valuer_per_share": 18.86,
            "book_valuer_per_share_4q_avg": 19.36,
            "equity": 2894957,
            "current_ratio": 623.66,
            "debt_ratio": 16.07,
            "inventory_turnover_ratio": 1.73,
            "account_receivable_turnover_ratio": 1.06,
            "reinvestment_rate": null,
            "research_to_sale_ratio": 5.41,
            "price_fair": 15.87,
            "eps_avg_yearly": 0.45,
            "eps_latest_yearly": 0.08,
            "eps_growth_yearly": 320.19
        }
    },
    "months": {
        "2003-10": {
            "month": "2003-10",
            "price": "35.75",
            "revenue": 267585
        },
        "2003-11": {
            "month": "2003-11",
            "price": "37.40",
            "revenue": 210048
        },
        "2004-01": {
            "month": "2004-01",
            "price": "43.36",
            "revenue": 259090
        },
        "2004-02": {
            "month": "2004-02",
            "price": "45.91",
            "revenue": 236465
        },
        "2004-03": {
            "month": "2004-03",
            "price": "46.64",
            "revenue": 411726
        },
        "2004-04": {
            "month": "2004-04",
            "price": "52.69",
            "revenue": 347574
        },
        "2004-05": {
            "month": "2004-05",
            "price": "52.61",
            "revenue": 244452
        },
        "2004-06": {
            "month": "2004-06",
            "price": "40.07",
            "revenue": 224621
        },
        "2004-07": {
            "month": "2004-07",
            "price": "37.25",
            "revenue": 268649
        },
        "2004-08": {
            "month": "2004-08",
            "price": "27.12",
            "revenue": 304682
        },
        "2004-09": {
            "month": "2004-09",
            "price": "23.30",
            "revenue": 308710
        },
        "2004-10": {
            "month": "2004-10",
            "price": "22.82",
            "revenue": 279698
        },
        "2004-11": {
            "month": "2004-11",
            "price": "16.87",
            "revenue": 113125
        },
        "2004-12": {
            "month": "2004-12",
            "price": "16.13",
            "revenue": -14043
        },
        "2005-01": {
            "month": "2005-01",
            "price": "16.59",
            "revenue": 194297
        },
        "2005-02": {
            "month": "2005-02",
            "price": "16.02",
            "revenue": 127494
        },
        "2005-03": {
            "month": "2005-03",
            "price": "15.89",
            "revenue": 140152
        },
        "2005-04": {
            "month": "2005-04",
            "price": "15.18",
            "revenue": 100501
        },
        "2005-05": {
            "month": "2005-05",
            "price": "15.40",
            "revenue": 110840
        },
        "2005-06": {
            "month": "2005-06",
            "price": "15.67",
            "revenue": 111600
        },
        "2005-07": {
            "month": "2005-07",
            "price": "16.48",
            "revenue": 124952
        },
        "2005-08": {
            "month": "2005-08",
            "price": "13.30",
            "revenue": 157243
        },
        "2005-09": {
            "month": "2005-09",
            "price": "12.53",
            "revenue": 332192
        },
        "2005-10": {
            "month": "2005-10",
            "price": "12.33",
            "revenue": 278167
        },
        "2005-11": {
            "month": "2005-11",
            "price": "13.18",
            "revenue": 315452
        },
        "2005-12": {
            "month": "2005-12",
            "price": "14.75",
            "revenue": 261883
        },
        "2006-01": {
            "month": "2006-01",
            "price": "15.24",
            "revenue": 269621
        },
        "2006-02": {
            "month": "2006-02",
            "price": "17.92",
            "revenue": 281175
        },
        "2006-03": {
            "month": "2006-03",
            "price": "18.34",
            "revenue": 351988
        },
        "2006-04": {
            "month": "2006-04",
            "price": "19.22",
            "revenue": 282922
        },
        "2006-05": {
            "month": "2006-05",
            "price": "21.32",
            "revenue": 330733
        },
        "2006-06": {
            "month": "2006-06",
            "price": "18.53",
            "revenue": 325709
        },
        "2006-07": {
            "month": "2006-07",
            "price": "17.01",
            "revenue": 363278
        },
        "2006-08": {
            "month": "2006-08",
            "price": "16.48",
            "revenue": 440397
        },
        "2006-09": {
            "month": "2006-09",
            "price": "18.64",
            "revenue": 444705
        },
        "2006-10": {
            "month": "2006-10",
            "price": "17.79",
            "revenue": 377801
        },
        "2006-11": {
            "month": "2006-11",
            "price": "20.63",
            "revenue": 351221
        },
        "2006-12": {
            "month": "2006-12",
            "price": "24.08",
            "revenue": 314983
        },
        "2007-01": {
            "month": "2007-01",
            "price": "23.29",
            "revenue": 437003
        },
        "2007-02": {
            "month": "2007-02",
            "price": "21.25",
            "revenue": 284008
        },
        "2007-03": {
            "month": "2007-03",
            "price": "21.59",
            "revenue": 406606
        },
        "2007-04": {
            "month": "2007-04",
            "price": "24.22",
            "revenue": 397679
        },
        "2007-05": {
            "month": "2007-05",
            "price": "23.62",
            "revenue": 394165
        },
        "2007-06": {
            "month": "2007-06",
            "price": "24.62",
            "revenue": 357892
        },
        "2007-07": {
            "month": "2007-07",
            "price": "25.93",
            "revenue": 442066
        },
        "2007-08": {
            "month": "2007-08",
            "price": "21.20",
            "revenue": 389240
        },
        "2007-09": {
            "month": "2007-09",
            "price": "18.28",
            "revenue": 300811
        },
        "2007-10": {
            "month": "2007-10",
            "price": "16.03",
            "revenue": 331948
        },
        "2007-11": {
            "month": "2007-11",
            "price": "14.13",
            "revenue": 299889
        },
        "2007-12": {
            "month": "2007-12",
            "price": "13.86",
            "revenue": 222880
        },
        "2008-01": {
            "month": "2008-01",
            "price": "12.43",
            "revenue": 354385
        },
        "2008-02": {
            "month": "2008-02",
            "price": "10.50",
            "revenue": 244706
        },
        "2008-03": {
            "month": "2008-03",
            "price": "11.60",
            "revenue": 310883
        },
        "2008-04": {
            "month": "2008-04",
            "price": "12.48",
            "revenue": 301094
        },
        "2008-05": {
            "month": "2008-05",
            "price": "12.04",
            "revenue": 315467
        },
        "2008-06": {
            "month": "2008-06",
            "price": "10.13",
            "revenue": 305510
        },
        "2008-07": {
            "month": "2008-07",
            "price": "8.20",
            "revenue": 412526
        },
        "2008-08": {
            "month": "2008-08",
            "price": "7.07",
            "revenue": 364649
        },
        "2008-09": {
            "month": "2008-09",
            "price": "5.40",
            "revenue": 317954
        },
        "2008-10": {
            "month": "2008-10",
            "price": "3.53",
            "revenue": 289832
        },
        "2008-11": {
            "month": "2008-11",
            "price": "3.70",
            "revenue": 179699
        },
        "2008-12": {
            "month": "2008-12",
            "price": "3.11",
            "revenue": 169874
        },
        "2009-01": {
            "month": "2009-01",
            "price": "2.98",
            "revenue": 121350
        },
        "2009-02": {
            "month": "2009-02",
            "price": "2.87",
            "revenue": 166536
        },
        "2009-03": {
            "month": "2009-03",
            "price": "3.55",
            "revenue": 205380
        },
        "2009-04": {
            "month": "2009-04",
            "price": "3.99",
            "revenue": 207896
        },
        "2009-05": {
            "month": "2009-05",
            "price": "3.84",
            "revenue": 177360
        },
        "2009-06": {
            "month": "2009-06",
            "price": "3.68",
            "revenue": 176687
        },
        "2009-07": {
            "month": "2009-07",
            "price": "3.83",
            "revenue": 211576
        },
        "2009-08": {
            "month": "2009-08",
            "price": "4.06",
            "revenue": 232891
        },
        "2009-09": {
            "month": "2009-09",
            "price": "4.97",
            "revenue": 228869
        },
        "2009-10": {
            "month": "2009-10",
            "price": "6.44",
            "revenue": 218904
        },
        "2009-11": {
            "month": "2009-11",
            "price": "6.60",
            "revenue": 228573
        },
        "2009-12": {
            "month": "2009-12",
            "price": "7.40",
            "revenue": 311611
        },
        "2010-01": {
            "month": "2010-01",
            "price": "8.75",
            "revenue": 282637
        },
        "2010-02": {
            "month": "2010-02",
            "price": "7.21",
            "revenue": 202781
        },
        "2010-03": {
            "month": "2010-03",
            "price": "7.94",
            "revenue": 313781
        },
        "2010-04": {
            "month": "2010-04",
            "price": "9.32",
            "revenue": 310107
        },
        "2010-05": {
            "month": "2010-05",
            "price": "8.79",
            "revenue": 266824
        },
        "2010-06": {
            "month": "2010-06",
            "price": "9.48",
            "revenue": 272739
        },
        "2010-07": {
            "month": "2010-07",
            "price": "10.55",
            "revenue": 286203
        },
        "2010-08": {
            "month": "2010-08",
            "price": "11.29",
            "revenue": 238982
        },
        "2010-09": {
            "month": "2010-09",
            "price": "12.99",
            "revenue": 249545
        },
        "2010-10": {
            "month": "2010-10",
            "price": "11.72",
            "revenue": 203531
        },
        "2010-11": {
            "month": "2010-11",
            "price": "10.63",
            "revenue": 202117
        },
        "2010-12": {
            "month": "2010-12",
            "price": "11.33",
            "revenue": 197157
        },
        "2011-01": {
            "month": "2011-01",
            "price": "11.17",
            "revenue": 188414
        },
        "2011-02": {
            "month": "2011-02",
            "price": "10.27",
            "revenue": 145607
        },
        "2011-03": {
            "month": "2011-03",
            "price": "9.97",
            "revenue": 215005
        },
        "2011-04": {
            "month": "2011-04",
            "price": "9.97",
            "revenue": 190005
        },
        "2011-05": {
            "month": "2011-05",
            "price": "8.73",
            "revenue": 185165
        },
        "2011-06": {
            "month": "2011-06",
            "price": "8.62",
            "revenue": 200140
        },
        "2011-07": {
            "month": "2011-07",
            "price": "8.57",
            "revenue": 217046
        },
        "2011-08": {
            "month": "2011-08",
            "price": "7.26",
            "revenue": 212204
        },
        "2011-09": {
            "month": "2011-09",
            "price": "6.79",
            "revenue": 209257
        },
        "2011-10": {
            "month": "2011-10",
            "price": "6.12",
            "revenue": 191483
        },
        "2011-11": {
            "month": "2011-11",
            "price": "6.28",
            "revenue": 200405
        },
        "2011-12": {
            "month": "2011-12",
            "price": "5.99",
            "revenue": 164886
        },
        "2012-01": {
            "month": "2012-01",
            "price": "5.80",
            "revenue": 162291
        },
        "2012-02": {
            "month": "2012-02",
            "price": "6.71",
            "revenue": 184822
        },
        "2012-03": {
            "month": "2012-03",
            "price": "6.85",
            "revenue": 242146
        },
        "2012-04": {
            "month": "2012-04",
            "price": "5.97",
            "revenue": 180990
        },
        "2012-05": {
            "month": "2012-05",
            "price": "5.61",
            "revenue": 220315
        },
        "2012-06": {
            "month": "2012-06",
            "price": "5.36",
            "revenue": 198035
        },
        "2012-07": {
            "month": "2012-07",
            "price": "5.08",
            "revenue": 195857
        },
        "2012-08": {
            "month": "2012-08",
            "price": "4.99",
            "revenue": 219717
        },
        "2012-09": {
            "month": "2012-09",
            "price": "4.92",
            "revenue": 185245
        },
        "2012-10": {
            "month": "2012-10",
            "price": "4.62",
            "revenue": 196355
        },
        "2012-11": {
            "month": "2012-11",
            "price": "4.29",
            "revenue": 194973
        },
        "2012-12": {
            "month": "2012-12",
            "price": "4.58",
            "revenue": 166277
        },
        "2013-01": {
            "month": "2013-01",
            "price": "4.66",
            "revenue": 199318
        },
        "2013-02": {
            "month": "2013-02",
            "price": "4.78",
            "revenue": 123520
        },
        "2013-03": {
            "month": "2013-03",
            "price": "4.72",
            "revenue": 201173
        },
        "2013-04": {
            "month": "2013-04",
            "price": "4.66",
            "revenue": 205190
        },
        "2013-05": {
            "month": "2013-05",
            "price": "6.31",
            "revenue": 186955
        },
        "2013-06": {
            "month": "2013-06",
            "price": "9.60",
            "revenue": 167946
        },
        "2013-07": {
            "month": "2013-07",
            "price": "12.21",
            "revenue": 191562
        },
        "2013-08": {
            "month": "2013-08",
            "price": "16.72",
            "revenue": 184506
        },
        "2013-09": {
            "month": "2013-09",
            "price": "16.93",
            "revenue": 178396
        },
        "2013-10": {
            "month": "2013-10",
            "price": "17.96",
            "revenue": 155114
        },
        "2013-11": {
            "month": "2013-11",
            "price": "15.29",
            "revenue": 160252
        },
        "2013-12": {
            "month": "2013-12",
            "price": "17.42",
            "revenue": 162507
        },
        "2014-01": {
            "month": "2014-01",
            "price": "30.78",
            "revenue": 187241
        },
        "2014-02": {
            "month": "2014-02",
            "price": "36.21",
            "revenue": 142176
        },
        "2014-03": {
            "month": "2014-03",
            "price": "42.15",
            "revenue": 180061
        },
        "2014-04": {
            "month": "2014-04",
            "price": "35.87",
            "revenue": 177514
        },
        "2014-05": {
            "month": "2014-05",
            "price": "32.50",
            "revenue": 165737
        },
        "2014-06": {
            "month": "2014-06",
            "price": "31.14",
            "revenue": 142700
        },
        "2014-07": {
            "month": "2014-07",
            "price": "36.25",
            "revenue": 178202
        },
        "2014-08": {
            "month": "2014-08",
            "price": "32.92",
            "revenue": 167171
        },
        "2014-09": {
            "month": "2014-09",
            "price": "30.61",
            "revenue": 175910
        },
        "2014-10": {
            "month": "2014-10",
            "price": "26.27",
            "revenue": 190303
        },
        "2014-11": {
            "month": "2014-11",
            "price": "27.58",
            "revenue": 180041
        },
        "2014-12": {
            "month": "2014-12",
            "price": "26.65",
            "revenue": 155966
        },
        "2015-01": {
            "month": "2015-01",
            "price": "29.20",
            "revenue": 204439
        },
        "2015-02": {
            "month": "2015-02",
            "price": "27.90",
            "revenue": 131171
        },
        "2015-03": {
            "month": "2015-03",
            "price": "26.37",
            "revenue": 185526
        },
        "2015-04": {
            "month": "2015-04",
            "price": "25.05",
            "revenue": 169103
        },
        "2015-05": {
            "month": "2015-05",
            "price": "26.60",
            "revenue": 156995
        },
        "2015-06": {
            "month": "2015-06",
            "price": "33.16",
            "revenue": 168222
        },
        "2015-07": {
            "month": "2015-07",
            "price": "32.16",
            "revenue": 199672
        },
        "2015-08": {
            "month": "2015-08",
            "price": "27.81",
            "revenue": 163375
        },
        "2015-09": {
            "month": "2015-09",
            "price": "29.90",
            "revenue": 215730
        },
        "2015-10": {
            "month": "2015-10",
            "price": "33.27",
            "revenue": 193919
        },
        "2015-11": {
            "month": "2015-11",
            "price": "35.74",
            "revenue": 192346
        },
        "2015-12": {
            "month": "2015-12",
            "price": "36.43",
            "revenue": 161731
        },
        "2016-01": {
            "month": "2016-01",
            "price": "29.17",
            "revenue": 200667
        },
        "2016-02": {
            "month": "2016-02",
            "price": "30.74",
            "revenue": 112282
        },
        "2016-03": {
            "month": "2016-03",
            "price": "32.62",
            "revenue": 196459
        },
        "2016-04": {
            "month": "2016-04",
            "price": "32.94",
            "revenue": 178056
        },
        "2016-05": {
            "month": "2016-05",
            "price": "27.09",
            "revenue": 187638
        },
        "2016-06": {
            "month": "2016-06",
            "price": "26.09",
            "revenue": 125327
        },
        "2016-07": {
            "month": "2016-07",
            "price": "27.48",
            "revenue": 119301
        },
        "2016-08": {
            "month": "2016-08",
            "price": "28.79",
            "revenue": 112802
        },
        "2016-09": {
            "month": "2016-09",
            "price": "29.42",
            "revenue": 95199
        },
        "2016-10": {
            "month": "2016-10",
            "price": "29.66",
            "revenue": 129760
        },
        "2016-11": {
            "month": "2016-11",
            "price": "27.89",
            "revenue": 113625
        },
        "2016-12": {
            "month": "2016-12",
            "price": "28.92",
            "revenue": 92761
        },
        "2017-01": {
            "month": "2017-01",
            "price": "37.72",
            "revenue": 104826
        },
        "2017-02": {
            "month": "2017-02",
            "price": "47.31",
            "revenue": 114181
        },
        "2017-03": {
            "month": "2017-03",
            "price": "45.57",
            "revenue": 117847
        },
        "2017-04": {
            "month": "2017-04",
            "price": "45.19",
            "revenue": 130502
        },
        "2017-05": {
            "month": "2017-05",
            "price": "44.50",
            "revenue": 129733
        },
        "2017-06": {
            "month": "2017-06",
            "price": "42.19",
            "revenue": 123743
        },
        "2017-07": {
            "month": "2017-07",
            "price": "40.99",
            "revenue": 113798
        },
        "2017-08": {
            "month": "2017-08",
            "price": "39.56",
            "revenue": 127354
        },
        "2017-09": {
            "month": "2017-09",
            "price": "38.21",
            "revenue": 117047
        },
        "2017-10": {
            "month": "2017-10",
            "price": "38.40",
            "revenue": 108044
        },
        "2017-11": {
            "month": "2017-11",
            "price": "39.38",
            "revenue": 117654
        },
        "2017-12": {
            "month": "2017-12",
            "price": "43.93",
            "revenue": 102428
        },
        "2018-01": {
            "month": "2018-01",
            "price": "45.54",
            "revenue": 142683
        },
        "2018-02": {
            "month": "2018-02",
            "price": "51.85",
            "revenue": 86501
        },
        "2018-03": {
            "month": "2018-03",
            "price": "60.33",
            "revenue": 159041
        },
        "2018-04": {
            "month": "2018-04",
            "price": "58.35",
            "revenue": 117715
        },
        "2018-05": {
            "month": "2018-05",
            "price": "59.76",
            "revenue": 129586
        },
        "2018-06": {
            "month": "2018-06",
            "price": "59.92",
            "revenue": 122887
        },
        "2018-07": {
            "month": "2018-07",
            "price": "56.92",
            "revenue": 111041
        },
        "2018-08": {
            "month": "2018-08",
            "price": "60.29",
            "revenue": 137413
        },
        "2018-09": {
            "month": "2018-09",
            "price": "59.73",
            "revenue": 120783
        },
        "2018-10": {
            "month": "2018-10",
            "price": "58.00",
            "revenue": 111371
        },
        "2018-11": {
            "month": "2018-11",
            "price": "55.67",
            "revenue": 117511
        },
        "2018-12": {
            "month": "2018-12",
            "price": "59.89",
            "revenue": 104008
        },
        "2019-01": {
            "month": "2019-01",
            "price": "62.49",
            "revenue": 126803
        },
        "2019-02": {
            "month": "2019-02",
            "price": "64.14",
            "revenue": 85794
        },
        "2019-03": {
            "month": "2019-03",
            "price": "64.85",
            "revenue": 108964
        },
        "2019-04": {
            "month": "2019-04",
            "price": "66.20",
            "revenue": 113521
        },
        "2019-05": {
            "month": "2019-05",
            "price": "59.89",
            "revenue": 126264
        },
        "2019-06": {
            "month": "2019-06",
            "price": "59.13",
            "revenue": 115371
        },
        "2019-07": {
            "month": "2019-07",
            "price": "59.00",
            "revenue": 123218
        },
        "2019-08": {
            "month": "2019-08",
            "price": "57.34",
            "revenue": 134810
        },
        "2019-09": {
            "month": "2019-09",
            "price": "56.84",
            "revenue": 123759
        },
        "2019-10": {
            "month": "2019-10",
            "price": "54.40",
            "revenue": 125711
        },
        "2019-11": {
            "month": "2019-11",
            "price": "54.87",
            "revenue": 120107
        },
        "2019-12": {
            "month": "2019-12",
            "price": "58.14",
            "revenue": 110565
        },
        "2020-01": {
            "month": "2020-01",
            "price": "54.79",
            "revenue": 131683
        },
        "2020-02": {
            "month": "2020-02",
            "price": "53.03",
            "revenue": 112573
        },
        "2020-03": {
            "month": "2020-03",
            "price": "42.87",
            "revenue": 157105
        },
        "2020-04": {
            "month": "2020-04",
            "price": "49.24",
            "revenue": 153348
        },
        "2020-05": {
            "month": "2020-05",
            "price": "51.34",
            "revenue": 158815
        },
        "2020-06": {
            "month": "2020-06",
            "price": "52.49",
            "revenue": 152917
        },
        "2020-07": {
            "month": "2020-07",
            "price": "55.18",
            "revenue": 147853
        },
        "2020-08": {
            "month": "2020-08",
            "price": "53.22",
            "revenue": 131294
        },
        "2020-09": {
            "month": "2020-09",
            "price": "51.85",
            "revenue": 103321
        },
        "2020-10": {
            "month": "2020-10",
            "price": "48.45",
            "revenue": 104445
        },
        "2020-11": {
            "month": "2020-11",
            "price": "48.65",
            "revenue": 108836
        },
        "2020-12": {
            "month": "2020-12",
            "price": "45.73",
            "revenue": 115166
        },
        "2021-01": {
            "month": "2021-01",
            "price": "44.35",
            "revenue": 144485
        },
        "2021-02": {
            "month": "2021-02",
            "price": "42.95",
            "revenue": 105254
        },
        "2021-03": {
            "month": "2021-03",
            "price": "43.76",
            "revenue": 154047
        },
        "2021-04": {
            "month": "2021-04",
            "price": "46.53",
            "revenue": 128644
        },
        "2021-05": {
            "month": "2021-05",
            "price": "43.29",
            "revenue": 143778
        },
        "2021-06": {
            "month": "2021-06",
            "price": "41.25",
            "revenue": 132585
        },
        "2021-07": {
            "month": "2021-07",
            "price": "40.25",
            "revenue": 208331
        },
        "2021-08": {
            "month": "2021-08",
            "price": "44.38",
            "revenue": 139195
        },
        "2021-09": {
            "month": "2021-09",
            "price": "41.22",
            "revenue": 227691
        },
        "2021-10": {
            "month": "2021-10",
            "price": "42.66",
            "revenue": 203179
        },
        "2021-11": {
            "month": "2021-11",
            "price": "50.85",
            "revenue": 243780
        },
        "2021-12": {
            "month": "2021-12",
            "price": "62.14",
            "revenue": 179322
        },
        "2022-01": {
            "month": "2022-01",
            "price": "57.36",
            "revenue": 201085
        },
        "2022-02": {
            "month": "2022-02",
            "price": "54.22",
            "revenue": 146827
        },
        "2022-03": {
            "month": "2022-03",
            "price": "50.82",
            "revenue": 231649
        },
        "2022-04": {
            "month": "2022-04",
            "price": "54.48",
            "revenue": 175348
        },
        "2022-05": {
            "month": "2022-05",
            "price": "51.25",
            "revenue": 146771
        },
        "2022-06": {
            "month": "2022-06",
            "price": "48.55",
            "revenue": 184924
        },
        "2022-07": {
            "month": "2022-07",
            "price": "42.00",
            "revenue": 144629
        },
        "2022-08": {
            "month": "2022-08",
            "price": "43.98",
            "revenue": 113626
        },
        "2022-09": {
            "month": "2022-09",
            "price": "47.70",
            "revenue": 152629
        },
        "2022-10": {
            "month": "2022-10",
            "price": "39.74",
            "revenue": 126884
        },
        "2022-11": {
            "month": "2022-11",
            "price": "42.40",
            "revenue": 103553
        },
        "2022-12": {
            "month": "2022-12",
            "price": "43.78",
            "revenue": 112738
        },
        "2023-01": {
            "month": "2023-01",
            "price": "40.60",
            "revenue": 136922
        },
        "2023-02": {
            "month": "2023-02",
            "price": "47.54",
            "revenue": 120337
        },
        "2023-03": {
            "month": "2023-03",
            "price": "47.02",
            "revenue": 118078
        },
        "2023-04": {
            "month": "2023-04",
            "price": "51.45",
            "revenue": 108951
        },
        "2023-05": {
            "month": "2023-05",
            "price": "53.52",
            "revenue": 156473
        }
    }
}
