{
    "summary": {
        "stock_name": "至寶電",
        "stock_id": "3226",
        "category": "電機機械",
        "main_business": "汽車車燈<br>車用週邊零組件",
        "website_url": "http://www.topower.com.tw",
        "ceo": "林崇鎰",
        "pe_ratio": 20,
        "report_year_from": 2001,
        "report_year_to": 2023,
        "age": 22,
        "eps_negative_percentage": 23,
        "eps_growth_avg": {
            "last_all": 11.35,
            "last_2y": 9.89,
            "last_4y": 24.6,
            "last_8y": 27.22,
            "last_12y": 27.22,
            "last_16y": 7.06,
            "last_20y": null,
            "at_2006_last_3y": 22.46,
            "at_2007_last_3y": -6.14,
            "at_2008_last_3y": -42.85,
            "at_2009_last_3y": -53.44,
            "at_2010_last_3y": -82.32,
            "at_2011_last_3y": -100,
            "at_2012_last_3y": null,
            "at_2013_last_3y": null,
            "at_2014_last_3y": 100,
            "at_2015_last_3y": 77.23,
            "at_2016_last_3y": 45.82,
            "at_2017_last_3y": 30.51,
            "at_2018_last_3y": 30.51,
            "at_2019_last_3y": 15.22,
            "at_2020_last_3y": 24.49,
            "at_2021_last_3y": 21.18,
            "at_2022_last_3y": 5.75,
            "at_2023_last_3y": 5.75,
            "at_2006_last_all": 22.46,
            "at_2007_last_all": 5.04,
            "at_2008_last_all": -12.47,
            "at_2009_last_all": -12.47,
            "at_2010_last_all": -12.47,
            "at_2011_last_all": -12.47,
            "at_2012_last_all": -12.47,
            "at_2013_last_all": -12.47,
            "at_2014_last_all": 3.6,
            "at_2015_last_all": 9.96,
            "at_2016_last_all": 6.96,
            "at_2017_last_all": 4.72,
            "at_2018_last_all": 13.38,
            "at_2019_last_all": 11.71,
            "at_2020_last_all": 12.36,
            "at_2021_last_all": 9.42,
            "at_2022_last_all": 11.35,
            "at_2023_last_all": 11.35
        },
        "latest_eps": 2.7,
        "latest_price": 54.2,
        "latest_roe": 12.6,
        "latest_gross_margin": 24.78,
        "latest_equity": 1390028,
        "latest_revenue": 593388,
        "latest_gross_profit": 147038,
        "latest_net_income": 175952,
        "latest_debt_ratio": 41.76,
        "latest_current_ratio": 146,
        "latest_account_receivable_turnover_ratio": 1.33,
        "latest_inventory_turnover_ratio": 2.23,
        "latest_reinvestment_rate": 32.64,
        "latest_research_to_sale_ratio": 2.12
    },
    "eps_dividends": {
        "2001": {
            "cash": 0,
            "stock": 0,
            "eps": 0
        },
        "2002": {
            "cash": 0,
            "stock": 0,
            "eps": 2.01
        },
        "2003": {
            "cash": 0,
            "stock": 3,
            "eps": 3.01
        },
        "2004": {
            "cash": 0.7,
            "stock": 2.3,
            "eps": 4.42
        },
        "2005": {
            "cash": 1.5,
            "stock": 1.5,
            "eps": 3.93
        },
        "2006": {
            "cash": 2.5,
            "stock": 0.5,
            "eps": 4.1
        },
        "2007": {
            "cash": 2.5,
            "stock": 0.5,
            "eps": 1.45
        },
        "2008": {
            "cash": 0.8,
            "stock": 0.2,
            "eps": -2.56
        },
        "2009": {
            "cash": 0,
            "stock": 0,
            "eps": -3.99
        },
        "2010": {
            "cash": 0,
            "stock": 0,
            "eps": -2.77
        },
        "2011": {
            "cash": 0,
            "stock": 0,
            "eps": -0.52
        },
        "2012": {
            "cash": 0,
            "stock": 0,
            "eps": -0.88
        },
        "2013": {
            "cash": 0,
            "stock": 0,
            "eps": 0.4
        },
        "2014": {
            "cash": 0,
            "stock": 0,
            "eps": 2.02
        },
        "2015": {
            "cash": 0,
            "stock": 0,
            "eps": 3.12
        },
        "2016": {
            "cash": 2,
            "stock": 0,
            "eps": 2.59
        },
        "2017": {
            "cash": 2,
            "stock": 0,
            "eps": 2.19
        },
        "2018": {
            "cash": 2,
            "stock": 0,
            "eps": 4.48
        },
        "2019": {
            "cash": 3,
            "stock": 0,
            "eps": 4.18
        },
        "2020": {
            "cash": 3,
            "stock": 0,
            "eps": 5.02
        },
        "2021": {
            "cash": 3.5,
            "stock": 0,
            "eps": 3.58
        },
        "2022": {
            "cash": 2.5,
            "stock": 0,
            "eps": 4.95
        },
        "2023": {
            "cash": 2.5,
            "stock": 0,
            "eps": 1.25
        }
    },
    "dividends": {
        "2003-04-21": {
            "cash": 0,
            "stock": 3
        },
        "2004-03-30": {
            "cash": 0.7,
            "stock": 2.3
        },
        "2005-03-10": {
            "cash": 1.5,
            "stock": 1.5
        },
        "2006-03-21": {
            "cash": 2.5,
            "stock": 0.5
        },
        "2007-03-26": {
            "cash": 2.5,
            "stock": 0.5
        },
        "2008-06-13": {
            "cash": 0.8,
            "stock": 0.2
        },
        "2016-09-30": {
            "cash": 2,
            "stock": 0
        },
        "2017-09-30": {
            "cash": 2,
            "stock": 0
        },
        "2018-09-28": {
            "cash": 2,
            "stock": 0
        },
        "2019-09-27": {
            "cash": 3,
            "stock": 0
        },
        "2020-09-25": {
            "cash": 3,
            "stock": 0
        },
        "2021-09-24": {
            "cash": 3.5,
            "stock": 0
        },
        "2022-09-23": {
            "cash": 2.5,
            "stock": 0
        },
        "2023-09-14": {
            "cash": 2.5,
            "stock": 0
        }
    },
    "prices": {
        "200101": "無",
        "200102": "無",
        "200103": "無",
        "200104": "無",
        "200105": "無",
        "200106": "無",
        "200107": "無",
        "200108": "無",
        "200109": "無",
        "200110": "無",
        "200111": "無",
        "200112": "無",
        "200201": "無",
        "200202": "無",
        "200203": "無",
        "200204": "無",
        "200205": "無",
        "200206": "無",
        "200207": "無",
        "200208": "無",
        "200209": "無",
        "200210": "無",
        "200211": "無",
        "200212": "無",
        "200301": "無",
        "200302": "無",
        "200303": "無",
        "200304": "無",
        "200305": "無",
        "200306": "無",
        "200307": "無",
        "200308": "無",
        "200309": "46.00",
        "200310": "38.06",
        "200311": "38.00",
        "200312": "38.50",
        "200401": "無",
        "200402": "39.79",
        "200403": "40.11",
        "200404": "44.08",
        "200405": "44.90",
        "200406": "42.24",
        "200407": "44.86",
        "200408": "43.57",
        "200409": "39.03",
        "200410": "34.32",
        "200411": "31.83",
        "200412": "32.75",
        "200501": "35.20",
        "200502": "49.71",
        "200503": "63.97",
        "200504": "57.13",
        "200505": "53.40",
        "200506": "54.99",
        "200507": "54.60",
        "200508": "51.13",
        "200509": "45.17",
        "200510": "39.66",
        "200511": "42.09",
        "200512": "48.26",
        "200601": "48.68",
        "200602": "42.45",
        "200603": "44.96",
        "200604": "47.42",
        "200605": "52.87",
        "200606": "47.23",
        "200607": "45.16",
        "200608": "41.69",
        "200609": "39.95",
        "200610": "41.33",
        "200611": "46.16",
        "200612": "49.42",
        "200701": "53.53",
        "200702": "48.00",
        "200703": "48.33",
        "200704": "48.74",
        "200705": "43.03",
        "200706": "46.84",
        "200707": "45.78",
        "200708": "36.06",
        "200709": "34.02",
        "200710": "31.81",
        "200711": "29.37",
        "200712": "24.83",
        "200801": "20.95",
        "200802": "18.24",
        "200803": "20.42",
        "200804": "20.74",
        "200805": "20.33",
        "200806": "16.88",
        "200807": "12.49",
        "200808": "11.53",
        "200809": "9.10",
        "200810": "8.79",
        "200811": "5.73",
        "200812": "6.31",
        "200901": "7.09",
        "200902": "7.60",
        "200903": "7.64",
        "200904": "8.52",
        "200905": "8.32",
        "200906": "8.61",
        "200907": "8.16",
        "200908": "9.37",
        "200909": "9.13",
        "200910": "9.89",
        "200911": "10.49",
        "200912": "10.33",
        "201001": "12.84",
        "201002": "12.10",
        "201003": "14.64",
        "201004": "18.66",
        "201005": "25.30",
        "201006": "24.67",
        "201007": "24.23",
        "201008": "21.14",
        "201009": "19.79",
        "201010": "18.76",
        "201011": "17.57",
        "201012": "16.46",
        "201101": "13.33",
        "201102": "13.56",
        "201103": "13.76",
        "201104": "16.41",
        "201105": "15.58",
        "201106": "15.57",
        "201107": "15.89",
        "201108": "13.50",
        "201109": "17.28",
        "201110": "18.46",
        "201111": "17.74",
        "201112": "18.18",
        "201201": "18.60",
        "201202": "22.69",
        "201203": "25.52",
        "201204": "28.84",
        "201205": "26.95",
        "201206": "26.81",
        "201207": "27.22",
        "201208": "26.08",
        "201209": "24.68",
        "201210": "25.57",
        "201211": "25.48",
        "201212": "25.38",
        "201301": "26.36",
        "201302": "29.74",
        "201303": "37.02",
        "201304": "40.37",
        "201305": "40.15",
        "201306": "39.26",
        "201307": "39.41",
        "201308": "41.71",
        "201309": "45.58",
        "201310": "46.90",
        "201311": "44.55",
        "201312": "42.74",
        "201401": "44.21",
        "201402": "45.12",
        "201403": "46.25",
        "201404": "44.92",
        "201405": "44.15",
        "201406": "44.74",
        "201407": "53.81",
        "201408": "59.65",
        "201409": "56.52",
        "201410": "54.05",
        "201411": "53.40",
        "201412": "56.30",
        "201501": "57.26",
        "201502": "57.05",
        "201503": "56.06",
        "201504": "56.73",
        "201505": "57.00",
        "201506": "57.79",
        "201507": "54.28",
        "201508": "48.75",
        "201509": "49.77",
        "201510": "50.96",
        "201511": "55.23",
        "201512": "64.63",
        "201601": "68.80",
        "201602": "73.05",
        "201603": "76.10",
        "201604": "72.76",
        "201605": "71.20",
        "201606": "71.14",
        "201607": "70.45",
        "201608": "68.62",
        "201609": "65.63",
        "201610": "65.64",
        "201611": "65.07",
        "201612": "65.66",
        "201701": "63.46",
        "201702": "64.19",
        "201703": "62.56",
        "201704": "60.83",
        "201705": "60.12",
        "201706": "59.43",
        "201707": "60.23",
        "201708": "59.20",
        "201709": "54.63",
        "201710": "55.18",
        "201711": "53.70",
        "201712": "56.32",
        "201801": "63.12",
        "201802": "59.33",
        "201803": "57.52",
        "201804": "56.48",
        "201805": "53.16",
        "201806": "50.83",
        "201807": "51.33",
        "201808": "52.27",
        "201809": "51.99",
        "201810": "54.15",
        "201811": "54.16",
        "201812": "53.43",
        "201901": "53.21",
        "201902": "54.85",
        "201903": "56.18",
        "201904": "56.37",
        "201905": "58.82",
        "201906": "61.66",
        "201907": "61.63",
        "201908": "59.80",
        "201909": "57.96",
        "201910": "56.77",
        "201911": "57.88",
        "201912": "57.88",
        "202001": "57.29",
        "202002": "57.04",
        "202003": "51.52",
        "202004": "50.08",
        "202005": "53.15",
        "202006": "53.62",
        "202007": "53.77",
        "202008": "53.73",
        "202009": "54.26",
        "202010": "56.94",
        "202011": "58.03",
        "202012": "62.93",
        "202101": "66.94",
        "202102": "66.06",
        "202103": "68.95",
        "202104": "72.92",
        "202105": "67.73",
        "202106": "68.31",
        "202107": "68.53",
        "202108": "67.46",
        "202109": "65.97",
        "202110": "66.88",
        "202111": "66.69",
        "202112": "63.40",
        "202201": "63.49",
        "202202": "63.89",
        "202203": "62.69",
        "202204": "62.97",
        "202205": "63.15",
        "202206": "63.01",
        "202207": "62.28",
        "202208": "62.24",
        "202209": "58.98",
        "202210": "56.42",
        "202211": "55.15",
        "202212": "58.39",
        "202301": "56.30",
        "202302": "54.88",
        "202303": "54.34",
        "202304": "56.86",
        "202305": "58.99",
        "202306": "60.14",
        "202307": "60.37",
        "202308": "60.47",
        "202309": "55.66"
    },
    "quarters": {
        "20011": {
            "year_quarter": 20011,
            "year": 2001,
            "quarter": 1,
            "eps": null,
            "eps_growth_year": null,
            "eps_4q": null,
            "eps_4q_growth_year": null,
            "roe": null,
            "roe_4q": 0,
            "gross_profit": null,
            "gross_margin": null,
            "gross_margin_4q_avg": 0,
            "net_income": null,
            "revenue": null,
            "common_shares": null,
            "book_valuer_per_share": null,
            "book_valuer_per_share_4q_avg": 0,
            "equity": null,
            "current_ratio": null,
            "debt_ratio": null,
            "inventory_turnover_ratio": null,
            "account_receivable_turnover_ratio": null,
            "reinvestment_rate": null,
            "research_to_sale_ratio": null,
            "price_fair": 0,
            "eps_avg_yearly": 0,
            "eps_latest_yearly": 0,
            "eps_growth_yearly": 0
        },
        "20012": {
            "year_quarter": 20012,
            "year": 2001,
            "quarter": 2,
            "eps": null,
            "eps_growth_year": null,
            "eps_4q": null,
            "eps_4q_growth_year": null,
            "roe": null,
            "roe_4q": 0,
            "gross_profit": null,
            "gross_margin": null,
            "gross_margin_4q_avg": 0,
            "net_income": null,
            "revenue": null,
            "common_shares": null,
            "book_valuer_per_share": null,
            "book_valuer_per_share_4q_avg": 0,
            "equity": null,
            "current_ratio": null,
            "debt_ratio": null,
            "inventory_turnover_ratio": null,
            "account_receivable_turnover_ratio": null,
            "reinvestment_rate": null,
            "research_to_sale_ratio": null,
            "price_fair": 0,
            "eps_avg_yearly": 0,
            "eps_latest_yearly": 0,
            "eps_growth_yearly": 0
        },
        "20013": {
            "year_quarter": 20013,
            "year": 2001,
            "quarter": 3,
            "eps": null,
            "eps_growth_year": null,
            "eps_4q": null,
            "eps_4q_growth_year": null,
            "roe": null,
            "roe_4q": 0,
            "gross_profit": null,
            "gross_margin": null,
            "gross_margin_4q_avg": 0,
            "net_income": null,
            "revenue": null,
            "common_shares": null,
            "book_valuer_per_share": null,
            "book_valuer_per_share_4q_avg": 0,
            "equity": null,
            "current_ratio": null,
            "debt_ratio": null,
            "inventory_turnover_ratio": null,
            "account_receivable_turnover_ratio": null,
            "reinvestment_rate": null,
            "research_to_sale_ratio": null,
            "price_fair": 0,
            "eps_avg_yearly": 0,
            "eps_latest_yearly": 0,
            "eps_growth_yearly": 0
        },
        "20014": {
            "year_quarter": 20014,
            "year": 2001,
            "quarter": 4,
            "eps": null,
            "eps_growth_year": null,
            "eps_4q": null,
            "eps_4q_growth_year": null,
            "roe": null,
            "roe_4q": 0,
            "gross_profit": null,
            "gross_margin": null,
            "gross_margin_4q_avg": 0,
            "net_income": null,
            "revenue": null,
            "common_shares": 110000,
            "book_valuer_per_share": 13.01,
            "book_valuer_per_share_4q_avg": 3.25,
            "equity": 143159,
            "current_ratio": 223.38,
            "debt_ratio": 38.88,
            "inventory_turnover_ratio": null,
            "account_receivable_turnover_ratio": null,
            "reinvestment_rate": null,
            "research_to_sale_ratio": null,
            "price_fair": 0,
            "eps_avg_yearly": 0,
            "eps_latest_yearly": 0,
            "eps_growth_yearly": 0
        },
        "20021": {
            "year_quarter": 20021,
            "year": 2002,
            "quarter": 1,
            "eps": null,
            "eps_growth_year": null,
            "eps_4q": null,
            "eps_4q_growth_year": null,
            "roe": null,
            "roe_4q": 0,
            "gross_profit": null,
            "gross_margin": null,
            "gross_margin_4q_avg": 0,
            "net_income": null,
            "revenue": null,
            "common_shares": null,
            "book_valuer_per_share": null,
            "book_valuer_per_share_4q_avg": 3.25,
            "equity": null,
            "current_ratio": null,
            "debt_ratio": null,
            "inventory_turnover_ratio": null,
            "account_receivable_turnover_ratio": null,
            "reinvestment_rate": null,
            "research_to_sale_ratio": null,
            "price_fair": 0,
            "eps_avg_yearly": 0,
            "eps_latest_yearly": 0,
            "eps_growth_yearly": 0
        },
        "20022": {
            "year_quarter": 20022,
            "year": 2002,
            "quarter": 2,
            "eps": null,
            "eps_growth_year": null,
            "eps_4q": null,
            "eps_4q_growth_year": null,
            "roe": null,
            "roe_4q": 0,
            "gross_profit": null,
            "gross_margin": null,
            "gross_margin_4q_avg": 0,
            "net_income": null,
            "revenue": null,
            "common_shares": null,
            "book_valuer_per_share": null,
            "book_valuer_per_share_4q_avg": 3.25,
            "equity": null,
            "current_ratio": null,
            "debt_ratio": null,
            "inventory_turnover_ratio": null,
            "account_receivable_turnover_ratio": null,
            "reinvestment_rate": null,
            "research_to_sale_ratio": null,
            "price_fair": 0,
            "eps_avg_yearly": 0,
            "eps_latest_yearly": 0,
            "eps_growth_yearly": 0
        },
        "20023": {
            "year_quarter": 20023,
            "year": 2002,
            "quarter": 3,
            "eps": 0.78,
            "eps_growth_year": null,
            "eps_4q": null,
            "eps_4q_growth_year": null,
            "roe": 6.2,
            "roe_4q": 6.2,
            "gross_profit": 31228,
            "gross_margin": 28.3,
            "gross_margin_4q_avg": 7.08,
            "net_income": 13936,
            "revenue": 110327,
            "common_shares": 160000,
            "book_valuer_per_share": 14.05,
            "book_valuer_per_share_4q_avg": 6.77,
            "equity": 224813,
            "current_ratio": 262.52,
            "debt_ratio": 35.05,
            "inventory_turnover_ratio": 4.03,
            "account_receivable_turnover_ratio": null,
            "reinvestment_rate": null,
            "research_to_sale_ratio": null,
            "price_fair": 0,
            "eps_avg_yearly": 0,
            "eps_latest_yearly": 0,
            "eps_growth_yearly": 0
        },
        "20024": {
            "year_quarter": 20024,
            "year": 2002,
            "quarter": 4,
            "eps": 1.23,
            "eps_growth_year": null,
            "eps_4q": null,
            "eps_4q_growth_year": null,
            "roe": 7.5,
            "roe_4q": 13.7,
            "gross_profit": 31017,
            "gross_margin": 32.31,
            "gross_margin_4q_avg": 15.15,
            "net_income": 17514,
            "revenue": 95986,
            "common_shares": 160000,
            "book_valuer_per_share": 15.15,
            "book_valuer_per_share_4q_avg": 7.3,
            "equity": 242326,
            "current_ratio": 290.58,
            "debt_ratio": 31.92,
            "inventory_turnover_ratio": 2.92,
            "account_receivable_turnover_ratio": null,
            "reinvestment_rate": null,
            "research_to_sale_ratio": null,
            "price_fair": 172.2,
            "eps_avg_yearly": 4.92,
            "eps_latest_yearly": 4.92,
            "eps_growth_yearly": 230.77
        },
        "20031": {
            "year_quarter": 20031,
            "year": 2003,
            "quarter": 1,
            "eps": 0.27,
            "eps_growth_year": null,
            "eps_4q": null,
            "eps_4q_growth_year": null,
            "roe": 1.76,
            "roe_4q": 15.46,
            "gross_profit": 18990,
            "gross_margin": 26.96,
            "gross_margin_4q_avg": 21.89,
            "net_income": 4301,
            "revenue": 70448,
            "common_shares": 160000,
            "book_valuer_per_share": 15.41,
            "book_valuer_per_share_4q_avg": 11.15,
            "equity": 246627,
            "current_ratio": 330.32,
            "debt_ratio": 28.83,
            "inventory_turnover_ratio": 2.14,
            "account_receivable_turnover_ratio": null,
            "reinvestment_rate": null,
            "research_to_sale_ratio": null,
            "price_fair": 9,
            "eps_avg_yearly": 3,
            "eps_latest_yearly": 1.08,
            "eps_growth_yearly": -40.71
        },
        "20032": {
            "year_quarter": 20032,
            "year": 2003,
            "quarter": 2,
            "eps": 0.77,
            "eps_growth_year": null,
            "eps_4q": 2.99,
            "eps_4q_growth_year": null,
            "roe": 4.91,
            "roe_4q": 20.37,
            "gross_profit": 31874,
            "gross_margin": 32.33,
            "gross_margin_4q_avg": 29.98,
            "net_income": 12415,
            "revenue": 98598,
            "common_shares": 160000,
            "book_valuer_per_share": 16.16,
            "book_valuer_per_share_4q_avg": 15.19,
            "equity": 258621,
            "current_ratio": 304.63,
            "debt_ratio": 30.66,
            "inventory_turnover_ratio": 2.46,
            "account_receivable_turnover_ratio": null,
            "reinvestment_rate": null,
            "research_to_sale_ratio": null,
            "price_fair": 105.93,
            "eps_avg_yearly": 3.03,
            "eps_latest_yearly": 3.08,
            "eps_growth_yearly": 219.77
        },
        "20033": {
            "year_quarter": 20033,
            "year": 2003,
            "quarter": 3,
            "eps": 0.93,
            "eps_growth_year": 19.23,
            "eps_4q": 2.56,
            "eps_4q_growth_year": null,
            "roe": 7.27,
            "roe_4q": 21.439999999999998,
            "gross_profit": 43036,
            "gross_margin": 29.23,
            "gross_margin_4q_avg": 30.21,
            "net_income": 19522,
            "revenue": 147237,
            "common_shares": 160000,
            "book_valuer_per_share": 17.38,
            "book_valuer_per_share_4q_avg": 16.03,
            "equity": 278143,
            "current_ratio": 415.77,
            "debt_ratio": 23.86,
            "inventory_turnover_ratio": 3.82,
            "account_receivable_turnover_ratio": null,
            "reinvestment_rate": null,
            "research_to_sale_ratio": null,
            "price_fair": 112,
            "eps_avg_yearly": 3.2,
            "eps_latest_yearly": 3.72,
            "eps_growth_yearly": 185.61
        },
        "20034": {
            "year_quarter": 20034,
            "year": 2003,
            "quarter": 4,
            "eps": 1.04,
            "eps_growth_year": -15.45,
            "eps_4q": 2.76,
            "eps_4q_growth_year": null,
            "roe": 7.31,
            "roe_4q": 21.25,
            "gross_profit": 44777,
            "gross_margin": 30.29,
            "gross_margin_4q_avg": 29.7,
            "net_income": 21943,
            "revenue": 147807,
            "common_shares": 210000,
            "book_valuer_per_share": 14.28,
            "book_valuer_per_share_4q_avg": 15.81,
            "equity": 322402,
            "current_ratio": 306.3,
            "debt_ratio": 30.17,
            "inventory_turnover_ratio": 2.15,
            "account_receivable_turnover_ratio": null,
            "reinvestment_rate": null,
            "research_to_sale_ratio": null,
            "price_fair": 118.72,
            "eps_avg_yearly": 3.39,
            "eps_latest_yearly": 4.16,
            "eps_growth_yearly": 157.95
        },
        "20041": {
            "year_quarter": 20041,
            "year": 2004,
            "quarter": 1,
            "eps": 1.03,
            "eps_growth_year": 281.48,
            "eps_4q": 3.58,
            "eps_4q_growth_year": null,
            "roe": 6.75,
            "roe_4q": 26.24,
            "gross_profit": 43896,
            "gross_margin": 29.13,
            "gross_margin_4q_avg": 30.25,
            "net_income": 21722,
            "revenue": 150668,
            "common_shares": 210000,
            "book_valuer_per_share": 15.31,
            "book_valuer_per_share_4q_avg": 15.78,
            "equity": 321564,
            "current_ratio": 345.58,
            "debt_ratio": 24.58,
            "inventory_turnover_ratio": 2.26,
            "account_receivable_turnover_ratio": null,
            "reinvestment_rate": null,
            "research_to_sale_ratio": null,
            "price_fair": 122.97,
            "eps_avg_yearly": 3.51,
            "eps_latest_yearly": 4.12,
            "eps_growth_yearly": 130.98
        },
        "20042": {
            "year_quarter": 20042,
            "year": 2004,
            "quarter": 2,
            "eps": 1.47,
            "eps_growth_year": 90.91,
            "eps_4q": 4.48,
            "eps_4q_growth_year": 49.83,
            "roe": 9.38,
            "roe_4q": 30.71,
            "gross_profit": 57976,
            "gross_margin": 33.02,
            "gross_margin_4q_avg": 30.42,
            "net_income": 30900,
            "revenue": 175593,
            "common_shares": 210000,
            "book_valuer_per_share": 16.06,
            "book_valuer_per_share_4q_avg": 15.76,
            "equity": 337178,
            "current_ratio": 318.36,
            "debt_ratio": 24.02,
            "inventory_turnover_ratio": 6.09,
            "account_receivable_turnover_ratio": null,
            "reinvestment_rate": null,
            "research_to_sale_ratio": null,
            "price_fair": 134.8,
            "eps_avg_yearly": 3.85,
            "eps_latest_yearly": 5.88,
            "eps_growth_yearly": 136.68
        },
        "20043": {
            "year_quarter": 20043,
            "year": 2004,
            "quarter": 3,
            "eps": 1.11,
            "eps_growth_year": 19.35,
            "eps_4q": 3.95,
            "eps_4q_growth_year": 54.34,
            "roe": 8.28,
            "roe_4q": 31.72,
            "gross_profit": 54628,
            "gross_margin": 32.53,
            "gross_margin_4q_avg": 31.24,
            "net_income": 29121,
            "revenue": 167932,
            "common_shares": 262300,
            "book_valuer_per_share": 13.96,
            "book_valuer_per_share_4q_avg": 14.9,
            "equity": 366298,
            "current_ratio": 473.88,
            "debt_ratio": 16.35,
            "inventory_turnover_ratio": 7.53,
            "account_receivable_turnover_ratio": null,
            "reinvestment_rate": null,
            "research_to_sale_ratio": null,
            "price_fair": 137.38,
            "eps_avg_yearly": 3.93,
            "eps_latest_yearly": 4.44,
            "eps_growth_yearly": 107.35
        },
        "20044": {
            "year_quarter": 20044,
            "year": 2004,
            "quarter": 4,
            "eps": 0.81,
            "eps_growth_year": -22.12,
            "eps_4q": 3.94,
            "eps_4q_growth_year": 42.84,
            "roe": 5.62,
            "roe_4q": 30.03,
            "gross_profit": 68229,
            "gross_margin": 35.56,
            "gross_margin_4q_avg": 32.56,
            "net_income": 21162,
            "revenue": 191897,
            "common_shares": 262300,
            "book_valuer_per_share": 14.72,
            "book_valuer_per_share_4q_avg": 15.01,
            "equity": 386167,
            "current_ratio": 204.81,
            "debt_ratio": 40.11,
            "inventory_turnover_ratio": 1.68,
            "account_receivable_turnover_ratio": null,
            "reinvestment_rate": null,
            "research_to_sale_ratio": null,
            "price_fair": 134.71,
            "eps_avg_yearly": 3.85,
            "eps_latest_yearly": 3.24,
            "eps_growth_yearly": 83.41
        },
        "20051": {
            "year_quarter": 20051,
            "year": 2005,
            "quarter": 1,
            "eps": 1.27,
            "eps_growth_year": 23.3,
            "eps_4q": 4.37,
            "eps_4q_growth_year": 21.9,
            "roe": 8.26,
            "roe_4q": 31.54,
            "gross_profit": 78882,
            "gross_margin": 32.77,
            "gross_margin_4q_avg": 33.47,
            "net_income": 33261,
            "revenue": 240688,
            "common_shares": 262300,
            "book_valuer_per_share": 15.99,
            "book_valuer_per_share_4q_avg": 15.18,
            "equity": 419428,
            "current_ratio": 279.61,
            "debt_ratio": 29.13,
            "inventory_turnover_ratio": 2,
            "account_receivable_turnover_ratio": null,
            "reinvestment_rate": null,
            "research_to_sale_ratio": null,
            "price_fair": 139.02,
            "eps_avg_yearly": 3.97,
            "eps_latest_yearly": 5.08,
            "eps_growth_yearly": 97.79
        },
        "20052": {
            "year_quarter": 20052,
            "year": 2005,
            "quarter": 2,
            "eps": 1.08,
            "eps_growth_year": -26.53,
            "eps_4q": 3.79,
            "eps_4q_growth_year": -15.26,
            "roe": 8,
            "roe_4q": 30.159999999999997,
            "gross_profit": 75208,
            "gross_margin": 34.29,
            "gross_margin_4q_avg": 33.79,
            "net_income": 33257,
            "revenue": 219334,
            "common_shares": 262300,
            "book_valuer_per_share": 15.72,
            "book_valuer_per_share_4q_avg": 15.1,
            "equity": 412303,
            "current_ratio": 246.69,
            "debt_ratio": 33.08,
            "inventory_turnover_ratio": 6.16,
            "account_receivable_turnover_ratio": null,
            "reinvestment_rate": null,
            "research_to_sale_ratio": null,
            "price_fair": 140.13,
            "eps_avg_yearly": 4,
            "eps_latest_yearly": 4.32,
            "eps_growth_yearly": 83.46
        },
        "20053": {
            "year_quarter": 20053,
            "year": 2005,
            "quarter": 3,
            "eps": 0.78,
            "eps_growth_year": -29.73,
            "eps_4q": 3.63,
            "eps_4q_growth_year": -8.2,
            "roe": 5.65,
            "roe_4q": 27.53,
            "gross_profit": 61218,
            "gross_margin": 31.91,
            "gross_margin_4q_avg": 33.63,
            "net_income": 24014,
            "revenue": 191827,
            "common_shares": 308645,
            "book_valuer_per_share": 14.19,
            "book_valuer_per_share_4q_avg": 15.16,
            "equity": 438003,
            "current_ratio": 274.3,
            "debt_ratio": 26.78,
            "inventory_turnover_ratio": 7.6,
            "account_receivable_turnover_ratio": null,
            "reinvestment_rate": null,
            "research_to_sale_ratio": null,
            "price_fair": 137.55,
            "eps_avg_yearly": 3.93,
            "eps_latest_yearly": 3.12,
            "eps_growth_yearly": 67.24
        },
        "20054": {
            "year_quarter": 20054,
            "year": 2005,
            "quarter": 4,
            "eps": 0.8,
            "eps_growth_year": -1.23,
            "eps_4q": 3.73,
            "eps_4q_growth_year": -5.25,
            "roe": 5.44,
            "roe_4q": 27.35,
            "gross_profit": 77784,
            "gross_margin": 34.01,
            "gross_margin_4q_avg": 33.25,
            "net_income": 24702,
            "revenue": 228724,
            "common_shares": 308645,
            "book_valuer_per_share": 14.96,
            "book_valuer_per_share_4q_avg": 15.22,
            "equity": 469980,
            "current_ratio": 234.48,
            "debt_ratio": 34.75,
            "inventory_turnover_ratio": 2.14,
            "account_receivable_turnover_ratio": null,
            "reinvestment_rate": null,
            "research_to_sale_ratio": null,
            "price_fair": 135.58,
            "eps_avg_yearly": 3.87,
            "eps_latest_yearly": 3.2,
            "eps_growth_yearly": 62.86
        },
        "20061": {
            "year_quarter": 20061,
            "year": 2006,
            "quarter": 1,
            "eps": 0.98,
            "eps_growth_year": -22.83,
            "eps_4q": 3.64,
            "eps_4q_growth_year": -16.79,
            "roe": 6.29,
            "roe_4q": 25.380000000000003,
            "gross_profit": 68253,
            "gross_margin": 30.89,
            "gross_margin_4q_avg": 32.78,
            "net_income": 30243,
            "revenue": 220974,
            "common_shares": 308645,
            "book_valuer_per_share": 15.92,
            "book_valuer_per_share_4q_avg": 15.2,
            "equity": 491299,
            "current_ratio": 282.69,
            "debt_ratio": 28.55,
            "inventory_turnover_ratio": 2.22,
            "account_receivable_turnover_ratio": null,
            "reinvestment_rate": null,
            "research_to_sale_ratio": null,
            "price_fair": 135.7,
            "eps_avg_yearly": 3.88,
            "eps_latest_yearly": 3.92,
            "eps_growth_yearly": 64.8
        },
        "20062": {
            "year_quarter": 20062,
            "year": 2006,
            "quarter": 2,
            "eps": 1,
            "eps_growth_year": -7.41,
            "eps_4q": 3.37,
            "eps_4q_growth_year": -11.18,
            "roe": 7.11,
            "roe_4q": 24.490000000000002,
            "gross_profit": 71322,
            "gross_margin": 32.71,
            "gross_margin_4q_avg": 32.38,
            "net_income": 33329,
            "revenue": 218068,
            "common_shares": 308645,
            "book_valuer_per_share": 14.44,
            "book_valuer_per_share_4q_avg": 14.88,
            "equity": 445784,
            "current_ratio": 226.15,
            "debt_ratio": 35.33,
            "inventory_turnover_ratio": 12.07,
            "account_receivable_turnover_ratio": null,
            "reinvestment_rate": 19.25,
            "research_to_sale_ratio": null,
            "price_fair": 135.99,
            "eps_avg_yearly": 3.89,
            "eps_latest_yearly": 4,
            "eps_growth_yearly": 61.02
        },
        "20063": {
            "year_quarter": 20063,
            "year": 2006,
            "quarter": 3,
            "eps": 0.94,
            "eps_growth_year": 20.51,
            "eps_4q": 3.6,
            "eps_4q_growth_year": -0.75,
            "roe": 6.75,
            "roe_4q": 25.59,
            "gross_profit": 62134,
            "gross_margin": 27.96,
            "gross_margin_4q_avg": 31.39,
            "net_income": 31186,
            "revenue": 222186,
            "common_shares": 333077,
            "book_valuer_per_share": 14.37,
            "book_valuer_per_share_4q_avg": 14.92,
            "equity": 478609,
            "current_ratio": 331,
            "debt_ratio": 23.53,
            "inventory_turnover_ratio": 9.16,
            "account_receivable_turnover_ratio": null,
            "reinvestment_rate": 5.59,
            "research_to_sale_ratio": null,
            "price_fair": 135.71,
            "eps_avg_yearly": 3.88,
            "eps_latest_yearly": 3.76,
            "eps_growth_yearly": 55.71
        },
        "20064": {
            "year_quarter": 20064,
            "year": 2006,
            "quarter": 4,
            "eps": 1.18,
            "eps_growth_year": 47.5,
            "eps_4q": 4.02,
            "eps_4q_growth_year": 7.7,
            "roe": 7.86,
            "roe_4q": 28.009999999999998,
            "gross_profit": 69473,
            "gross_margin": 28.58,
            "gross_margin_4q_avg": 30.04,
            "net_income": 39383,
            "revenue": 243099,
            "common_shares": 333077,
            "book_valuer_per_share": 15.53,
            "book_valuer_per_share_4q_avg": 15.07,
            "equity": 523410,
            "current_ratio": 247.01,
            "debt_ratio": 33.68,
            "inventory_turnover_ratio": 2.07,
            "account_receivable_turnover_ratio": null,
            "reinvestment_rate": 10.53,
            "research_to_sale_ratio": null,
            "price_fair": 135.28,
            "eps_avg_yearly": 3.87,
            "eps_latest_yearly": 4.72,
            "eps_growth_yearly": 47.67
        },
        "20071": {
            "year_quarter": 20071,
            "year": 2007,
            "quarter": 1,
            "eps": 0.39,
            "eps_growth_year": -60.2,
            "eps_4q": 3.5,
            "eps_4q_growth_year": -3.87,
            "roe": 2.47,
            "roe_4q": 24.189999999999998,
            "gross_profit": 41868,
            "gross_margin": 25.69,
            "gross_margin_4q_avg": 28.74,
            "net_income": 13048,
            "revenue": 162991,
            "common_shares": 333077,
            "book_valuer_per_share": 15.95,
            "book_valuer_per_share_4q_avg": 15.07,
            "equity": 531346,
            "current_ratio": 414.28,
            "debt_ratio": 20.01,
            "inventory_turnover_ratio": 1.5,
            "account_receivable_turnover_ratio": null,
            "reinvestment_rate": 4.23,
            "research_to_sale_ratio": null,
            "price_fair": 136.33,
            "eps_avg_yearly": 3.9,
            "eps_latest_yearly": 1.56,
            "eps_growth_yearly": 50.44
        },
        "20072": {
            "year_quarter": 20072,
            "year": 2007,
            "quarter": 2,
            "eps": 0.37,
            "eps_growth_year": -63,
            "eps_4q": 2.67,
            "eps_4q_growth_year": -20.87,
            "roe": 2.73,
            "roe_4q": 19.810000000000002,
            "gross_profit": 44006,
            "gross_margin": 29.3,
            "gross_margin_4q_avg": 27.88,
            "net_income": 13476,
            "revenue": 150181,
            "common_shares": 333077,
            "book_valuer_per_share": 13.73,
            "book_valuer_per_share_4q_avg": 14.9,
            "equity": 457443,
            "current_ratio": 242.53,
            "debt_ratio": 33.46,
            "inventory_turnover_ratio": 6.42,
            "account_receivable_turnover_ratio": null,
            "reinvestment_rate": 4.04,
            "research_to_sale_ratio": null,
            "price_fair": 48.82,
            "eps_avg_yearly": 3.8,
            "eps_latest_yearly": 1.48,
            "eps_growth_yearly": 2.86
        },
        "20073": {
            "year_quarter": 20073,
            "year": 2007,
            "quarter": 3,
            "eps": 1.07,
            "eps_growth_year": 13.83,
            "eps_4q": 2.9,
            "eps_4q_growth_year": -19.49,
            "roe": 8.09,
            "roe_4q": 21.150000000000002,
            "gross_profit": 33557,
            "gross_margin": 24.39,
            "gross_margin_4q_avg": 26.99,
            "net_income": 38560,
            "revenue": 137604,
            "common_shares": 361731,
            "book_valuer_per_share": 13.7,
            "book_valuer_per_share_4q_avg": 14.73,
            "equity": 495544,
            "current_ratio": 404.68,
            "debt_ratio": 19.83,
            "inventory_turnover_ratio": 4.5,
            "account_receivable_turnover_ratio": null,
            "reinvestment_rate": 3.57,
            "research_to_sale_ratio": null,
            "price_fair": 134.05,
            "eps_avg_yearly": 3.83,
            "eps_latest_yearly": 4.28,
            "eps_growth_yearly": 44.97
        },
        "20074": {
            "year_quarter": 20074,
            "year": 2007,
            "quarter": 4,
            "eps": -0.38,
            "eps_growth_year": -132.2,
            "eps_4q": 1.42,
            "eps_4q_growth_year": -64.68,
            "roe": -2.82,
            "roe_4q": 10.47,
            "gross_profit": 33664,
            "gross_margin": 22.06,
            "gross_margin_4q_avg": 25.36,
            "net_income": -13817,
            "revenue": 152622,
            "common_shares": 361731,
            "book_valuer_per_share": 13.24,
            "book_valuer_per_share_4q_avg": 14.16,
            "equity": 485117,
            "current_ratio": 270.73,
            "debt_ratio": 30.79,
            "inventory_turnover_ratio": 1.22,
            "account_receivable_turnover_ratio": null,
            "reinvestment_rate": 6.32,
            "research_to_sale_ratio": null,
            "price_fair": 133.28,
            "eps_avg_yearly": 3.81,
            "eps_latest_yearly": 4.28,
            "eps_growth_yearly": 44.81
        },
        "20081": {
            "year_quarter": 20081,
            "year": 2008,
            "quarter": 1,
            "eps": -0.29,
            "eps_growth_year": -174.36,
            "eps_4q": 0.74,
            "eps_4q_growth_year": -78.77,
            "roe": -2.25,
            "roe_4q": 5.75,
            "gross_profit": 26320,
            "gross_margin": 20.34,
            "gross_margin_4q_avg": 24.02,
            "net_income": -10773,
            "revenue": 129372,
            "common_shares": 361731,
            "book_valuer_per_share": 12.84,
            "book_valuer_per_share_4q_avg": 13.38,
            "equity": 470619,
            "current_ratio": 294.13,
            "debt_ratio": 28.2,
            "inventory_turnover_ratio": 0.64,
            "account_receivable_turnover_ratio": null,
            "reinvestment_rate": 10.06,
            "research_to_sale_ratio": null,
            "price_fair": 132.5,
            "eps_avg_yearly": 3.79,
            "eps_latest_yearly": 4.28,
            "eps_growth_yearly": 48.29
        },
        "20082": {
            "year_quarter": 20082,
            "year": 2008,
            "quarter": 2,
            "eps": -1.04,
            "eps_growth_year": -381.08,
            "eps_4q": -0.68,
            "eps_4q_growth_year": -125.43,
            "roe": -8.86,
            "roe_4q": -5.84,
            "gross_profit": 18562,
            "gross_margin": 15.78,
            "gross_margin_4q_avg": 20.64,
            "net_income": -38614,
            "revenue": 117641,
            "common_shares": 361731,
            "book_valuer_per_share": 10.93,
            "book_valuer_per_share_4q_avg": 12.68,
            "equity": 401354,
            "current_ratio": 231.7,
            "debt_ratio": 34.59,
            "inventory_turnover_ratio": 0.64,
            "account_receivable_turnover_ratio": null,
            "reinvestment_rate": 8.08,
            "research_to_sale_ratio": null,
            "price_fair": 126.86,
            "eps_avg_yearly": 3.62,
            "eps_latest_yearly": 4.28,
            "eps_growth_yearly": 38.86
        },
        "20083": {
            "year_quarter": 20083,
            "year": 2008,
            "quarter": 3,
            "eps": -0.1,
            "eps_growth_year": -109.35,
            "eps_4q": -1.79,
            "eps_4q_growth_year": -161.79,
            "roe": -0.89,
            "roe_4q": -14.82,
            "gross_profit": 26262,
            "gross_margin": 19.49,
            "gross_margin_4q_avg": 19.42,
            "net_income": -3483,
            "revenue": 134779,
            "common_shares": 372226,
            "book_valuer_per_share": 10.13,
            "book_valuer_per_share_4q_avg": 11.79,
            "equity": 383106,
            "current_ratio": 225.74,
            "debt_ratio": 35.19,
            "inventory_turnover_ratio": 0.68,
            "account_receivable_turnover_ratio": null,
            "reinvestment_rate": 8.49,
            "research_to_sale_ratio": null,
            "price_fair": 124.48,
            "eps_avg_yearly": 3.56,
            "eps_latest_yearly": 4.28,
            "eps_growth_yearly": 50.26
        },
        "20084": {
            "year_quarter": 20084,
            "year": 2008,
            "quarter": 4,
            "eps": -1.13,
            "eps_growth_year": null,
            "eps_4q": -2.55,
            "eps_4q_growth_year": -279.73,
            "roe": -11.73,
            "roe_4q": -23.73,
            "gross_profit": 5108,
            "gross_margin": 4.73,
            "gross_margin_4q_avg": 15.09,
            "net_income": -42013,
            "revenue": 107957,
            "common_shares": 372226,
            "book_valuer_per_share": 8.86,
            "book_valuer_per_share_4q_avg": 10.69,
            "equity": 333391,
            "current_ratio": 245.19,
            "debt_ratio": 31.59,
            "inventory_turnover_ratio": 0.67,
            "account_receivable_turnover_ratio": 2.21,
            "reinvestment_rate": -1.28,
            "research_to_sale_ratio": null,
            "price_fair": 125.49,
            "eps_avg_yearly": 3.59,
            "eps_latest_yearly": 4.28,
            "eps_growth_yearly": 64.65
        },
        "20091": {
            "year_quarter": 20091,
            "year": 2009,
            "quarter": 1,
            "eps": -0.61,
            "eps_growth_year": null,
            "eps_4q": -2.87,
            "eps_4q_growth_year": -487.34,
            "roe": -6.83,
            "roe_4q": -28.310000000000002,
            "gross_profit": 19051,
            "gross_margin": 23.19,
            "gross_margin_4q_avg": 15.8,
            "net_income": -22736,
            "revenue": 82139,
            "common_shares": 372226,
            "book_valuer_per_share": 8.93,
            "book_valuer_per_share_4q_avg": 9.71,
            "equity": 332428,
            "current_ratio": 317.19,
            "debt_ratio": 23.97,
            "inventory_turnover_ratio": 0.46,
            "account_receivable_turnover_ratio": 0.9,
            "reinvestment_rate": 7.45,
            "research_to_sale_ratio": null,
            "price_fair": 120.26,
            "eps_avg_yearly": 3.44,
            "eps_latest_yearly": 4.28,
            "eps_growth_yearly": 48.4
        },
        "20092": {
            "year_quarter": 20092,
            "year": 2009,
            "quarter": 2,
            "eps": -0.48,
            "eps_growth_year": null,
            "eps_4q": -2.31,
            "eps_4q_growth_year": null,
            "roe": -5.48,
            "roe_4q": -24.93,
            "gross_profit": 10670,
            "gross_margin": 12.48,
            "gross_margin_4q_avg": 14.97,
            "net_income": -17719,
            "revenue": 85496,
            "common_shares": 372226,
            "book_valuer_per_share": 8.45,
            "book_valuer_per_share_4q_avg": 9.09,
            "equity": 314458,
            "current_ratio": 287.89,
            "debt_ratio": 26.25,
            "inventory_turnover_ratio": 0.62,
            "account_receivable_turnover_ratio": 1.04,
            "reinvestment_rate": 7.08,
            "research_to_sale_ratio": null,
            "price_fair": 116.82,
            "eps_avg_yearly": 3.34,
            "eps_latest_yearly": 4.28,
            "eps_growth_yearly": 60.43
        },
        "20093": {
            "year_quarter": 20093,
            "year": 2009,
            "quarter": 3,
            "eps": -1.48,
            "eps_growth_year": null,
            "eps_4q": -3.7,
            "eps_4q_growth_year": null,
            "roe": -19.23,
            "roe_4q": -43.269999999999996,
            "gross_profit": -7559,
            "gross_margin": -14.66,
            "gross_margin_4q_avg": 6.44,
            "net_income": -55274,
            "revenue": 51566,
            "common_shares": 372226,
            "book_valuer_per_share": 6.99,
            "book_valuer_per_share_4q_avg": 8.31,
            "equity": 260320,
            "current_ratio": 295.35,
            "debt_ratio": 25.35,
            "inventory_turnover_ratio": 0.59,
            "account_receivable_turnover_ratio": 0.88,
            "reinvestment_rate": -9.13,
            "research_to_sale_ratio": null,
            "price_fair": 117.78,
            "eps_avg_yearly": 3.37,
            "eps_latest_yearly": 4.28,
            "eps_growth_yearly": 81.87
        },
        "20094": {
            "year_quarter": 20094,
            "year": 2009,
            "quarter": 4,
            "eps": -1.42,
            "eps_growth_year": null,
            "eps_4q": -3.53,
            "eps_4q_growth_year": null,
            "roe": -14.73,
            "roe_4q": -46.269999999999996,
            "gross_profit": -427,
            "gross_margin": -0.76,
            "gross_margin_4q_avg": 5.06,
            "net_income": -35755,
            "revenue": 55943,
            "common_shares": 372226,
            "book_valuer_per_share": 6.05,
            "book_valuer_per_share_4q_avg": 7.61,
            "equity": 225083,
            "current_ratio": 236.72,
            "debt_ratio": 31.09,
            "inventory_turnover_ratio": 0.69,
            "account_receivable_turnover_ratio": 1.67,
            "reinvestment_rate": null,
            "research_to_sale_ratio": null,
            "price_fair": 118.6,
            "eps_avg_yearly": 3.39,
            "eps_latest_yearly": 4.28,
            "eps_growth_yearly": 92.11
        },
        "20101": {
            "year_quarter": 20101,
            "year": 2010,
            "quarter": 1,
            "eps": -0.99,
            "eps_growth_year": null,
            "eps_4q": -4.78,
            "eps_4q_growth_year": null,
            "roe": -10.54,
            "roe_4q": -49.980000000000004,
            "gross_profit": -2080,
            "gross_margin": -3.56,
            "gross_margin_4q_avg": -1.63,
            "net_income": -25856,
            "revenue": 58503,
            "common_shares": 281306,
            "book_valuer_per_share": 8.56,
            "book_valuer_per_share_4q_avg": 7.51,
            "equity": 265697,
            "current_ratio": 276.09,
            "debt_ratio": 27.9,
            "inventory_turnover_ratio": 0.99,
            "account_receivable_turnover_ratio": 0.83,
            "reinvestment_rate": null,
            "research_to_sale_ratio": 7.41,
            "price_fair": 115.5,
            "eps_avg_yearly": 3.3,
            "eps_latest_yearly": 4.28,
            "eps_growth_yearly": 92.46
        },
        "20102": {
            "year_quarter": 20102,
            "year": 2010,
            "quarter": 2,
            "eps": -0.54,
            "eps_growth_year": null,
            "eps_4q": -4.69,
            "eps_4q_growth_year": null,
            "roe": -6.12,
            "roe_4q": -50.620000000000005,
            "gross_profit": 9108,
            "gross_margin": 17.88,
            "gross_margin_4q_avg": -0.28,
            "net_income": -15051,
            "revenue": 50933,
            "common_shares": 281306,
            "book_valuer_per_share": 8.03,
            "book_valuer_per_share_4q_avg": 7.41,
            "equity": 225910,
            "current_ratio": 264.65,
            "debt_ratio": 23.86,
            "inventory_turnover_ratio": 0.94,
            "account_receivable_turnover_ratio": 0.68,
            "reinvestment_rate": null,
            "research_to_sale_ratio": 7.37,
            "price_fair": 110.6,
            "eps_avg_yearly": 3.16,
            "eps_latest_yearly": 4.28,
            "eps_growth_yearly": 109.31
        },
        "20103": {
            "year_quarter": 20103,
            "year": 2010,
            "quarter": 3,
            "eps": -0.38,
            "eps_growth_year": null,
            "eps_4q": -2.92,
            "eps_4q_growth_year": null,
            "roe": -4.81,
            "roe_4q": -36.2,
            "gross_profit": 9537,
            "gross_margin": 19.45,
            "gross_margin_4q_avg": 8.25,
            "net_income": -11407,
            "revenue": 49035,
            "common_shares": 301306,
            "book_valuer_per_share": 8.25,
            "book_valuer_per_share_4q_avg": 7.72,
            "equity": 248645,
            "current_ratio": 324.04,
            "debt_ratio": 21.4,
            "inventory_turnover_ratio": 1.03,
            "account_receivable_turnover_ratio": 0.62,
            "reinvestment_rate": null,
            "research_to_sale_ratio": 7.22,
            "price_fair": 105.35,
            "eps_avg_yearly": 3.01,
            "eps_latest_yearly": 4.28,
            "eps_growth_yearly": 142.64
        },
        "20104": {
            "year_quarter": 20104,
            "year": 2010,
            "quarter": 4,
            "eps": -0.86,
            "eps_growth_year": null,
            "eps_4q": -2.59,
            "eps_4q_growth_year": null,
            "roe": -11.16,
            "roe_4q": -32.629999999999995,
            "gross_profit": 5165,
            "gross_margin": 10.14,
            "gross_margin_4q_avg": 10.98,
            "net_income": -26754,
            "revenue": 50931,
            "common_shares": 301306,
            "book_valuer_per_share": 7.44,
            "book_valuer_per_share_4q_avg": 8.07,
            "equity": 230729,
            "current_ratio": 236.46,
            "debt_ratio": 24.23,
            "inventory_turnover_ratio": 1.55,
            "account_receivable_turnover_ratio": 0.68,
            "reinvestment_rate": null,
            "research_to_sale_ratio": 9.05,
            "price_fair": 85.4,
            "eps_avg_yearly": 2.44,
            "eps_latest_yearly": 4.28,
            "eps_growth_yearly": 156.15
        },
        "20111": {
            "year_quarter": 20111,
            "year": 2011,
            "quarter": 1,
            "eps": -0.25,
            "eps_growth_year": null,
            "eps_4q": -1.4,
            "eps_4q_growth_year": null,
            "roe": -2.97,
            "roe_4q": -25.060000000000002,
            "gross_profit": 11765,
            "gross_margin": 15.9,
            "gross_margin_4q_avg": 15.84,
            "net_income": -8781,
            "revenue": 74015,
            "common_shares": 431306,
            "book_valuer_per_share": 8.21,
            "book_valuer_per_share_4q_avg": 7.98,
            "equity": 359894,
            "current_ratio": 360.56,
            "debt_ratio": 20.75,
            "inventory_turnover_ratio": 2.12,
            "account_receivable_turnover_ratio": 0.91,
            "reinvestment_rate": null,
            "research_to_sale_ratio": 5.57,
            "price_fair": 100.8,
            "eps_avg_yearly": 2.88,
            "eps_latest_yearly": 4.28,
            "eps_growth_yearly": 368.12
        },
        "20112": {
            "year_quarter": 20112,
            "year": 2011,
            "quarter": 2,
            "eps": -0.14,
            "eps_growth_year": null,
            "eps_4q": -1.19,
            "eps_4q_growth_year": null,
            "roe": -2.02,
            "roe_4q": -20.959999999999997,
            "gross_profit": 13424,
            "gross_margin": 22.94,
            "gross_margin_4q_avg": 17.11,
            "net_income": -7209,
            "revenue": 58506,
            "common_shares": 431306,
            "book_valuer_per_share": 8.08,
            "book_valuer_per_share_4q_avg": 8,
            "equity": 352976,
            "current_ratio": 377.33,
            "debt_ratio": 19.41,
            "inventory_turnover_ratio": 1.22,
            "account_receivable_turnover_ratio": 0.61,
            "reinvestment_rate": null,
            "research_to_sale_ratio": 6.97,
            "price_fair": 149.8,
            "eps_avg_yearly": 4.28,
            "eps_latest_yearly": 4.28,
            "eps_growth_yearly": 756.76
        },
        "20113": {
            "year_quarter": 20113,
            "year": 2011,
            "quarter": 3,
            "eps": 0.03,
            "eps_growth_year": null,
            "eps_4q": -0.56,
            "eps_4q_growth_year": null,
            "roe": 0.25,
            "roe_4q": -15.9,
            "gross_profit": 17741,
            "gross_margin": 23.57,
            "gross_margin_4q_avg": 18.14,
            "net_income": 1169,
            "revenue": 75254,
            "common_shares": 431306,
            "book_valuer_per_share": 13.69,
            "book_valuer_per_share_4q_avg": 9.36,
            "equity": 593990,
            "current_ratio": 792.46,
            "debt_ratio": 10.69,
            "inventory_turnover_ratio": 1.31,
            "account_receivable_turnover_ratio": 0.74,
            "reinvestment_rate": null,
            "research_to_sale_ratio": 4.63,
            "price_fair": 0,
            "eps_avg_yearly": 0,
            "eps_latest_yearly": 0,
            "eps_growth_yearly": 0
        },
        "20114": {
            "year_quarter": 20114,
            "year": 2011,
            "quarter": 4,
            "eps": -0.16,
            "eps_growth_year": null,
            "eps_4q": -0.34,
            "eps_4q_growth_year": null,
            "roe": -1.95,
            "roe_4q": -6.6899999999999995,
            "gross_profit": 12477,
            "gross_margin": 19.97,
            "gross_margin_4q_avg": 20.6,
            "net_income": -11473,
            "revenue": 62483,
            "common_shares": 644306,
            "book_valuer_per_share": 9,
            "book_valuer_per_share_4q_avg": 9.75,
            "equity": 582350,
            "current_ratio": 839.35,
            "debt_ratio": 10.12,
            "inventory_turnover_ratio": 0.97,
            "account_receivable_turnover_ratio": 0.58,
            "reinvestment_rate": null,
            "research_to_sale_ratio": 10.03,
            "price_fair": 0,
            "eps_avg_yearly": 0,
            "eps_latest_yearly": 0,
            "eps_growth_yearly": 0
        },
        "20121": {
            "year_quarter": 20121,
            "year": 2012,
            "quarter": 1,
            "eps": -0.13,
            "eps_growth_year": null,
            "eps_4q": -0.35,
            "eps_4q_growth_year": null,
            "roe": -1.79,
            "roe_4q": -5.51,
            "gross_profit": 11727,
            "gross_margin": 16.27,
            "gross_margin_4q_avg": 20.69,
            "net_income": -10301,
            "revenue": 72096,
            "common_shares": 644306,
            "book_valuer_per_share": 8.86,
            "book_valuer_per_share_4q_avg": 9.91,
            "equity": 571502,
            "current_ratio": 856.52,
            "debt_ratio": 9.91,
            "inventory_turnover_ratio": 1.11,
            "account_receivable_turnover_ratio": 0.64,
            "reinvestment_rate": null,
            "research_to_sale_ratio": 5.43,
            "price_fair": 0,
            "eps_avg_yearly": 0,
            "eps_latest_yearly": 0,
            "eps_growth_yearly": 0
        },
        "20122": {
            "year_quarter": 20122,
            "year": 2012,
            "quarter": 2,
            "eps": -0.26,
            "eps_growth_year": null,
            "eps_4q": -0.52,
            "eps_4q_growth_year": null,
            "roe": -3.06,
            "roe_4q": -6.55,
            "gross_profit": 3803,
            "gross_margin": 5.65,
            "gross_margin_4q_avg": 16.37,
            "net_income": -17251,
            "revenue": 67357,
            "common_shares": 644306,
            "book_valuer_per_share": 8.61,
            "book_valuer_per_share_4q_avg": 10.04,
            "equity": 554483,
            "current_ratio": 678.06,
            "debt_ratio": 12.49,
            "inventory_turnover_ratio": 1.17,
            "account_receivable_turnover_ratio": 0.63,
            "reinvestment_rate": null,
            "research_to_sale_ratio": 5.66,
            "price_fair": 0,
            "eps_avg_yearly": 0,
            "eps_latest_yearly": 0,
            "eps_growth_yearly": 0
        },
        "20123": {
            "year_quarter": 20123,
            "year": 2012,
            "quarter": 3,
            "eps": -0.2,
            "eps_growth_year": -694.64,
            "eps_4q": -0.75,
            "eps_4q_growth_year": null,
            "roe": -2.32,
            "roe_4q": -9.12,
            "gross_profit": 9700,
            "gross_margin": 14.09,
            "gross_margin_4q_avg": 14,
            "net_income": -12703,
            "revenue": 68843,
            "common_shares": 644306,
            "book_valuer_per_share": 8.4,
            "book_valuer_per_share_4q_avg": 8.72,
            "equity": 541506,
            "current_ratio": 748.74,
            "debt_ratio": 11,
            "inventory_turnover_ratio": 1.06,
            "account_receivable_turnover_ratio": 0.86,
            "reinvestment_rate": null,
            "research_to_sale_ratio": 4.82,
            "price_fair": 0,
            "eps_avg_yearly": 0,
            "eps_latest_yearly": 0,
            "eps_growth_yearly": 0
        },
        "20124": {
            "year_quarter": 20124,
            "year": 2012,
            "quarter": 4,
            "eps": -0.29,
            "eps_growth_year": null,
            "eps_4q": -0.88,
            "eps_4q_growth_year": null,
            "roe": -3.54,
            "roe_4q": -10.71,
            "gross_profit": 8346,
            "gross_margin": 8.96,
            "gross_margin_4q_avg": 11.24,
            "net_income": -18828,
            "revenue": 93177,
            "common_shares": 644306,
            "book_valuer_per_share": 8.11,
            "book_valuer_per_share_4q_avg": 8.5,
            "equity": 522710,
            "current_ratio": 413.63,
            "debt_ratio": 19.83,
            "inventory_turnover_ratio": 1.43,
            "account_receivable_turnover_ratio": 1.04,
            "reinvestment_rate": null,
            "research_to_sale_ratio": 8.08,
            "price_fair": 0,
            "eps_avg_yearly": 0,
            "eps_latest_yearly": 0,
            "eps_growth_yearly": 0
        },
        "20131": {
            "year_quarter": 20131,
            "year": 2013,
            "quarter": 1,
            "eps": 0.06,
            "eps_growth_year": null,
            "eps_4q": -0.69,
            "eps_4q_growth_year": null,
            "roe": 0.58,
            "roe_4q": -8.34,
            "gross_profit": 30458,
            "gross_margin": 21.14,
            "gross_margin_4q_avg": 12.46,
            "net_income": 3012,
            "revenue": 144068,
            "common_shares": 644306,
            "book_valuer_per_share": 8.19,
            "book_valuer_per_share_4q_avg": 8.33,
            "equity": 523235,
            "current_ratio": 309.63,
            "debt_ratio": 25.6,
            "inventory_turnover_ratio": 1.96,
            "account_receivable_turnover_ratio": 1.15,
            "reinvestment_rate": null,
            "research_to_sale_ratio": 4.05,
            "price_fair": 0,
            "eps_avg_yearly": 0,
            "eps_latest_yearly": 0,
            "eps_growth_yearly": 0
        },
        "20132": {
            "year_quarter": 20132,
            "year": 2013,
            "quarter": 2,
            "eps": 0.1,
            "eps_growth_year": null,
            "eps_4q": -0.33,
            "eps_4q_growth_year": null,
            "roe": 1.15,
            "roe_4q": -4.13,
            "gross_profit": 32077,
            "gross_margin": 20.65,
            "gross_margin_4q_avg": 16.21,
            "net_income": 6071,
            "revenue": 155315,
            "common_shares": 644306,
            "book_valuer_per_share": 8.27,
            "book_valuer_per_share_4q_avg": 8.24,
            "equity": 534328,
            "current_ratio": 285.59,
            "debt_ratio": 26.95,
            "inventory_turnover_ratio": 1.78,
            "account_receivable_turnover_ratio": 0.99,
            "reinvestment_rate": null,
            "research_to_sale_ratio": 2.5,
            "price_fair": 14,
            "eps_avg_yearly": 0.4,
            "eps_latest_yearly": 0.4,
            "eps_growth_yearly": 266.67
        },
        "20133": {
            "year_quarter": 20133,
            "year": 2013,
            "quarter": 3,
            "eps": 0.08,
            "eps_growth_year": null,
            "eps_4q": -0.06,
            "eps_4q_growth_year": null,
            "roe": 0.89,
            "roe_4q": -0.9199999999999999,
            "gross_profit": 27298,
            "gross_margin": 14.83,
            "gross_margin_4q_avg": 16.4,
            "net_income": 4775,
            "revenue": 184021,
            "common_shares": 644306,
            "book_valuer_per_share": 8.35,
            "book_valuer_per_share_4q_avg": 8.23,
            "equity": 539046,
            "current_ratio": 426.04,
            "debt_ratio": 17.86,
            "inventory_turnover_ratio": 1.85,
            "account_receivable_turnover_ratio": 1.03,
            "reinvestment_rate": null,
            "research_to_sale_ratio": 1.79,
            "price_fair": 12.6,
            "eps_avg_yearly": 0.36,
            "eps_latest_yearly": 0.32,
            "eps_growth_yearly": 93.33
        },
        "20134": {
            "year_quarter": 20134,
            "year": 2013,
            "quarter": 4,
            "eps": 0.16,
            "eps_growth_year": null,
            "eps_4q": 0.39,
            "eps_4q_growth_year": null,
            "roe": 1.75,
            "roe_4q": 4.37,
            "gross_profit": 27354,
            "gross_margin": 15.97,
            "gross_margin_4q_avg": 18.15,
            "net_income": 9535,
            "revenue": 171287,
            "common_shares": 644306,
            "book_valuer_per_share": 8.58,
            "book_valuer_per_share_4q_avg": 8.35,
            "equity": 553168,
            "current_ratio": 474.19,
            "debt_ratio": 15.79,
            "inventory_turnover_ratio": 1.79,
            "account_receivable_turnover_ratio": 1.03,
            "reinvestment_rate": null,
            "research_to_sale_ratio": 1.99,
            "price_fair": 15.87,
            "eps_avg_yearly": 0.45,
            "eps_latest_yearly": 0.64,
            "eps_growth_yearly": 195.56
        },
        "20141": {
            "year_quarter": 20141,
            "year": 2014,
            "quarter": 1,
            "eps": 0.42,
            "eps_growth_year": 600,
            "eps_4q": 0.75,
            "eps_4q_growth_year": null,
            "roe": 4.78,
            "roe_4q": 8.57,
            "gross_profit": 41867,
            "gross_margin": 22.81,
            "gross_margin_4q_avg": 18.57,
            "net_income": 27062,
            "revenue": 183555,
            "common_shares": 644306,
            "book_valuer_per_share": 9,
            "book_valuer_per_share_4q_avg": 8.55,
            "equity": 580282,
            "current_ratio": 373.66,
            "debt_ratio": 20.88,
            "inventory_turnover_ratio": 1.71,
            "account_receivable_turnover_ratio": 1.05,
            "reinvestment_rate": null,
            "research_to_sale_ratio": 0.67,
            "price_fair": 26.6,
            "eps_avg_yearly": 0.76,
            "eps_latest_yearly": 1.68,
            "eps_growth_yearly": 309.17
        },
        "20142": {
            "year_quarter": 20142,
            "year": 2014,
            "quarter": 2,
            "eps": 0.49,
            "eps_growth_year": 390,
            "eps_4q": 1.15,
            "eps_4q_growth_year": null,
            "roe": 5.33,
            "roe_4q": 12.75,
            "gross_profit": 62337,
            "gross_margin": 23.99,
            "gross_margin_4q_avg": 19.4,
            "net_income": 31782,
            "revenue": 259818,
            "common_shares": 644306,
            "book_valuer_per_share": 9.49,
            "book_valuer_per_share_4q_avg": 8.86,
            "equity": 611510,
            "current_ratio": 310.65,
            "debt_ratio": 26.16,
            "inventory_turnover_ratio": 2.19,
            "account_receivable_turnover_ratio": 1.19,
            "reinvestment_rate": null,
            "research_to_sale_ratio": 1.29,
            "price_fair": 35,
            "eps_avg_yearly": 1,
            "eps_latest_yearly": 1.96,
            "eps_growth_yearly": 260.67
        },
        "20143": {
            "year_quarter": 20143,
            "year": 2014,
            "quarter": 3,
            "eps": 0.53,
            "eps_growth_year": 562.5,
            "eps_4q": 1.6,
            "eps_4q_growth_year": null,
            "roe": 5.46,
            "roe_4q": 17.32,
            "gross_profit": 49766,
            "gross_margin": 22.65,
            "gross_margin_4q_avg": 21.36,
            "net_income": 34352,
            "revenue": 219705,
            "common_shares": 644306,
            "book_valuer_per_share": 10.02,
            "book_valuer_per_share_4q_avg": 9.27,
            "equity": 645914,
            "current_ratio": 397.68,
            "debt_ratio": 20.35,
            "inventory_turnover_ratio": 1.94,
            "account_receivable_turnover_ratio": 0.95,
            "reinvestment_rate": 329.92,
            "research_to_sale_ratio": 1.09,
            "price_fair": 41.53,
            "eps_avg_yearly": 1.19,
            "eps_latest_yearly": 2.12,
            "eps_growth_yearly": 222.66
        },
        "20144": {
            "year_quarter": 20144,
            "year": 2014,
            "quarter": 4,
            "eps": 0.58,
            "eps_growth_year": 267.94,
            "eps_4q": 2.03,
            "eps_4q_growth_year": 420.22,
            "roe": 5.65,
            "roe_4q": 21.22,
            "gross_profit": 39080,
            "gross_margin": 18.9,
            "gross_margin_4q_avg": 22.09,
            "net_income": 37611,
            "revenue": 206779,
            "common_shares": 644306,
            "book_valuer_per_share": 10.63,
            "book_valuer_per_share_4q_avg": 9.79,
            "equity": 684769,
            "current_ratio": 398.88,
            "debt_ratio": 20.4,
            "inventory_turnover_ratio": 2.16,
            "account_receivable_turnover_ratio": 0.88,
            "reinvestment_rate": 43.89,
            "research_to_sale_ratio": 0.99,
            "price_fair": 47.2,
            "eps_avg_yearly": 1.35,
            "eps_latest_yearly": 2.32,
            "eps_growth_yearly": 196.25
        },
        "20151": {
            "year_quarter": 20151,
            "year": 2015,
            "quarter": 1,
            "eps": 0.48,
            "eps_growth_year": 14.29,
            "eps_4q": 2.09,
            "eps_4q_growth_year": 178.79,
            "roe": 4.42,
            "roe_4q": 20.86,
            "gross_profit": 57527,
            "gross_margin": 23.84,
            "gross_margin_4q_avg": 22.35,
            "net_income": 30960,
            "revenue": 241315,
            "common_shares": 644306,
            "book_valuer_per_share": 11.11,
            "book_valuer_per_share_4q_avg": 10.31,
            "equity": 715697,
            "current_ratio": 377.5,
            "debt_ratio": 21.88,
            "inventory_turnover_ratio": 2.29,
            "account_receivable_turnover_ratio": 0.87,
            "reinvestment_rate": 25.04,
            "research_to_sale_ratio": 0.89,
            "price_fair": 49.7,
            "eps_avg_yearly": 1.42,
            "eps_latest_yearly": 1.92,
            "eps_growth_yearly": 163.09
        },
        "20152": {
            "year_quarter": 20152,
            "year": 2015,
            "quarter": 2,
            "eps": 0.59,
            "eps_growth_year": 20.41,
            "eps_4q": 2.19,
            "eps_4q_growth_year": 91.06,
            "roe": 5.21,
            "roe_4q": 20.74,
            "gross_profit": 70696,
            "gross_margin": 24.05,
            "gross_margin_4q_avg": 22.36,
            "net_income": 38305,
            "revenue": 294009,
            "common_shares": 644306,
            "book_valuer_per_share": 11.7,
            "book_valuer_per_share_4q_avg": 10.87,
            "equity": 753965,
            "current_ratio": 374.54,
            "debt_ratio": 22.49,
            "inventory_turnover_ratio": 2.61,
            "account_receivable_turnover_ratio": 0.94,
            "reinvestment_rate": 12.31,
            "research_to_sale_ratio": 1.03,
            "price_fair": 53.36,
            "eps_avg_yearly": 1.52,
            "eps_latest_yearly": 2.36,
            "eps_growth_yearly": 155.16
        },
        "20153": {
            "year_quarter": 20153,
            "year": 2015,
            "quarter": 3,
            "eps": 1.11,
            "eps_growth_year": 109.43,
            "eps_4q": 2.77,
            "eps_4q_growth_year": 72.57,
            "roe": 9.06,
            "roe_4q": 24.339999999999996,
            "gross_profit": 64840,
            "gross_margin": 24.83,
            "gross_margin_4q_avg": 22.91,
            "net_income": 71548,
            "revenue": 261130,
            "common_shares": 644306,
            "book_valuer_per_share": 12.82,
            "book_valuer_per_share_4q_avg": 11.57,
            "equity": 825680,
            "current_ratio": 393.22,
            "debt_ratio": 22.39,
            "inventory_turnover_ratio": 2.34,
            "account_receivable_turnover_ratio": 0.84,
            "reinvestment_rate": 7.06,
            "research_to_sale_ratio": 1.37,
            "price_fair": 63.56,
            "eps_avg_yearly": 1.82,
            "eps_latest_yearly": 4.44,
            "eps_growth_yearly": 174.9
        },
        "20154": {
            "year_quarter": 20154,
            "year": 2015,
            "quarter": 4,
            "eps": 0.94,
            "eps_growth_year": 60.22,
            "eps_4q": 3.12,
            "eps_4q_growth_year": 53.75,
            "roe": 7.04,
            "roe_4q": 25.730000000000004,
            "gross_profit": 86792,
            "gross_margin": 28.29,
            "gross_margin_4q_avg": 25.25,
            "net_income": 60260,
            "revenue": 306838,
            "common_shares": 644306,
            "book_valuer_per_share": 13.74,
            "book_valuer_per_share_4q_avg": 12.34,
            "equity": 885386,
            "current_ratio": 345.39,
            "debt_ratio": 24.46,
            "inventory_turnover_ratio": 2.31,
            "account_receivable_turnover_ratio": 1.01,
            "reinvestment_rate": 18,
            "research_to_sale_ratio": 1.35,
            "price_fair": 69.75,
            "eps_avg_yearly": 1.99,
            "eps_latest_yearly": 3.76,
            "eps_growth_yearly": 153.43
        },
        "20161": {
            "year_quarter": 20161,
            "year": 2016,
            "quarter": 1,
            "eps": 0.67,
            "eps_growth_year": 39.58,
            "eps_4q": 3.31,
            "eps_4q_growth_year": 58.48,
            "roe": 4.78,
            "roe_4q": 26.090000000000003,
            "gross_profit": 94059,
            "gross_margin": 28.42,
            "gross_margin_4q_avg": 26.4,
            "net_income": 43367,
            "revenue": 330933,
            "common_shares": 644306,
            "book_valuer_per_share": 14.41,
            "book_valuer_per_share_4q_avg": 13.17,
            "equity": 928698,
            "current_ratio": 395.11,
            "debt_ratio": 21.24,
            "inventory_turnover_ratio": 2.53,
            "account_receivable_turnover_ratio": 1.04,
            "reinvestment_rate": 16.28,
            "research_to_sale_ratio": 1.44,
            "price_fair": 71.75,
            "eps_avg_yearly": 2.05,
            "eps_latest_yearly": 2.68,
            "eps_growth_yearly": 131.07
        },
        "20162": {
            "year_quarter": 20162,
            "year": 2016,
            "quarter": 2,
            "eps": 0.53,
            "eps_growth_year": -10.17,
            "eps_4q": 3.25,
            "eps_4q_growth_year": 48.31,
            "roe": 3.89,
            "roe_4q": 24.770000000000003,
            "gross_profit": 73637,
            "gross_margin": 25.71,
            "gross_margin_4q_avg": 26.81,
            "net_income": 34281,
            "revenue": 286433,
            "common_shares": 644306,
            "book_valuer_per_share": 12.95,
            "book_valuer_per_share_4q_avg": 13.48,
            "equity": 834128,
            "current_ratio": 263.49,
            "debt_ratio": 32.31,
            "inventory_turnover_ratio": 2.38,
            "account_receivable_turnover_ratio": 0.92,
            "reinvestment_rate": 11.69,
            "research_to_sale_ratio": 1.72,
            "price_fair": 71.94,
            "eps_avg_yearly": 2.06,
            "eps_latest_yearly": 2.12,
            "eps_growth_yearly": 114.56
        },
        "20163": {
            "year_quarter": 20163,
            "year": 2016,
            "quarter": 3,
            "eps": 0.32,
            "eps_growth_year": -71.17,
            "eps_4q": 2.46,
            "eps_4q_growth_year": -11.2,
            "roe": 2.43,
            "roe_4q": 18.14,
            "gross_profit": 72804,
            "gross_margin": 24.6,
            "gross_margin_4q_avg": 26.76,
            "net_income": 20535,
            "revenue": 295913,
            "common_shares": 644306,
            "book_valuer_per_share": 13.27,
            "book_valuer_per_share_4q_avg": 13.59,
            "equity": 854901,
            "current_ratio": 368.01,
            "debt_ratio": 23.02,
            "inventory_turnover_ratio": 2.15,
            "account_receivable_turnover_ratio": 1.07,
            "reinvestment_rate": 8.42,
            "research_to_sale_ratio": 1.72,
            "price_fair": 70,
            "eps_avg_yearly": 2,
            "eps_latest_yearly": 1.28,
            "eps_growth_yearly": 95.05
        },
        "20164": {
            "year_quarter": 20164,
            "year": 2016,
            "quarter": 4,
            "eps": 1.07,
            "eps_growth_year": 13.99,
            "eps_4q": 2.59,
            "eps_4q_growth_year": -17.01,
            "roe": 7.72,
            "roe_4q": 18.82,
            "gross_profit": 89348,
            "gross_margin": 24.86,
            "gross_margin_4q_avg": 25.9,
            "net_income": 68689,
            "revenue": 359349,
            "common_shares": 644306,
            "book_valuer_per_share": 14.34,
            "book_valuer_per_share_4q_avg": 13.74,
            "equity": 924037,
            "current_ratio": 313.95,
            "debt_ratio": 27.82,
            "inventory_turnover_ratio": 2.52,
            "account_receivable_turnover_ratio": 1.17,
            "reinvestment_rate": 5.03,
            "research_to_sale_ratio": 1.46,
            "price_fair": 75.32,
            "eps_avg_yearly": 2.15,
            "eps_latest_yearly": 4.28,
            "eps_growth_yearly": 151.22
        },
        "20171": {
            "year_quarter": 20171,
            "year": 2017,
            "quarter": 1,
            "eps": 0.09,
            "eps_growth_year": -86.57,
            "eps_4q": 2,
            "eps_4q_growth_year": -39.54,
            "roe": 0.6,
            "roe_4q": 14.64,
            "gross_profit": 82101,
            "gross_margin": 25.28,
            "gross_margin_4q_avg": 25.11,
            "net_income": 5561,
            "revenue": 324725,
            "common_shares": 644306,
            "book_valuer_per_share": 14.43,
            "book_valuer_per_share_4q_avg": 13.75,
            "equity": 929598,
            "current_ratio": 379.34,
            "debt_ratio": 22.5,
            "inventory_turnover_ratio": 2.35,
            "account_receivable_turnover_ratio": 0.96,
            "reinvestment_rate": 1.56,
            "research_to_sale_ratio": 1.47,
            "price_fair": 71.4,
            "eps_avg_yearly": 2.04,
            "eps_latest_yearly": 0.36,
            "eps_growth_yearly": 118.87
        },
        "20172": {
            "year_quarter": 20172,
            "year": 2017,
            "quarter": 2,
            "eps": 0.54,
            "eps_growth_year": 1.89,
            "eps_4q": 2.01,
            "eps_4q_growth_year": -38.22,
            "roe": 3.92,
            "roe_4q": 14.669999999999998,
            "gross_profit": 62452,
            "gross_margin": 20.93,
            "gross_margin_4q_avg": 23.92,
            "net_income": 34621,
            "revenue": 298364,
            "common_shares": 644306,
            "book_valuer_per_share": 12.97,
            "book_valuer_per_share_4q_avg": 13.75,
            "equity": 835358,
            "current_ratio": 267.32,
            "debt_ratio": 32.37,
            "inventory_turnover_ratio": 2.18,
            "account_receivable_turnover_ratio": 0.89,
            "reinvestment_rate": -12.7,
            "research_to_sale_ratio": 1.81,
            "price_fair": 75.25,
            "eps_avg_yearly": 2.15,
            "eps_latest_yearly": 2.16,
            "eps_growth_yearly": 227.2
        },
        "20173": {
            "year_quarter": 20173,
            "year": 2017,
            "quarter": 3,
            "eps": 0.6,
            "eps_growth_year": 87.5,
            "eps_4q": 2.29,
            "eps_4q_growth_year": -6.89,
            "roe": 4.52,
            "roe_4q": 16.759999999999998,
            "gross_profit": 73118,
            "gross_margin": 23.29,
            "gross_margin_4q_avg": 23.59,
            "net_income": 38648,
            "revenue": 314006,
            "common_shares": 644306,
            "book_valuer_per_share": 13.56,
            "book_valuer_per_share_4q_avg": 13.83,
            "equity": 873920,
            "current_ratio": 285.49,
            "debt_ratio": 29.68,
            "inventory_turnover_ratio": 2.11,
            "account_receivable_turnover_ratio": 0.93,
            "reinvestment_rate": -7.53,
            "research_to_sale_ratio": 1.84,
            "price_fair": 79.8,
            "eps_avg_yearly": 2.28,
            "eps_latest_yearly": 2.4,
            "eps_growth_yearly": 234.98
        },
        "20174": {
            "year_quarter": 20174,
            "year": 2017,
            "quarter": 4,
            "eps": 0.96,
            "eps_growth_year": -9.76,
            "eps_4q": 2.19,
            "eps_4q_growth_year": -15.61,
            "roe": 6.85,
            "roe_4q": 15.889999999999999,
            "gross_profit": 116115,
            "gross_margin": 25.75,
            "gross_margin_4q_avg": 23.81,
            "net_income": 61985,
            "revenue": 450874,
            "common_shares": 644306,
            "book_valuer_per_share": 14.51,
            "book_valuer_per_share_4q_avg": 13.87,
            "equity": 935144,
            "current_ratio": 272.5,
            "debt_ratio": 30.6,
            "inventory_turnover_ratio": 2.85,
            "account_receivable_turnover_ratio": 1.19,
            "reinvestment_rate": -4.16,
            "research_to_sale_ratio": 1.21,
            "price_fair": 86.8,
            "eps_avg_yearly": 2.48,
            "eps_latest_yearly": 3.84,
            "eps_growth_yearly": 224.98
        },
        "20181": {
            "year_quarter": 20181,
            "year": 2018,
            "quarter": 1,
            "eps": 0.64,
            "eps_growth_year": 611.11,
            "eps_4q": 2.74,
            "eps_4q_growth_year": 36.71,
            "roe": 4.31,
            "roe_4q": 19.6,
            "gross_profit": 95927,
            "gross_margin": 24.98,
            "gross_margin_4q_avg": 23.74,
            "net_income": 41187,
            "revenue": 383977,
            "common_shares": 644306,
            "book_valuer_per_share": 15.13,
            "book_valuer_per_share_4q_avg": 14.04,
            "equity": 974855,
            "current_ratio": 308.63,
            "debt_ratio": 26.33,
            "inventory_turnover_ratio": 2.41,
            "account_receivable_turnover_ratio": 0.95,
            "reinvestment_rate": -5.63,
            "research_to_sale_ratio": 1.76,
            "price_fair": 88.73,
            "eps_avg_yearly": 2.54,
            "eps_latest_yearly": 2.56,
            "eps_growth_yearly": 176.02
        },
        "20182": {
            "year_quarter": 20182,
            "year": 2018,
            "quarter": 2,
            "eps": 1.39,
            "eps_growth_year": 157.41,
            "eps_4q": 3.59,
            "eps_4q_growth_year": 78.65,
            "roe": 9.35,
            "roe_4q": 25.029999999999998,
            "gross_profit": 99385,
            "gross_margin": 23.95,
            "gross_margin_4q_avg": 24.49,
            "net_income": 89359,
            "revenue": 415021,
            "common_shares": 644306,
            "book_valuer_per_share": 14.53,
            "book_valuer_per_share_4q_avg": 14.43,
            "equity": 936441,
            "current_ratio": 215.51,
            "debt_ratio": 38.07,
            "inventory_turnover_ratio": 2.5,
            "account_receivable_turnover_ratio": 1.09,
            "reinvestment_rate": -1.27,
            "research_to_sale_ratio": 1.63,
            "price_fair": 96.6,
            "eps_avg_yearly": 2.76,
            "eps_latest_yearly": 5.56,
            "eps_growth_yearly": 201.15
        },
        "20183": {
            "year_quarter": 20183,
            "year": 2018,
            "quarter": 3,
            "eps": 1.15,
            "eps_growth_year": 91.67,
            "eps_4q": 4.14,
            "eps_4q_growth_year": 80.75,
            "roe": 7.61,
            "roe_4q": 28.119999999999997,
            "gross_profit": 122464,
            "gross_margin": 26.57,
            "gross_margin_4q_avg": 25.31,
            "net_income": 74107,
            "revenue": 460855,
            "common_shares": 644306,
            "book_valuer_per_share": 15.68,
            "book_valuer_per_share_4q_avg": 14.96,
            "equity": 1010526,
            "current_ratio": 249.24,
            "debt_ratio": 31.77,
            "inventory_turnover_ratio": 2.43,
            "account_receivable_turnover_ratio": 1.27,
            "reinvestment_rate": 1.6,
            "research_to_sale_ratio": 3.22,
            "price_fair": 102.03,
            "eps_avg_yearly": 2.92,
            "eps_latest_yearly": 4.6,
            "eps_growth_yearly": 194.79
        },
        "20184": {
            "year_quarter": 20184,
            "year": 2018,
            "quarter": 4,
            "eps": 1.3,
            "eps_growth_year": 35.29,
            "eps_4q": 4.48,
            "eps_4q_growth_year": 104.89,
            "roe": 7.98,
            "roe_4q": 29.249999999999996,
            "gross_profit": 122824,
            "gross_margin": 24.5,
            "gross_margin_4q_avg": 25,
            "net_income": 83862,
            "revenue": 501421,
            "common_shares": 644306,
            "book_valuer_per_share": 16.95,
            "book_valuer_per_share_4q_avg": 15.57,
            "equity": 1092363,
            "current_ratio": 253.61,
            "debt_ratio": 31.28,
            "inventory_turnover_ratio": 2.72,
            "account_receivable_turnover_ratio": 1.26,
            "reinvestment_rate": 6.21,
            "research_to_sale_ratio": 2.37,
            "price_fair": 108.33,
            "eps_avg_yearly": 3.1,
            "eps_latest_yearly": 5.2,
            "eps_growth_yearly": 195.7
        },
        "20191": {
            "year_quarter": 20191,
            "year": 2019,
            "quarter": 1,
            "eps": 1.33,
            "eps_growth_year": 107.81,
            "eps_4q": 5.17,
            "eps_4q_growth_year": 88.74,
            "roe": 7.54,
            "roe_4q": 32.48,
            "gross_profit": 125040,
            "gross_margin": 24.86,
            "gross_margin_4q_avg": 24.97,
            "net_income": 85680,
            "revenue": 503052,
            "common_shares": 644306,
            "book_valuer_per_share": 18.32,
            "book_valuer_per_share_4q_avg": 16.37,
            "equity": 1180278,
            "current_ratio": 253.33,
            "debt_ratio": 31.74,
            "inventory_turnover_ratio": 2.89,
            "account_receivable_turnover_ratio": 1.09,
            "reinvestment_rate": 9.68,
            "research_to_sale_ratio": 1.66,
            "price_fair": 115.76,
            "eps_avg_yearly": 3.31,
            "eps_latest_yearly": 5.32,
            "eps_growth_yearly": 200.58
        },
        "20192": {
            "year_quarter": 20192,
            "year": 2019,
            "quarter": 2,
            "eps": 1.14,
            "eps_growth_year": -17.99,
            "eps_4q": 4.93,
            "eps_4q_growth_year": 37.27,
            "roe": 6.57,
            "roe_4q": 29.7,
            "gross_profit": 114153,
            "gross_margin": 23.97,
            "gross_margin_4q_avg": 24.98,
            "net_income": 73682,
            "revenue": 476281,
            "common_shares": 644306,
            "book_valuer_per_share": 16.47,
            "book_valuer_per_share_4q_avg": 16.86,
            "equity": 1061282,
            "current_ratio": 197.47,
            "debt_ratio": 40.28,
            "inventory_turnover_ratio": 2.78,
            "account_receivable_turnover_ratio": 1.06,
            "reinvestment_rate": 12.16,
            "research_to_sale_ratio": 2.33,
            "price_fair": 120.58,
            "eps_avg_yearly": 3.45,
            "eps_latest_yearly": 4.56,
            "eps_growth_yearly": 191.28
        },
        "20193": {
            "year_quarter": 20193,
            "year": 2019,
            "quarter": 3,
            "eps": 1.01,
            "eps_growth_year": -12.17,
            "eps_4q": 4.78,
            "eps_4q_growth_year": 15.61,
            "roe": 5.94,
            "roe_4q": 28.03,
            "gross_profit": 104295,
            "gross_margin": 22.94,
            "gross_margin_4q_avg": 24.07,
            "net_income": 65036,
            "revenue": 454673,
            "common_shares": 644306,
            "book_valuer_per_share": 17.49,
            "book_valuer_per_share_4q_avg": 17.31,
            "equity": 1126731,
            "current_ratio": 278.78,
            "debt_ratio": 27.52,
            "inventory_turnover_ratio": 2.85,
            "account_receivable_turnover_ratio": 1.06,
            "reinvestment_rate": 14.28,
            "research_to_sale_ratio": 1.85,
            "price_fair": 119.7,
            "eps_avg_yearly": 3.42,
            "eps_latest_yearly": 4.04,
            "eps_growth_yearly": 166.4
        },
        "20194": {
            "year_quarter": 20194,
            "year": 2019,
            "quarter": 4,
            "eps": 0.7,
            "eps_growth_year": -45.99,
            "eps_4q": 4.19,
            "eps_4q_growth_year": -6.52,
            "roe": 3.94,
            "roe_4q": 23.990000000000002,
            "gross_profit": 112221,
            "gross_margin": 22.5,
            "gross_margin_4q_avg": 23.57,
            "net_income": 45297,
            "revenue": 498658,
            "common_shares": 644306,
            "book_valuer_per_share": 18.24,
            "book_valuer_per_share_4q_avg": 17.63,
            "equity": 1175052,
            "current_ratio": 262.49,
            "debt_ratio": 29.6,
            "inventory_turnover_ratio": 3.37,
            "account_receivable_turnover_ratio": 1.08,
            "reinvestment_rate": 12.15,
            "research_to_sale_ratio": 1.7,
            "price_fair": 117.6,
            "eps_avg_yearly": 3.36,
            "eps_latest_yearly": 2.8,
            "eps_growth_yearly": 162.55
        },
        "20201": {
            "year_quarter": 20201,
            "year": 2020,
            "quarter": 1,
            "eps": 1.38,
            "eps_growth_year": 3.76,
            "eps_4q": 4.24,
            "eps_4q_growth_year": -18,
            "roe": 7.93,
            "roe_4q": 24.38,
            "gross_profit": 129561,
            "gross_margin": 24.08,
            "gross_margin_4q_avg": 23.37,
            "net_income": 89037,
            "revenue": 538146,
            "common_shares": 644306,
            "book_valuer_per_share": 16.61,
            "book_valuer_per_share_4q_avg": 17.2,
            "equity": 1070237,
            "current_ratio": 189.91,
            "debt_ratio": 41.26,
            "inventory_turnover_ratio": 2.99,
            "account_receivable_turnover_ratio": 1.05,
            "reinvestment_rate": 11.21,
            "research_to_sale_ratio": 1.72,
            "price_fair": 123.81,
            "eps_avg_yearly": 3.54,
            "eps_latest_yearly": 5.52,
            "eps_growth_yearly": 194.02
        },
        "20202": {
            "year_quarter": 20202,
            "year": 2020,
            "quarter": 2,
            "eps": 0.68,
            "eps_growth_year": -40.35,
            "eps_4q": 3.78,
            "eps_4q_growth_year": -23.28,
            "roe": 4.04,
            "roe_4q": 21.849999999999998,
            "gross_profit": 103361,
            "gross_margin": 22.4,
            "gross_margin_4q_avg": 22.98,
            "net_income": 44099,
            "revenue": 461462,
            "common_shares": 644306,
            "book_valuer_per_share": 17.3,
            "book_valuer_per_share_4q_avg": 17.41,
            "equity": 1114370,
            "current_ratio": 206.26,
            "debt_ratio": 36.58,
            "inventory_turnover_ratio": 2.29,
            "account_receivable_turnover_ratio": 0.93,
            "reinvestment_rate": 12.5,
            "research_to_sale_ratio": 2.87,
            "price_fair": 125.13,
            "eps_avg_yearly": 3.58,
            "eps_latest_yearly": 2.72,
            "eps_growth_yearly": 186.56
        },
        "20203": {
            "year_quarter": 20203,
            "year": 2020,
            "quarter": 3,
            "eps": 1.38,
            "eps_growth_year": 36.63,
            "eps_4q": 4.15,
            "eps_4q_growth_year": -13.26,
            "roe": 7.68,
            "roe_4q": 23.59,
            "gross_profit": 167468,
            "gross_margin": 22.98,
            "gross_margin_4q_avg": 22.99,
            "net_income": 88951,
            "revenue": 728643,
            "common_shares": 644306,
            "book_valuer_per_share": 18.68,
            "book_valuer_per_share_4q_avg": 17.71,
            "equity": 1203258,
            "current_ratio": 210.85,
            "debt_ratio": 35.84,
            "inventory_turnover_ratio": 3.53,
            "account_receivable_turnover_ratio": 1.55,
            "reinvestment_rate": 11.99,
            "research_to_sale_ratio": 1.98,
            "price_fair": 134.4,
            "eps_avg_yearly": 3.84,
            "eps_latest_yearly": 5.52,
            "eps_growth_yearly": 222.2
        },
        "20204": {
            "year_quarter": 20204,
            "year": 2020,
            "quarter": 4,
            "eps": 1.58,
            "eps_growth_year": 124.04,
            "eps_4q": 5.02,
            "eps_4q_growth_year": 19.98,
            "roe": 8.09,
            "roe_4q": 27.74,
            "gross_profit": 201746,
            "gross_margin": 26.31,
            "gross_margin_4q_avg": 23.94,
            "net_income": 101482,
            "revenue": 766696,
            "common_shares": 644306,
            "book_valuer_per_share": 20.26,
            "book_valuer_per_share_4q_avg": 18.21,
            "equity": 1305357,
            "current_ratio": 188.68,
            "debt_ratio": 40.63,
            "inventory_turnover_ratio": 3.5,
            "account_receivable_turnover_ratio": 1.42,
            "reinvestment_rate": 12.88,
            "research_to_sale_ratio": 2.42,
            "price_fair": 138.86,
            "eps_avg_yearly": 3.97,
            "eps_latest_yearly": 6.32,
            "eps_growth_yearly": 167.23
        },
        "20211": {
            "year_quarter": 20211,
            "year": 2021,
            "quarter": 1,
            "eps": 1.39,
            "eps_growth_year": 0.72,
            "eps_4q": 5.03,
            "eps_4q_growth_year": 18.7,
            "roe": 7.24,
            "roe_4q": 27.049999999999997,
            "gross_profit": 160069,
            "gross_margin": 24.5,
            "gross_margin_4q_avg": 24.05,
            "net_income": 89578,
            "revenue": 653369,
            "common_shares": 644306,
            "book_valuer_per_share": 18.15,
            "book_valuer_per_share_4q_avg": 18.6,
            "equity": 1169324,
            "current_ratio": 158.11,
            "debt_ratio": 46.32,
            "inventory_turnover_ratio": 2.69,
            "account_receivable_turnover_ratio": 1.11,
            "reinvestment_rate": 15.13,
            "research_to_sale_ratio": 2.32,
            "price_fair": 150.24,
            "eps_avg_yearly": 4.29,
            "eps_latest_yearly": 5.56,
            "eps_growth_yearly": 187.12
        },
        "20212": {
            "year_quarter": 20212,
            "year": 2021,
            "quarter": 2,
            "eps": 1.79,
            "eps_growth_year": 163.24,
            "eps_4q": 6.13,
            "eps_4q_growth_year": 62.29,
            "roe": 9.38,
            "roe_4q": 32.39,
            "gross_profit": 206671,
            "gross_margin": 25.81,
            "gross_margin_4q_avg": 24.9,
            "net_income": 115103,
            "revenue": 800755,
            "common_shares": 644306,
            "book_valuer_per_share": 19.94,
            "book_valuer_per_share_4q_avg": 19.26,
            "equity": 1284450,
            "current_ratio": 160.78,
            "debt_ratio": 46.16,
            "inventory_turnover_ratio": 2.76,
            "account_receivable_turnover_ratio": 1.32,
            "reinvestment_rate": 22.22,
            "research_to_sale_ratio": 1.8,
            "price_fair": 161.18,
            "eps_avg_yearly": 4.61,
            "eps_latest_yearly": 7.16,
            "eps_growth_yearly": 69.32
        },
        "20213": {
            "year_quarter": 20213,
            "year": 2021,
            "quarter": 3,
            "eps": -0.81,
            "eps_growth_year": -158.7,
            "eps_4q": 3.94,
            "eps_4q_growth_year": -4.94,
            "roe": -4.13,
            "roe_4q": 20.580000000000002,
            "gross_profit": 171950,
            "gross_margin": 22.72,
            "gross_margin_4q_avg": 24.84,
            "net_income": -51986,
            "revenue": 756790,
            "common_shares": 644306,
            "book_valuer_per_share": 19.13,
            "book_valuer_per_share_4q_avg": 19.37,
            "equity": 1232675,
            "current_ratio": 157.32,
            "debt_ratio": 45.26,
            "inventory_turnover_ratio": 2.6,
            "account_receivable_turnover_ratio": 1.23,
            "reinvestment_rate": 24.13,
            "research_to_sale_ratio": 1.99,
            "price_fair": 166.32,
            "eps_avg_yearly": 4.75,
            "eps_latest_yearly": 7.16,
            "eps_growth_yearly": 70.98
        },
        "20214": {
            "year_quarter": 20214,
            "year": 2021,
            "quarter": 4,
            "eps": 1.21,
            "eps_growth_year": -23.33,
            "eps_4q": 3.58,
            "eps_4q_growth_year": -28.76,
            "roe": 6.12,
            "roe_4q": 18.61,
            "gross_profit": 152346,
            "gross_margin": 21.54,
            "gross_margin_4q_avg": 23.64,
            "net_income": 77806,
            "revenue": 707259,
            "common_shares": 644306,
            "book_valuer_per_share": 20.34,
            "book_valuer_per_share_4q_avg": 19.39,
            "equity": 1310337,
            "current_ratio": 167.9,
            "debt_ratio": 40.16,
            "inventory_turnover_ratio": 2.69,
            "account_receivable_turnover_ratio": 1.14,
            "reinvestment_rate": 23.76,
            "research_to_sale_ratio": 1.87,
            "price_fair": 168.6,
            "eps_avg_yearly": 4.82,
            "eps_latest_yearly": 7.16,
            "eps_growth_yearly": 58.9
        },
        "20221": {
            "year_quarter": 20221,
            "year": 2022,
            "quarter": 1,
            "eps": 1.56,
            "eps_growth_year": 12.23,
            "eps_4q": 3.75,
            "eps_4q_growth_year": -25.49,
            "roe": 7.86,
            "roe_4q": 19.230000000000004,
            "gross_profit": 121393,
            "gross_margin": 17.9,
            "gross_margin_4q_avg": 21.99,
            "net_income": 100557,
            "revenue": 678189,
            "common_shares": 644306,
            "book_valuer_per_share": 19.4,
            "book_valuer_per_share_4q_avg": 19.7,
            "equity": 1249859,
            "current_ratio": 142.34,
            "debt_ratio": 45.71,
            "inventory_turnover_ratio": 2.79,
            "account_receivable_turnover_ratio": 0.98,
            "reinvestment_rate": 24.45,
            "research_to_sale_ratio": 1.72,
            "price_fair": 177.8,
            "eps_avg_yearly": 5.08,
            "eps_latest_yearly": 6.24,
            "eps_growth_yearly": 76.69
        },
        "20222": {
            "year_quarter": 20222,
            "year": 2022,
            "quarter": 2,
            "eps": 1.94,
            "eps_growth_year": 8.38,
            "eps_4q": 3.9,
            "eps_4q_growth_year": -36.45,
            "roe": 9.5,
            "roe_4q": 19.35,
            "gross_profit": 205547,
            "gross_margin": 27.91,
            "gross_margin_4q_avg": 22.52,
            "net_income": 124703,
            "revenue": 736387,
            "common_shares": 644306,
            "book_valuer_per_share": 21.33,
            "book_valuer_per_share_4q_avg": 20.05,
            "equity": 1374586,
            "current_ratio": 152.29,
            "debt_ratio": 42.89,
            "inventory_turnover_ratio": 2.58,
            "account_receivable_turnover_ratio": 0.94,
            "reinvestment_rate": 22.12,
            "research_to_sale_ratio": 1.99,
            "price_fair": 183.3,
            "eps_avg_yearly": 5.24,
            "eps_latest_yearly": 7.76,
            "eps_growth_yearly": 50.17
        },
        "20223": {
            "year_quarter": 20223,
            "year": 2022,
            "quarter": 3,
            "eps": 1.22,
            "eps_growth_year": null,
            "eps_4q": 5.93,
            "eps_4q_growth_year": 50.24,
            "roe": 5.57,
            "roe_4q": 29.05,
            "gross_profit": 120786,
            "gross_margin": 26.3,
            "gross_margin_4q_avg": 23.41,
            "net_income": 78805,
            "revenue": 459255,
            "common_shares": 644306,
            "book_valuer_per_share": 22.56,
            "book_valuer_per_share_4q_avg": 20.91,
            "equity": 1453436,
            "current_ratio": 187.27,
            "debt_ratio": 32.86,
            "inventory_turnover_ratio": 1.79,
            "account_receivable_turnover_ratio": 0.6,
            "reinvestment_rate": 25.33,
            "research_to_sale_ratio": 3.27,
            "price_fair": 184,
            "eps_avg_yearly": 5.26,
            "eps_latest_yearly": 4.88,
            "eps_growth_yearly": 44.5
        },
        "20224": {
            "year_quarter": 20224,
            "year": 2022,
            "quarter": 4,
            "eps": 0.23,
            "eps_growth_year": -81.12,
            "eps_4q": 4.95,
            "eps_4q_growth_year": 38.29,
            "roe": 1,
            "roe_4q": 23.93,
            "gross_profit": 62916,
            "gross_margin": 17,
            "gross_margin_4q_avg": 22.28,
            "net_income": 14692,
            "revenue": 370121,
            "common_shares": 644306,
            "book_valuer_per_share": 22.82,
            "book_valuer_per_share_4q_avg": 21.53,
            "equity": 1470355,
            "current_ratio": 179.83,
            "debt_ratio": 34.07,
            "inventory_turnover_ratio": 1.69,
            "account_receivable_turnover_ratio": 0.61,
            "reinvestment_rate": 30.84,
            "research_to_sale_ratio": 4.35,
            "price_fair": 136.59,
            "eps_avg_yearly": 4.95,
            "eps_latest_yearly": 0.92,
            "eps_growth_yearly": 17.59
        },
        "20231": {
            "year_quarter": 20231,
            "year": 2023,
            "quarter": 1,
            "eps": -1.48,
            "eps_growth_year": -194.87,
            "eps_4q": 1.91,
            "eps_4q_growth_year": -49.07,
            "roe": -7.09,
            "roe_4q": 8.98,
            "gross_profit": 87127,
            "gross_margin": 21.1,
            "gross_margin_4q_avg": 23.08,
            "net_income": -95209,
            "revenue": 412909,
            "common_shares": 644306,
            "book_valuer_per_share": 18.84,
            "book_valuer_per_share_4q_avg": 21.39,
            "equity": 1214076,
            "current_ratio": 127.8,
            "debt_ratio": 47.02,
            "inventory_turnover_ratio": 1.68,
            "account_receivable_turnover_ratio": 0.92,
            "reinvestment_rate": 35.26,
            "research_to_sale_ratio": 3.24,
            "price_fair": 138.97,
            "eps_avg_yearly": 4.92,
            "eps_latest_yearly": 0.92,
            "eps_growth_yearly": 18.23
        },
        "20232": {
            "year_quarter": 20232,
            "year": 2023,
            "quarter": 2,
            "eps": 2.73,
            "eps_growth_year": 40.72,
            "eps_4q": 2.7,
            "eps_4q_growth_year": -30.6,
            "roe": 13.51,
            "roe_4q": 12.99,
            "gross_profit": 147038,
            "gross_margin": 24.78,
            "gross_margin_4q_avg": 22.3,
            "net_income": 175952,
            "revenue": 593388,
            "common_shares": 644306,
            "book_valuer_per_share": 21.57,
            "book_valuer_per_share_4q_avg": 21.45,
            "equity": 1390028,
            "current_ratio": 146,
            "debt_ratio": 41.76,
            "inventory_turnover_ratio": 2.23,
            "account_receivable_turnover_ratio": 1.33,
            "reinvestment_rate": 32.64,
            "research_to_sale_ratio": 2.12,
            "price_fair": 170.94,
            "eps_avg_yearly": 4.95,
            "eps_latest_yearly": 0.92,
            "eps_growth_yearly": 24.51
        }
    },
    "months": {
        "2003-09": {
            "month": "2003-09",
            "price": "46.00",
            "revenue": 53562
        },
        "2003-10": {
            "month": "2003-10",
            "price": "38.06",
            "revenue": 55034
        },
        "2003-11": {
            "month": "2003-11",
            "price": "38.00",
            "revenue": 44806
        },
        "2003-12": {
            "month": "2003-12",
            "price": "38.50",
            "revenue": 51475
        },
        "2004-02": {
            "month": "2004-02",
            "price": "39.79",
            "revenue": 47294
        },
        "2004-03": {
            "month": "2004-03",
            "price": "40.11",
            "revenue": 50221
        },
        "2004-04": {
            "month": "2004-04",
            "price": "44.08",
            "revenue": 56622
        },
        "2004-05": {
            "month": "2004-05",
            "price": "44.90",
            "revenue": 58436
        },
        "2004-06": {
            "month": "2004-06",
            "price": "42.24",
            "revenue": 60535
        },
        "2004-07": {
            "month": "2004-07",
            "price": "44.86",
            "revenue": 51933
        },
        "2004-08": {
            "month": "2004-08",
            "price": "43.57",
            "revenue": 54789
        },
        "2004-09": {
            "month": "2004-09",
            "price": "39.03",
            "revenue": 61211
        },
        "2004-10": {
            "month": "2004-10",
            "price": "34.32",
            "revenue": 62392
        },
        "2004-11": {
            "month": "2004-11",
            "price": "31.83",
            "revenue": 63634
        },
        "2004-12": {
            "month": "2004-12",
            "price": "32.75",
            "revenue": 65870
        },
        "2005-01": {
            "month": "2005-01",
            "price": "35.20",
            "revenue": 78476
        },
        "2005-02": {
            "month": "2005-02",
            "price": "49.71",
            "revenue": 80497
        },
        "2005-03": {
            "month": "2005-03",
            "price": "63.97",
            "revenue": 81715
        },
        "2005-04": {
            "month": "2005-04",
            "price": "57.13",
            "revenue": 83006
        },
        "2005-05": {
            "month": "2005-05",
            "price": "53.40",
            "revenue": 73654
        },
        "2005-06": {
            "month": "2005-06",
            "price": "54.99",
            "revenue": 62675
        },
        "2005-07": {
            "month": "2005-07",
            "price": "54.60",
            "revenue": 65005
        },
        "2005-08": {
            "month": "2005-08",
            "price": "51.13",
            "revenue": 66540
        },
        "2005-09": {
            "month": "2005-09",
            "price": "45.17",
            "revenue": 60282
        },
        "2005-10": {
            "month": "2005-10",
            "price": "39.66",
            "revenue": 71425
        },
        "2005-11": {
            "month": "2005-11",
            "price": "42.09",
            "revenue": 73034
        },
        "2005-12": {
            "month": "2005-12",
            "price": "48.26",
            "revenue": 84266
        },
        "2006-01": {
            "month": "2006-01",
            "price": "48.68",
            "revenue": 71610
        },
        "2006-02": {
            "month": "2006-02",
            "price": "42.45",
            "revenue": 78277
        },
        "2006-03": {
            "month": "2006-03",
            "price": "44.96",
            "revenue": 71088
        },
        "2006-04": {
            "month": "2006-04",
            "price": "47.42",
            "revenue": 75215
        },
        "2006-05": {
            "month": "2006-05",
            "price": "52.87",
            "revenue": 77732
        },
        "2006-06": {
            "month": "2006-06",
            "price": "47.23",
            "revenue": 65121
        },
        "2006-07": {
            "month": "2006-07",
            "price": "45.16",
            "revenue": 69984
        },
        "2006-08": {
            "month": "2006-08",
            "price": "41.69",
            "revenue": 72153
        },
        "2006-09": {
            "month": "2006-09",
            "price": "39.95",
            "revenue": 80049
        },
        "2006-10": {
            "month": "2006-10",
            "price": "41.33",
            "revenue": 83127
        },
        "2006-11": {
            "month": "2006-11",
            "price": "46.16",
            "revenue": 78295
        },
        "2006-12": {
            "month": "2006-12",
            "price": "49.42",
            "revenue": 81677
        },
        "2007-01": {
            "month": "2007-01",
            "price": "53.53",
            "revenue": 65229
        },
        "2007-02": {
            "month": "2007-02",
            "price": "48.00",
            "revenue": 42429
        },
        "2007-03": {
            "month": "2007-03",
            "price": "48.33",
            "revenue": 55334
        },
        "2007-04": {
            "month": "2007-04",
            "price": "48.74",
            "revenue": 64507
        },
        "2007-05": {
            "month": "2007-05",
            "price": "43.03",
            "revenue": 43692
        },
        "2007-06": {
            "month": "2007-06",
            "price": "46.84",
            "revenue": 41981
        },
        "2007-07": {
            "month": "2007-07",
            "price": "45.78",
            "revenue": 41624
        },
        "2007-08": {
            "month": "2007-08",
            "price": "36.06",
            "revenue": 45241
        },
        "2007-09": {
            "month": "2007-09",
            "price": "34.02",
            "revenue": 50740
        },
        "2007-10": {
            "month": "2007-10",
            "price": "31.81",
            "revenue": 63198
        },
        "2007-11": {
            "month": "2007-11",
            "price": "29.37",
            "revenue": 55874
        },
        "2007-12": {
            "month": "2007-12",
            "price": "24.83",
            "revenue": 33550
        },
        "2008-01": {
            "month": "2008-01",
            "price": "20.95",
            "revenue": 45863
        },
        "2008-02": {
            "month": "2008-02",
            "price": "18.24",
            "revenue": 35390
        },
        "2008-03": {
            "month": "2008-03",
            "price": "20.42",
            "revenue": 31547
        },
        "2008-04": {
            "month": "2008-04",
            "price": "20.74",
            "revenue": 32655
        },
        "2008-05": {
            "month": "2008-05",
            "price": "20.33",
            "revenue": 43096
        },
        "2008-06": {
            "month": "2008-06",
            "price": "16.88",
            "revenue": 34744
        },
        "2008-07": {
            "month": "2008-07",
            "price": "12.49",
            "revenue": 49108
        },
        "2008-08": {
            "month": "2008-08",
            "price": "11.53",
            "revenue": 33688
        },
        "2008-09": {
            "month": "2008-09",
            "price": "9.10",
            "revenue": 45763
        },
        "2008-10": {
            "month": "2008-10",
            "price": "8.79",
            "revenue": 37031
        },
        "2008-11": {
            "month": "2008-11",
            "price": "5.73",
            "revenue": 42825
        },
        "2008-12": {
            "month": "2008-12",
            "price": "6.31",
            "revenue": 19222
        },
        "2009-01": {
            "month": "2009-01",
            "price": "7.09",
            "revenue": 25556
        },
        "2009-02": {
            "month": "2009-02",
            "price": "7.60",
            "revenue": 15272
        },
        "2009-03": {
            "month": "2009-03",
            "price": "7.64",
            "revenue": 24362
        },
        "2009-04": {
            "month": "2009-04",
            "price": "8.52",
            "revenue": 33428
        },
        "2009-05": {
            "month": "2009-05",
            "price": "8.32",
            "revenue": 25929
        },
        "2009-06": {
            "month": "2009-06",
            "price": "8.61",
            "revenue": 18864
        },
        "2009-07": {
            "month": "2009-07",
            "price": "8.16",
            "revenue": 19782
        },
        "2009-08": {
            "month": "2009-08",
            "price": "9.37",
            "revenue": 15217
        },
        "2009-09": {
            "month": "2009-09",
            "price": "9.13",
            "revenue": 12502
        },
        "2009-10": {
            "month": "2009-10",
            "price": "9.89",
            "revenue": 14640
        },
        "2009-11": {
            "month": "2009-11",
            "price": "10.49",
            "revenue": 14481
        },
        "2009-12": {
            "month": "2009-12",
            "price": "10.33",
            "revenue": 15125
        },
        "2010-01": {
            "month": "2010-01",
            "price": "12.84",
            "revenue": 25698
        },
        "2010-02": {
            "month": "2010-02",
            "price": "12.10",
            "revenue": 14074
        },
        "2010-03": {
            "month": "2010-03",
            "price": "14.64",
            "revenue": 17494
        },
        "2010-04": {
            "month": "2010-04",
            "price": "18.66",
            "revenue": 13435
        },
        "2010-05": {
            "month": "2010-05",
            "price": "25.30",
            "revenue": 14695
        },
        "2010-06": {
            "month": "2010-06",
            "price": "24.67",
            "revenue": 17712
        },
        "2010-07": {
            "month": "2010-07",
            "price": "24.23",
            "revenue": 13454
        },
        "2010-08": {
            "month": "2010-08",
            "price": "21.14",
            "revenue": 10887
        },
        "2010-09": {
            "month": "2010-09",
            "price": "19.79",
            "revenue": 14498
        },
        "2010-10": {
            "month": "2010-10",
            "price": "18.76",
            "revenue": 13872
        },
        "2010-11": {
            "month": "2010-11",
            "price": "17.57",
            "revenue": 18497
        },
        "2010-12": {
            "month": "2010-12",
            "price": "16.46",
            "revenue": 14798
        },
        "2011-01": {
            "month": "2011-01",
            "price": "13.33",
            "revenue": 34591
        },
        "2011-02": {
            "month": "2011-02",
            "price": "13.56",
            "revenue": 13586
        },
        "2011-03": {
            "month": "2011-03",
            "price": "13.76",
            "revenue": 15015
        },
        "2011-04": {
            "month": "2011-04",
            "price": "16.41",
            "revenue": 29636
        },
        "2011-05": {
            "month": "2011-05",
            "price": "15.58",
            "revenue": 17778
        },
        "2011-06": {
            "month": "2011-06",
            "price": "15.57",
            "revenue": 20794
        },
        "2011-07": {
            "month": "2011-07",
            "price": "15.89",
            "revenue": 26508
        },
        "2011-08": {
            "month": "2011-08",
            "price": "13.50",
            "revenue": 20849
        },
        "2011-09": {
            "month": "2011-09",
            "price": "17.28",
            "revenue": 15254
        },
        "2011-10": {
            "month": "2011-10",
            "price": "18.46",
            "revenue": 21826
        },
        "2011-11": {
            "month": "2011-11",
            "price": "17.74",
            "revenue": 15201
        },
        "2011-12": {
            "month": "2011-12",
            "price": "18.18",
            "revenue": 23075
        },
        "2012-01": {
            "month": "2012-01",
            "price": "18.60",
            "revenue": 20754
        },
        "2012-02": {
            "month": "2012-02",
            "price": "22.69",
            "revenue": 14063
        },
        "2012-03": {
            "month": "2012-03",
            "price": "25.52",
            "revenue": 30119
        },
        "2012-04": {
            "month": "2012-04",
            "price": "28.84",
            "revenue": 25175
        },
        "2012-05": {
            "month": "2012-05",
            "price": "26.95",
            "revenue": 23393
        },
        "2012-06": {
            "month": "2012-06",
            "price": "26.81",
            "revenue": 23553
        },
        "2012-07": {
            "month": "2012-07",
            "price": "27.22",
            "revenue": 10918
        },
        "2012-08": {
            "month": "2012-08",
            "price": "26.08",
            "revenue": 25317
        },
        "2012-09": {
            "month": "2012-09",
            "price": "24.68",
            "revenue": 22282
        },
        "2012-10": {
            "month": "2012-10",
            "price": "25.57",
            "revenue": 11301
        },
        "2012-11": {
            "month": "2012-11",
            "price": "25.48",
            "revenue": 24062
        },
        "2012-12": {
            "month": "2012-12",
            "price": "25.38",
            "revenue": 42725
        },
        "2013-01": {
            "month": "2013-01",
            "price": "26.36",
            "revenue": 50551
        },
        "2013-02": {
            "month": "2013-02",
            "price": "29.74",
            "revenue": 33614
        },
        "2013-03": {
            "month": "2013-03",
            "price": "37.02",
            "revenue": 59904
        },
        "2013-04": {
            "month": "2013-04",
            "price": "40.37",
            "revenue": 50259
        },
        "2013-05": {
            "month": "2013-05",
            "price": "40.15",
            "revenue": 49295
        },
        "2013-06": {
            "month": "2013-06",
            "price": "39.26",
            "revenue": 55700
        },
        "2013-07": {
            "month": "2013-07",
            "price": "39.41",
            "revenue": 56509
        },
        "2013-08": {
            "month": "2013-08",
            "price": "41.71",
            "revenue": 49690
        },
        "2013-09": {
            "month": "2013-09",
            "price": "45.58",
            "revenue": 77852
        },
        "2013-10": {
            "month": "2013-10",
            "price": "46.90",
            "revenue": 74852
        },
        "2013-11": {
            "month": "2013-11",
            "price": "44.55",
            "revenue": 42919
        },
        "2013-12": {
            "month": "2013-12",
            "price": "42.74",
            "revenue": 53555
        },
        "2014-01": {
            "month": "2014-01",
            "price": "44.21",
            "revenue": 48177
        },
        "2014-02": {
            "month": "2014-02",
            "price": "45.12",
            "revenue": 57838
        },
        "2014-03": {
            "month": "2014-03",
            "price": "46.25",
            "revenue": 77540
        },
        "2014-04": {
            "month": "2014-04",
            "price": "44.92",
            "revenue": 82180
        },
        "2014-05": {
            "month": "2014-05",
            "price": "44.15",
            "revenue": 76921
        },
        "2014-06": {
            "month": "2014-06",
            "price": "44.74",
            "revenue": 100723
        },
        "2014-07": {
            "month": "2014-07",
            "price": "53.81",
            "revenue": 78233
        },
        "2014-08": {
            "month": "2014-08",
            "price": "59.65",
            "revenue": 65291
        },
        "2014-09": {
            "month": "2014-09",
            "price": "56.52",
            "revenue": 76176
        },
        "2014-10": {
            "month": "2014-10",
            "price": "54.05",
            "revenue": 65981
        },
        "2014-11": {
            "month": "2014-11",
            "price": "53.40",
            "revenue": 59969
        },
        "2014-12": {
            "month": "2014-12",
            "price": "56.30",
            "revenue": 80818
        },
        "2015-01": {
            "month": "2015-01",
            "price": "57.26",
            "revenue": 63059
        },
        "2015-02": {
            "month": "2015-02",
            "price": "57.05",
            "revenue": 72644
        },
        "2015-03": {
            "month": "2015-03",
            "price": "56.06",
            "revenue": 105611
        },
        "2015-04": {
            "month": "2015-04",
            "price": "56.73",
            "revenue": 129700
        },
        "2015-05": {
            "month": "2015-05",
            "price": "57.00",
            "revenue": 87562
        },
        "2015-06": {
            "month": "2015-06",
            "price": "57.79",
            "revenue": 76748
        },
        "2015-07": {
            "month": "2015-07",
            "price": "54.28",
            "revenue": 83535
        },
        "2015-08": {
            "month": "2015-08",
            "price": "48.75",
            "revenue": 75586
        },
        "2015-09": {
            "month": "2015-09",
            "price": "49.77",
            "revenue": 102008
        },
        "2015-10": {
            "month": "2015-10",
            "price": "50.96",
            "revenue": 90288
        },
        "2015-11": {
            "month": "2015-11",
            "price": "55.23",
            "revenue": 78997
        },
        "2015-12": {
            "month": "2015-12",
            "price": "64.63",
            "revenue": 137552
        },
        "2016-01": {
            "month": "2016-01",
            "price": "68.80",
            "revenue": 137139
        },
        "2016-02": {
            "month": "2016-02",
            "price": "73.05",
            "revenue": 82309
        },
        "2016-03": {
            "month": "2016-03",
            "price": "76.10",
            "revenue": 111485
        },
        "2016-04": {
            "month": "2016-04",
            "price": "72.76",
            "revenue": 113090
        },
        "2016-05": {
            "month": "2016-05",
            "price": "71.20",
            "revenue": 88370
        },
        "2016-06": {
            "month": "2016-06",
            "price": "71.14",
            "revenue": 84972
        },
        "2016-07": {
            "month": "2016-07",
            "price": "70.45",
            "revenue": 96493
        },
        "2016-08": {
            "month": "2016-08",
            "price": "68.62",
            "revenue": 92122
        },
        "2016-09": {
            "month": "2016-09",
            "price": "65.63",
            "revenue": 107298
        },
        "2016-10": {
            "month": "2016-10",
            "price": "65.64",
            "revenue": 118455
        },
        "2016-11": {
            "month": "2016-11",
            "price": "65.07",
            "revenue": 115537
        },
        "2016-12": {
            "month": "2016-12",
            "price": "65.66",
            "revenue": 125357
        },
        "2017-01": {
            "month": "2017-01",
            "price": "63.46",
            "revenue": 119588
        },
        "2017-02": {
            "month": "2017-02",
            "price": "64.19",
            "revenue": 86509
        },
        "2017-03": {
            "month": "2017-03",
            "price": "62.56",
            "revenue": 118629
        },
        "2017-04": {
            "month": "2017-04",
            "price": "60.83",
            "revenue": 103207
        },
        "2017-05": {
            "month": "2017-05",
            "price": "60.12",
            "revenue": 95545
        },
        "2017-06": {
            "month": "2017-06",
            "price": "59.43",
            "revenue": 99611
        },
        "2017-07": {
            "month": "2017-07",
            "price": "60.23",
            "revenue": 93628
        },
        "2017-08": {
            "month": "2017-08",
            "price": "59.20",
            "revenue": 108547
        },
        "2017-09": {
            "month": "2017-09",
            "price": "54.63",
            "revenue": 111831
        },
        "2017-10": {
            "month": "2017-10",
            "price": "55.18",
            "revenue": 121829
        },
        "2017-11": {
            "month": "2017-11",
            "price": "53.70",
            "revenue": 174424
        },
        "2017-12": {
            "month": "2017-12",
            "price": "56.32",
            "revenue": 154621
        },
        "2018-01": {
            "month": "2018-01",
            "price": "63.12",
            "revenue": 131819
        },
        "2018-02": {
            "month": "2018-02",
            "price": "59.33",
            "revenue": 100338
        },
        "2018-03": {
            "month": "2018-03",
            "price": "57.52",
            "revenue": 151820
        },
        "2018-04": {
            "month": "2018-04",
            "price": "56.48",
            "revenue": 107384
        },
        "2018-05": {
            "month": "2018-05",
            "price": "53.16",
            "revenue": 149792
        },
        "2018-06": {
            "month": "2018-06",
            "price": "50.83",
            "revenue": 157844
        },
        "2018-07": {
            "month": "2018-07",
            "price": "51.33",
            "revenue": 131944
        },
        "2018-08": {
            "month": "2018-08",
            "price": "52.27",
            "revenue": 160203
        },
        "2018-09": {
            "month": "2018-09",
            "price": "51.99",
            "revenue": 168708
        },
        "2018-10": {
            "month": "2018-10",
            "price": "54.15",
            "revenue": 159676
        },
        "2018-11": {
            "month": "2018-11",
            "price": "54.16",
            "revenue": 174304
        },
        "2018-12": {
            "month": "2018-12",
            "price": "53.43",
            "revenue": 167441
        },
        "2019-01": {
            "month": "2019-01",
            "price": "53.21",
            "revenue": 208673
        },
        "2019-02": {
            "month": "2019-02",
            "price": "54.85",
            "revenue": 120812
        },
        "2019-03": {
            "month": "2019-03",
            "price": "56.18",
            "revenue": 173567
        },
        "2019-04": {
            "month": "2019-04",
            "price": "56.37",
            "revenue": 148068
        },
        "2019-05": {
            "month": "2019-05",
            "price": "58.82",
            "revenue": 176862
        },
        "2019-06": {
            "month": "2019-06",
            "price": "61.66",
            "revenue": 151350
        },
        "2019-07": {
            "month": "2019-07",
            "price": "61.63",
            "revenue": 145196
        },
        "2019-08": {
            "month": "2019-08",
            "price": "59.80",
            "revenue": 153287
        },
        "2019-09": {
            "month": "2019-09",
            "price": "57.96",
            "revenue": 156191
        },
        "2019-10": {
            "month": "2019-10",
            "price": "56.77",
            "revenue": 163017
        },
        "2019-11": {
            "month": "2019-11",
            "price": "57.88",
            "revenue": 168612
        },
        "2019-12": {
            "month": "2019-12",
            "price": "57.88",
            "revenue": 172261
        },
        "2020-01": {
            "month": "2020-01",
            "price": "57.29",
            "revenue": 167835
        },
        "2020-02": {
            "month": "2020-02",
            "price": "57.04",
            "revenue": 189529
        },
        "2020-03": {
            "month": "2020-03",
            "price": "51.52",
            "revenue": 180782
        },
        "2020-04": {
            "month": "2020-04",
            "price": "50.08",
            "revenue": 147743
        },
        "2020-05": {
            "month": "2020-05",
            "price": "53.15",
            "revenue": 148141
        },
        "2020-06": {
            "month": "2020-06",
            "price": "53.62",
            "revenue": 165578
        },
        "2020-07": {
            "month": "2020-07",
            "price": "53.77",
            "revenue": 216463
        },
        "2020-08": {
            "month": "2020-08",
            "price": "53.73",
            "revenue": 224508
        },
        "2020-09": {
            "month": "2020-09",
            "price": "54.26",
            "revenue": 287671
        },
        "2020-10": {
            "month": "2020-10",
            "price": "56.94",
            "revenue": 227918
        },
        "2020-11": {
            "month": "2020-11",
            "price": "58.03",
            "revenue": 249547
        },
        "2020-12": {
            "month": "2020-12",
            "price": "62.93",
            "revenue": 289232
        },
        "2021-01": {
            "month": "2021-01",
            "price": "66.94",
            "revenue": 207775
        },
        "2021-02": {
            "month": "2021-02",
            "price": "66.06",
            "revenue": 188311
        },
        "2021-03": {
            "month": "2021-03",
            "price": "68.95",
            "revenue": 257283
        },
        "2021-04": {
            "month": "2021-04",
            "price": "72.92",
            "revenue": 263755
        },
        "2021-05": {
            "month": "2021-05",
            "price": "67.73",
            "revenue": 269498
        },
        "2021-06": {
            "month": "2021-06",
            "price": "68.31",
            "revenue": 267503
        },
        "2021-07": {
            "month": "2021-07",
            "price": "68.53",
            "revenue": 256804
        },
        "2021-08": {
            "month": "2021-08",
            "price": "67.46",
            "revenue": 249112
        },
        "2021-09": {
            "month": "2021-09",
            "price": "65.97",
            "revenue": 250873
        },
        "2021-10": {
            "month": "2021-10",
            "price": "66.88",
            "revenue": 239492
        },
        "2021-11": {
            "month": "2021-11",
            "price": "66.69",
            "revenue": 252403
        },
        "2021-12": {
            "month": "2021-12",
            "price": "63.40",
            "revenue": 215364
        },
        "2022-01": {
            "month": "2022-01",
            "price": "63.49",
            "revenue": 237620
        },
        "2022-02": {
            "month": "2022-02",
            "price": "63.89",
            "revenue": 190130
        },
        "2022-03": {
            "month": "2022-03",
            "price": "62.69",
            "revenue": 250439
        },
        "2022-04": {
            "month": "2022-04",
            "price": "62.97",
            "revenue": 261512
        },
        "2022-05": {
            "month": "2022-05",
            "price": "63.15",
            "revenue": 250629
        },
        "2022-06": {
            "month": "2022-06",
            "price": "63.01",
            "revenue": 224246
        },
        "2022-07": {
            "month": "2022-07",
            "price": "62.28",
            "revenue": 191153
        },
        "2022-08": {
            "month": "2022-08",
            "price": "62.24",
            "revenue": 144784
        },
        "2022-09": {
            "month": "2022-09",
            "price": "58.98",
            "revenue": 123318
        },
        "2022-10": {
            "month": "2022-10",
            "price": "56.42",
            "revenue": 126017
        },
        "2022-11": {
            "month": "2022-11",
            "price": "55.15",
            "revenue": 133073
        },
        "2022-12": {
            "month": "2022-12",
            "price": "58.39",
            "revenue": 111031
        },
        "2023-01": {
            "month": "2023-01",
            "price": "56.30",
            "revenue": 113979
        },
        "2023-02": {
            "month": "2023-02",
            "price": "54.88",
            "revenue": 132899
        },
        "2023-03": {
            "month": "2023-03",
            "price": "54.34",
            "revenue": 166032
        },
        "2023-04": {
            "month": "2023-04",
            "price": "56.86",
            "revenue": 200462
        },
        "2023-05": {
            "month": "2023-05",
            "price": "58.99",
            "revenue": 218736
        },
        "2023-06": {
            "month": "2023-06",
            "price": "60.14",
            "revenue": 174190
        },
        "2023-07": {
            "month": "2023-07",
            "price": "60.37",
            "revenue": 180078
        },
        "2023-08": {
            "month": "2023-08",
            "price": "60.47",
            "revenue": 189375
        }
    }
}
