{
    "summary": {
        "stock_name": "原相",
        "stock_id": "3227",
        "category": "半導體",
        "main_business": "互補金氧半導體影像感測積體電路之研究、開發、設計、生產及銷售",
        "website_url": "http://www.pixart.com",
        "ceo": "黃森煌",
        "pe_ratio": 18,
        "report_year_from": 2002,
        "report_year_to": 2023,
        "age": 21,
        "eps_negative_percentage": 0,
        "eps_growth_avg": {
            "last_all": 9.53,
            "last_2y": 14.63,
            "last_4y": 11.45,
            "last_8y": 14.7,
            "last_12y": 2.8,
            "last_16y": 4.21,
            "last_20y": null,
            "at_2006_last_3y": null,
            "at_2007_last_3y": null,
            "at_2008_last_3y": 43.86,
            "at_2009_last_3y": 8.81,
            "at_2010_last_3y": -18.06,
            "at_2011_last_3y": -27.35,
            "at_2012_last_3y": -32.33,
            "at_2013_last_3y": -23.99,
            "at_2014_last_3y": -11.26,
            "at_2015_last_3y": -6.23,
            "at_2016_last_3y": -7.94,
            "at_2017_last_3y": 18.76,
            "at_2018_last_3y": 12.74,
            "at_2019_last_3y": 15.84,
            "at_2020_last_3y": 45.95,
            "at_2021_last_3y": 22.9,
            "at_2022_last_3y": 9.49,
            "at_2023_last_3y": 9.49,
            "at_2006_last_all": 100,
            "at_2007_last_all": 66.22,
            "at_2008_last_all": 43.86,
            "at_2009_last_all": 27.05,
            "at_2010_last_all": 21.29,
            "at_2011_last_all": 12.75,
            "at_2012_last_all": 5.77,
            "at_2013_last_all": 4.37,
            "at_2014_last_all": 8.27,
            "at_2015_last_all": 5.85,
            "at_2016_last_all": 1.2,
            "at_2017_last_all": 8.8,
            "at_2018_last_all": 9.55,
            "at_2019_last_all": 8.51,
            "at_2020_last_all": 12.38,
            "at_2021_last_all": 12.12,
            "at_2022_last_all": 9.53,
            "at_2023_last_all": 9.53
        },
        "latest_eps": 6.35,
        "latest_price": 111.5,
        "latest_roe": 10.02,
        "latest_gross_margin": 54.79,
        "latest_equity": 8779641,
        "latest_revenue": 1087099,
        "latest_gross_profit": 595602,
        "latest_net_income": 4987,
        "latest_debt_ratio": 24.25,
        "latest_current_ratio": 271.78,
        "latest_account_receivable_turnover_ratio": 1.55,
        "latest_inventory_turnover_ratio": 0.53,
        "latest_reinvestment_rate": 16.83,
        "latest_research_to_sale_ratio": 34.9
    },
    "eps_dividends": {
        "2001": {
            "cash": 0,
            "stock": 0,
            "eps": 0
        },
        "2002": {
            "cash": 0,
            "stock": 0,
            "eps": 0
        },
        "2003": {
            "cash": 0,
            "stock": 0,
            "eps": 0
        },
        "2004": {
            "cash": 2,
            "stock": 3,
            "eps": 0.93
        },
        "2005": {
            "cash": 1.5,
            "stock": 1.5,
            "eps": 5.08
        },
        "2006": {
            "cash": 2.5,
            "stock": 1.5,
            "eps": 15.01
        },
        "2007": {
            "cash": 7,
            "stock": 1,
            "eps": 14.81
        },
        "2008": {
            "cash": 7.8,
            "stock": 0.4,
            "eps": 11.37
        },
        "2009": {
            "cash": 5.93,
            "stock": 0.1,
            "eps": 6.8
        },
        "2010": {
            "cash": 5,
            "stock": 0,
            "eps": 6.29
        },
        "2011": {
            "cash": 4.7,
            "stock": 0.1,
            "eps": 3.87
        },
        "2012": {
            "cash": 2.9,
            "stock": 0.1,
            "eps": 2.2
        },
        "2013": {
            "cash": 2,
            "stock": 0,
            "eps": 2.05
        },
        "2014": {
            "cash": 2.06,
            "stock": 0,
            "eps": 2.94
        },
        "2015": {
            "cash": 3,
            "stock": 0,
            "eps": 2.4
        },
        "2016": {
            "cash": 2.4,
            "stock": 0,
            "eps": 1.2
        },
        "2017": {
            "cash": 2,
            "stock": 0,
            "eps": 5.49
        },
        "2018": {
            "cash": 4.47,
            "stock": 0,
            "eps": 6.55
        },
        "2019": {
            "cash": 5.27,
            "stock": 0,
            "eps": 6.16
        },
        "2020": {
            "cash": 5.13,
            "stock": 0,
            "eps": 10.5
        },
        "2021": {
            "cash": 8.48,
            "stock": 0,
            "eps": 11.32
        },
        "2022": {
            "cash": 9,
            "stock": 0,
            "eps": 7.43
        },
        "2023": {
            "cash": 6,
            "stock": 0,
            "eps": 0.03
        }
    },
    "dividends": {
        "2004-04-08": {
            "cash": 2,
            "stock": 3
        },
        "2005-05-10": {
            "cash": 1.5,
            "stock": 1.5
        },
        "2006-02-24": {
            "cash": 2.5,
            "stock": 1.5
        },
        "2007-05-03": {
            "cash": 7,
            "stock": 1
        },
        "2008-04-24": {
            "cash": 7.8,
            "stock": 0.4
        },
        "2009-03-10": {
            "cash": 5.93,
            "stock": 0.1
        },
        "2010-04-27": {
            "cash": 5,
            "stock": 0
        },
        "2011-04-26": {
            "cash": 4.7,
            "stock": 0.1
        },
        "2012-04-24": {
            "cash": 2.9,
            "stock": 0.1
        },
        "2013-06-24": {
            "cash": 2,
            "stock": 0
        },
        "2014-09-15": {
            "cash": 2.06,
            "stock": 0
        },
        "2015-09-15": {
            "cash": 3,
            "stock": 0
        },
        "2016-09-14": {
            "cash": 2.4,
            "stock": 0
        },
        "2017-09-06": {
            "cash": 2,
            "stock": 0
        },
        "2018-09-05": {
            "cash": 4.47,
            "stock": 0
        },
        "2019-08-08": {
            "cash": 5.27,
            "stock": 0
        },
        "2020-08-10": {
            "cash": 5.13,
            "stock": 0
        },
        "2021-08-10": {
            "cash": 8.48,
            "stock": 0
        },
        "2022-08-10": {
            "cash": 9,
            "stock": 0
        },
        "2023-02-17": {
            "cash": 6,
            "stock": 0
        }
    },
    "prices": {
        "200101": "無",
        "200102": "無",
        "200103": "無",
        "200104": "無",
        "200105": "無",
        "200106": "無",
        "200107": "無",
        "200108": "無",
        "200109": "無",
        "200110": "無",
        "200111": "無",
        "200112": "無",
        "200201": "無",
        "200202": "無",
        "200203": "無",
        "200204": "無",
        "200205": "無",
        "200206": "無",
        "200207": "無",
        "200208": "無",
        "200209": "無",
        "200210": "無",
        "200211": "無",
        "200212": "無",
        "200301": "無",
        "200302": "無",
        "200303": "無",
        "200304": "無",
        "200305": "無",
        "200306": "無",
        "200307": "無",
        "200308": "無",
        "200309": "128.71",
        "200310": "150.13",
        "200311": "162.38",
        "200312": "168.51",
        "200401": "217.56",
        "200402": "230.82",
        "200403": "207.88",
        "200404": "199.46",
        "200405": "144.15",
        "200406": "120.61",
        "200407": "114.23",
        "200408": "88.41",
        "200409": "69.39",
        "200410": "50.96",
        "200411": "50.71",
        "200412": "47.65",
        "200501": "46.49",
        "200502": "51.05",
        "200503": "74.40",
        "200504": "70.46",
        "200505": "67.85",
        "200506": "63.40",
        "200507": "74.08",
        "200508": "85.49",
        "200509": "92.81",
        "200510": "95.98",
        "200511": "93.59",
        "200512": "142.75",
        "200601": "164.03",
        "200602": "146.76",
        "200603": "155.99",
        "200604": "167.79",
        "200605": "160.03",
        "200606": "158.95",
        "200607": "161.02",
        "200608": "199.54",
        "200609": "251.67",
        "200610": "249.32",
        "200611": "342.68",
        "200612": "405.36",
        "200701": "534.43",
        "200702": "439.38",
        "200703": "421.39",
        "200704": "406.90",
        "200705": "470.82",
        "200706": "499.05",
        "200707": "485.43",
        "200708": "332.59",
        "200709": "275.81",
        "200710": "296.02",
        "200711": "232.43",
        "200712": "221.14",
        "200801": "221.16",
        "200802": "186.89",
        "200803": "210.00",
        "200804": "239.48",
        "200805": "262.64",
        "200806": "220.95",
        "200807": "233.55",
        "200808": "193.79",
        "200809": "136.36",
        "200810": "100.85",
        "200811": "86.27",
        "200812": "99.15",
        "200901": "120.03",
        "200902": "140.65",
        "200903": "153.34",
        "200904": "187.91",
        "200905": "272.72",
        "200906": "243.30",
        "200907": "272.89",
        "200908": "237.78",
        "200909": "277.61",
        "200910": "265.57",
        "200911": "244.14",
        "200912": "257.91",
        "201001": "244.12",
        "201002": "187.18",
        "201003": "194.33",
        "201004": "206.81",
        "201005": "188.05",
        "201006": "184.76",
        "201007": "185.07",
        "201008": "170.86",
        "201009": "156.21",
        "201010": "141.81",
        "201011": "139.16",
        "201012": "148.96",
        "201101": "138.12",
        "201102": "114.29",
        "201103": "114.35",
        "201104": "118.92",
        "201105": "109.93",
        "201106": "109.33",
        "201107": "94.34",
        "201108": "69.00",
        "201109": "72.40",
        "201110": "76.54",
        "201111": "74.93",
        "201112": "67.07",
        "201201": "69.89",
        "201202": "87.94",
        "201203": "81.93",
        "201204": "73.61",
        "201205": "77.38",
        "201206": "83.87",
        "201207": "85.76",
        "201208": "93.75",
        "201209": "88.71",
        "201210": "72.71",
        "201211": "63.16",
        "201212": "68.85",
        "201301": "71.21",
        "201302": "66.09",
        "201303": "65.08",
        "201304": "65.41",
        "201305": "63.63",
        "201306": "62.82",
        "201307": "61.20",
        "201308": "56.10",
        "201309": "58.82",
        "201310": "56.70",
        "201311": "48.87",
        "201312": "48.40",
        "201401": "53.44",
        "201402": "55.67",
        "201403": "63.05",
        "201404": "63.75",
        "201405": "65.69",
        "201406": "79.73",
        "201407": "82.28",
        "201408": "74.07",
        "201409": "73.20",
        "201410": "69.36",
        "201411": "65.66",
        "201412": "67.90",
        "201501": "85.68",
        "201502": "89.42",
        "201503": "107.71",
        "201504": "98.40",
        "201505": "88.88",
        "201506": "90.78",
        "201507": "83.72",
        "201508": "62.53",
        "201509": "65.06",
        "201510": "73.82",
        "201511": "73.49",
        "201512": "79.42",
        "201601": "71.75",
        "201602": "74.32",
        "201603": "75.85",
        "201604": "76.67",
        "201605": "65.47",
        "201606": "67.38",
        "201607": "73.12",
        "201608": "74.89",
        "201609": "70.33",
        "201610": "69.44",
        "201611": "64.81",
        "201612": "65.74",
        "201701": "68.29",
        "201702": "78.15",
        "201703": "77.84",
        "201704": "76.69",
        "201705": "80.68",
        "201706": "81.93",
        "201707": "83.06",
        "201708": "117.64",
        "201709": "126.73",
        "201710": "126.53",
        "201711": "145.05",
        "201712": "152.76",
        "201801": "137.43",
        "201802": "128.85",
        "201803": "128.54",
        "201804": "117.58",
        "201805": "116.32",
        "201806": "117.62",
        "201807": "110.09",
        "201808": "125.20",
        "201809": "116.92",
        "201810": "87.15",
        "201811": "84.89",
        "201812": "90.42",
        "201901": "88.83",
        "201902": "91.92",
        "201903": "88.00",
        "201904": "94.88",
        "201905": "120.93",
        "201906": "119.66",
        "201907": "114.96",
        "201908": "107.81",
        "201909": "114.13",
        "201910": "117.55",
        "201911": "126.50",
        "201912": "144.16",
        "202001": "159.53",
        "202002": "183.29",
        "202003": "157.23",
        "202004": "167.58",
        "202005": "166.60",
        "202006": "165.38",
        "202007": "204.37",
        "202008": "185.81",
        "202009": "176.84",
        "202010": "177.66",
        "202011": "193.95",
        "202012": "193.96",
        "202101": "192.02",
        "202102": "184.81",
        "202103": "182.16",
        "202104": "197.55",
        "202105": "177.83",
        "202106": "192.29",
        "202107": "202.00",
        "202108": "168.91",
        "202109": "157.72",
        "202110": "150.00",
        "202111": "154.84",
        "202112": "149.64",
        "202201": "143.39",
        "202202": "140.10",
        "202203": "138.35",
        "202204": "128.05",
        "202205": "113.05",
        "202206": "107.64",
        "202207": "90.96",
        "202208": "92.32",
        "202209": "90.51",
        "202210": "82.16",
        "202211": "89.71",
        "202212": "96.98",
        "202301": "98.94",
        "202302": "110.11",
        "202303": "108.89",
        "202304": "107.21",
        "202305": "106.48"
    },
    "quarters": {
        "20011": {
            "year_quarter": 20011,
            "year": 2001,
            "quarter": 1,
            "eps": null,
            "eps_growth_year": null,
            "eps_4q": null,
            "eps_4q_growth_year": null,
            "roe": null,
            "roe_4q": 0,
            "gross_profit": null,
            "gross_margin": null,
            "gross_margin_4q_avg": 0,
            "net_income": null,
            "revenue": null,
            "common_shares": null,
            "book_valuer_per_share": null,
            "book_valuer_per_share_4q_avg": 0,
            "equity": null,
            "current_ratio": null,
            "debt_ratio": null,
            "inventory_turnover_ratio": null,
            "account_receivable_turnover_ratio": null,
            "reinvestment_rate": null,
            "research_to_sale_ratio": null,
            "price_fair": 0,
            "eps_avg_yearly": 0,
            "eps_latest_yearly": 0,
            "eps_growth_yearly": 0
        },
        "20012": {
            "year_quarter": 20012,
            "year": 2001,
            "quarter": 2,
            "eps": null,
            "eps_growth_year": null,
            "eps_4q": null,
            "eps_4q_growth_year": null,
            "roe": null,
            "roe_4q": 0,
            "gross_profit": null,
            "gross_margin": null,
            "gross_margin_4q_avg": 0,
            "net_income": null,
            "revenue": null,
            "common_shares": null,
            "book_valuer_per_share": null,
            "book_valuer_per_share_4q_avg": 0,
            "equity": null,
            "current_ratio": null,
            "debt_ratio": null,
            "inventory_turnover_ratio": null,
            "account_receivable_turnover_ratio": null,
            "reinvestment_rate": null,
            "research_to_sale_ratio": null,
            "price_fair": 0,
            "eps_avg_yearly": 0,
            "eps_latest_yearly": 0,
            "eps_growth_yearly": 0
        },
        "20013": {
            "year_quarter": 20013,
            "year": 2001,
            "quarter": 3,
            "eps": null,
            "eps_growth_year": null,
            "eps_4q": null,
            "eps_4q_growth_year": null,
            "roe": null,
            "roe_4q": 0,
            "gross_profit": null,
            "gross_margin": null,
            "gross_margin_4q_avg": 0,
            "net_income": null,
            "revenue": null,
            "common_shares": null,
            "book_valuer_per_share": null,
            "book_valuer_per_share_4q_avg": 0,
            "equity": null,
            "current_ratio": null,
            "debt_ratio": null,
            "inventory_turnover_ratio": null,
            "account_receivable_turnover_ratio": null,
            "reinvestment_rate": null,
            "research_to_sale_ratio": null,
            "price_fair": 0,
            "eps_avg_yearly": 0,
            "eps_latest_yearly": 0,
            "eps_growth_yearly": 0
        },
        "20014": {
            "year_quarter": 20014,
            "year": 2001,
            "quarter": 4,
            "eps": null,
            "eps_growth_year": null,
            "eps_4q": null,
            "eps_4q_growth_year": null,
            "roe": null,
            "roe_4q": 0,
            "gross_profit": null,
            "gross_margin": null,
            "gross_margin_4q_avg": 0,
            "net_income": null,
            "revenue": null,
            "common_shares": 500000,
            "book_valuer_per_share": 3.75,
            "book_valuer_per_share_4q_avg": 0.94,
            "equity": 187655,
            "current_ratio": 350.42,
            "debt_ratio": 32.75,
            "inventory_turnover_ratio": null,
            "account_receivable_turnover_ratio": null,
            "reinvestment_rate": null,
            "research_to_sale_ratio": null,
            "price_fair": 0,
            "eps_avg_yearly": 0,
            "eps_latest_yearly": 0,
            "eps_growth_yearly": 0
        },
        "20021": {
            "year_quarter": 20021,
            "year": 2002,
            "quarter": 1,
            "eps": null,
            "eps_growth_year": null,
            "eps_4q": null,
            "eps_4q_growth_year": null,
            "roe": null,
            "roe_4q": 0,
            "gross_profit": null,
            "gross_margin": null,
            "gross_margin_4q_avg": 0,
            "net_income": null,
            "revenue": null,
            "common_shares": null,
            "book_valuer_per_share": null,
            "book_valuer_per_share_4q_avg": 0.94,
            "equity": null,
            "current_ratio": null,
            "debt_ratio": null,
            "inventory_turnover_ratio": null,
            "account_receivable_turnover_ratio": null,
            "reinvestment_rate": null,
            "research_to_sale_ratio": null,
            "price_fair": 0,
            "eps_avg_yearly": 0,
            "eps_latest_yearly": 0,
            "eps_growth_yearly": 0
        },
        "20022": {
            "year_quarter": 20022,
            "year": 2002,
            "quarter": 2,
            "eps": null,
            "eps_growth_year": null,
            "eps_4q": null,
            "eps_4q_growth_year": null,
            "roe": null,
            "roe_4q": 0,
            "gross_profit": null,
            "gross_margin": null,
            "gross_margin_4q_avg": 0,
            "net_income": null,
            "revenue": null,
            "common_shares": null,
            "book_valuer_per_share": null,
            "book_valuer_per_share_4q_avg": 0.94,
            "equity": null,
            "current_ratio": null,
            "debt_ratio": null,
            "inventory_turnover_ratio": null,
            "account_receivable_turnover_ratio": null,
            "reinvestment_rate": null,
            "research_to_sale_ratio": null,
            "price_fair": 0,
            "eps_avg_yearly": 0,
            "eps_latest_yearly": 0,
            "eps_growth_yearly": 0
        },
        "20023": {
            "year_quarter": 20023,
            "year": 2002,
            "quarter": 3,
            "eps": null,
            "eps_growth_year": null,
            "eps_4q": null,
            "eps_4q_growth_year": null,
            "roe": null,
            "roe_4q": 0,
            "gross_profit": null,
            "gross_margin": null,
            "gross_margin_4q_avg": 0,
            "net_income": null,
            "revenue": null,
            "common_shares": null,
            "book_valuer_per_share": null,
            "book_valuer_per_share_4q_avg": 0.94,
            "equity": null,
            "current_ratio": null,
            "debt_ratio": null,
            "inventory_turnover_ratio": null,
            "account_receivable_turnover_ratio": null,
            "reinvestment_rate": null,
            "research_to_sale_ratio": null,
            "price_fair": 0,
            "eps_avg_yearly": 0,
            "eps_latest_yearly": 0,
            "eps_growth_yearly": 0
        },
        "20024": {
            "year_quarter": 20024,
            "year": 2002,
            "quarter": 4,
            "eps": null,
            "eps_growth_year": null,
            "eps_4q": null,
            "eps_4q_growth_year": null,
            "roe": null,
            "roe_4q": 0,
            "gross_profit": null,
            "gross_margin": null,
            "gross_margin_4q_avg": 0,
            "net_income": null,
            "revenue": null,
            "common_shares": 400000,
            "book_valuer_per_share": 11.25,
            "book_valuer_per_share_4q_avg": 2.81,
            "equity": 450045,
            "current_ratio": 367.77,
            "debt_ratio": 29.18,
            "inventory_turnover_ratio": null,
            "account_receivable_turnover_ratio": null,
            "reinvestment_rate": null,
            "research_to_sale_ratio": null,
            "price_fair": 0,
            "eps_avg_yearly": 0,
            "eps_latest_yearly": 0,
            "eps_growth_yearly": 0
        },
        "20031": {
            "year_quarter": 20031,
            "year": 2003,
            "quarter": 1,
            "eps": null,
            "eps_growth_year": null,
            "eps_4q": null,
            "eps_4q_growth_year": null,
            "roe": null,
            "roe_4q": 0,
            "gross_profit": null,
            "gross_margin": null,
            "gross_margin_4q_avg": 0,
            "net_income": null,
            "revenue": null,
            "common_shares": null,
            "book_valuer_per_share": null,
            "book_valuer_per_share_4q_avg": 2.81,
            "equity": null,
            "current_ratio": null,
            "debt_ratio": null,
            "inventory_turnover_ratio": null,
            "account_receivable_turnover_ratio": null,
            "reinvestment_rate": null,
            "research_to_sale_ratio": null,
            "price_fair": 0,
            "eps_avg_yearly": 0,
            "eps_latest_yearly": 0,
            "eps_growth_yearly": 0
        },
        "20032": {
            "year_quarter": 20032,
            "year": 2003,
            "quarter": 2,
            "eps": null,
            "eps_growth_year": null,
            "eps_4q": null,
            "eps_4q_growth_year": null,
            "roe": null,
            "roe_4q": 0,
            "gross_profit": null,
            "gross_margin": null,
            "gross_margin_4q_avg": 0,
            "net_income": null,
            "revenue": null,
            "common_shares": null,
            "book_valuer_per_share": null,
            "book_valuer_per_share_4q_avg": 2.81,
            "equity": null,
            "current_ratio": null,
            "debt_ratio": null,
            "inventory_turnover_ratio": null,
            "account_receivable_turnover_ratio": null,
            "reinvestment_rate": null,
            "research_to_sale_ratio": null,
            "price_fair": 0,
            "eps_avg_yearly": 0,
            "eps_latest_yearly": 0,
            "eps_growth_yearly": 0
        },
        "20033": {
            "year_quarter": 20033,
            "year": 2003,
            "quarter": 3,
            "eps": null,
            "eps_growth_year": null,
            "eps_4q": null,
            "eps_4q_growth_year": null,
            "roe": null,
            "roe_4q": 0,
            "gross_profit": null,
            "gross_margin": null,
            "gross_margin_4q_avg": 0,
            "net_income": null,
            "revenue": null,
            "common_shares": null,
            "book_valuer_per_share": null,
            "book_valuer_per_share_4q_avg": 2.81,
            "equity": null,
            "current_ratio": null,
            "debt_ratio": null,
            "inventory_turnover_ratio": null,
            "account_receivable_turnover_ratio": null,
            "reinvestment_rate": null,
            "research_to_sale_ratio": null,
            "price_fair": 0,
            "eps_avg_yearly": 0,
            "eps_latest_yearly": 0,
            "eps_growth_yearly": 0
        },
        "20034": {
            "year_quarter": 20034,
            "year": 2003,
            "quarter": 4,
            "eps": null,
            "eps_growth_year": null,
            "eps_4q": null,
            "eps_4q_growth_year": null,
            "roe": null,
            "roe_4q": 0,
            "gross_profit": null,
            "gross_margin": null,
            "gross_margin_4q_avg": 0,
            "net_income": null,
            "revenue": null,
            "common_shares": 460000,
            "book_valuer_per_share": 28.26,
            "book_valuer_per_share_4q_avg": 7.07,
            "equity": 1299998,
            "current_ratio": 348.23,
            "debt_ratio": 26.77,
            "inventory_turnover_ratio": null,
            "account_receivable_turnover_ratio": null,
            "reinvestment_rate": null,
            "research_to_sale_ratio": null,
            "price_fair": 0,
            "eps_avg_yearly": 0,
            "eps_latest_yearly": 0,
            "eps_growth_yearly": 0
        },
        "20041": {
            "year_quarter": 20041,
            "year": 2004,
            "quarter": 1,
            "eps": null,
            "eps_growth_year": null,
            "eps_4q": null,
            "eps_4q_growth_year": null,
            "roe": null,
            "roe_4q": 0,
            "gross_profit": null,
            "gross_margin": null,
            "gross_margin_4q_avg": 0,
            "net_income": null,
            "revenue": null,
            "common_shares": null,
            "book_valuer_per_share": null,
            "book_valuer_per_share_4q_avg": 7.07,
            "equity": null,
            "current_ratio": null,
            "debt_ratio": null,
            "inventory_turnover_ratio": null,
            "account_receivable_turnover_ratio": null,
            "reinvestment_rate": null,
            "research_to_sale_ratio": null,
            "price_fair": 0,
            "eps_avg_yearly": 0,
            "eps_latest_yearly": 0,
            "eps_growth_yearly": 0
        },
        "20042": {
            "year_quarter": 20042,
            "year": 2004,
            "quarter": 2,
            "eps": null,
            "eps_growth_year": null,
            "eps_4q": null,
            "eps_4q_growth_year": null,
            "roe": null,
            "roe_4q": 0,
            "gross_profit": null,
            "gross_margin": null,
            "gross_margin_4q_avg": 0,
            "net_income": null,
            "revenue": null,
            "common_shares": null,
            "book_valuer_per_share": null,
            "book_valuer_per_share_4q_avg": 7.07,
            "equity": null,
            "current_ratio": null,
            "debt_ratio": null,
            "inventory_turnover_ratio": null,
            "account_receivable_turnover_ratio": null,
            "reinvestment_rate": null,
            "research_to_sale_ratio": null,
            "price_fair": 0,
            "eps_avg_yearly": 0,
            "eps_latest_yearly": 0,
            "eps_growth_yearly": 0
        },
        "20043": {
            "year_quarter": 20043,
            "year": 2004,
            "quarter": 3,
            "eps": 1.09,
            "eps_growth_year": null,
            "eps_4q": null,
            "eps_4q_growth_year": null,
            "roe": 5.07,
            "roe_4q": 5.07,
            "gross_profit": 184205,
            "gross_margin": 36.37,
            "gross_margin_4q_avg": 9.09,
            "net_income": 79970,
            "revenue": 506517,
            "common_shares": 620465,
            "book_valuer_per_share": 25.42,
            "book_valuer_per_share_4q_avg": 13.42,
            "equity": 1577187,
            "current_ratio": 351.97,
            "debt_ratio": 25.82,
            "inventory_turnover_ratio": 0.8,
            "account_receivable_turnover_ratio": null,
            "reinvestment_rate": null,
            "research_to_sale_ratio": null,
            "price_fair": 0,
            "eps_avg_yearly": 0,
            "eps_latest_yearly": 0,
            "eps_growth_yearly": 0
        },
        "20044": {
            "year_quarter": 20044,
            "year": 2004,
            "quarter": 4,
            "eps": -0.16,
            "eps_growth_year": null,
            "eps_4q": null,
            "eps_4q_growth_year": null,
            "roe": -0.65,
            "roe_4q": 4.42,
            "gross_profit": 59805,
            "gross_margin": 25.19,
            "gross_margin_4q_avg": 15.39,
            "net_income": -10210,
            "revenue": 237447,
            "common_shares": 621609,
            "book_valuer_per_share": 25.24,
            "book_valuer_per_share_4q_avg": 12.67,
            "equity": 1568828,
            "current_ratio": 491.61,
            "debt_ratio": 18.17,
            "inventory_turnover_ratio": 0.46,
            "account_receivable_turnover_ratio": null,
            "reinvestment_rate": null,
            "research_to_sale_ratio": null,
            "price_fair": 0,
            "eps_avg_yearly": 0,
            "eps_latest_yearly": 0,
            "eps_growth_yearly": 0
        },
        "20051": {
            "year_quarter": 20051,
            "year": 2005,
            "quarter": 1,
            "eps": null,
            "eps_growth_year": null,
            "eps_4q": null,
            "eps_4q_growth_year": null,
            "roe": null,
            "roe_4q": 4.42,
            "gross_profit": null,
            "gross_margin": null,
            "gross_margin_4q_avg": 15.39,
            "net_income": null,
            "revenue": null,
            "common_shares": null,
            "book_valuer_per_share": null,
            "book_valuer_per_share_4q_avg": 12.67,
            "equity": null,
            "current_ratio": null,
            "debt_ratio": null,
            "inventory_turnover_ratio": null,
            "account_receivable_turnover_ratio": null,
            "reinvestment_rate": null,
            "research_to_sale_ratio": null,
            "price_fair": 0,
            "eps_avg_yearly": 0,
            "eps_latest_yearly": 0,
            "eps_growth_yearly": 0
        },
        "20052": {
            "year_quarter": 20052,
            "year": 2005,
            "quarter": 2,
            "eps": null,
            "eps_growth_year": null,
            "eps_4q": null,
            "eps_4q_growth_year": null,
            "roe": null,
            "roe_4q": 4.42,
            "gross_profit": null,
            "gross_margin": null,
            "gross_margin_4q_avg": 15.39,
            "net_income": null,
            "revenue": null,
            "common_shares": null,
            "book_valuer_per_share": null,
            "book_valuer_per_share_4q_avg": 12.67,
            "equity": null,
            "current_ratio": null,
            "debt_ratio": null,
            "inventory_turnover_ratio": null,
            "account_receivable_turnover_ratio": null,
            "reinvestment_rate": null,
            "research_to_sale_ratio": null,
            "price_fair": 0,
            "eps_avg_yearly": 0,
            "eps_latest_yearly": 0,
            "eps_growth_yearly": 0
        },
        "20053": {
            "year_quarter": 20053,
            "year": 2005,
            "quarter": 3,
            "eps": 2.65,
            "eps_growth_year": 143.12,
            "eps_4q": null,
            "eps_4q_growth_year": null,
            "roe": 10.4,
            "roe_4q": 9.75,
            "gross_profit": 327290,
            "gross_margin": 39.18,
            "gross_margin_4q_avg": 16.09,
            "net_income": 198375,
            "revenue": 835390,
            "common_shares": 755945,
            "book_valuer_per_share": 25.23,
            "book_valuer_per_share_4q_avg": 12.62,
            "equity": 1907226,
            "current_ratio": 322.24,
            "debt_ratio": 27.82,
            "inventory_turnover_ratio": 1.54,
            "account_receivable_turnover_ratio": null,
            "reinvestment_rate": null,
            "research_to_sale_ratio": null,
            "price_fair": 0,
            "eps_avg_yearly": 0,
            "eps_latest_yearly": 0,
            "eps_growth_yearly": 0
        },
        "20054": {
            "year_quarter": 20054,
            "year": 2005,
            "quarter": 4,
            "eps": 2.43,
            "eps_growth_year": null,
            "eps_4q": null,
            "eps_4q_growth_year": null,
            "roe": 9.11,
            "roe_4q": 19.509999999999998,
            "gross_profit": 335253,
            "gross_margin": 42.01,
            "gross_margin_4q_avg": 20.3,
            "net_income": 182925,
            "revenue": 798019,
            "common_shares": 756862,
            "book_valuer_per_share": 27.84,
            "book_valuer_per_share_4q_avg": 13.27,
            "equity": 2106772,
            "current_ratio": 345.93,
            "debt_ratio": 26.3,
            "inventory_turnover_ratio": 1.37,
            "account_receivable_turnover_ratio": null,
            "reinvestment_rate": null,
            "research_to_sale_ratio": null,
            "price_fair": 29.16,
            "eps_avg_yearly": 9.72,
            "eps_latest_yearly": 9.72,
            "eps_growth_yearly": -33.21
        },
        "20061": {
            "year_quarter": 20061,
            "year": 2006,
            "quarter": 1,
            "eps": 1.14,
            "eps_growth_year": null,
            "eps_4q": null,
            "eps_4q_growth_year": null,
            "roe": 4.1,
            "roe_4q": 23.61,
            "gross_profit": 196514,
            "gross_margin": 37.33,
            "gross_margin_4q_avg": 29.63,
            "net_income": 88157,
            "revenue": 526369,
            "common_shares": 772912,
            "book_valuer_per_share": 28.44,
            "book_valuer_per_share_4q_avg": 20.38,
            "equity": 2198374,
            "current_ratio": 361.85,
            "debt_ratio": 22.35,
            "inventory_turnover_ratio": 0.97,
            "account_receivable_turnover_ratio": null,
            "reinvestment_rate": null,
            "research_to_sale_ratio": null,
            "price_fair": 21.42,
            "eps_avg_yearly": 7.14,
            "eps_latest_yearly": 4.56,
            "eps_growth_yearly": -122.78
        },
        "20062": {
            "year_quarter": 20062,
            "year": 2006,
            "quarter": 2,
            "eps": 1.23,
            "eps_growth_year": null,
            "eps_4q": 6.15,
            "eps_4q_growth_year": null,
            "roe": 4.58,
            "roe_4q": 28.189999999999998,
            "gross_profit": 250794,
            "gross_margin": 36.72,
            "gross_margin_4q_avg": 38.81,
            "net_income": 117302,
            "revenue": 683059,
            "common_shares": 871137,
            "book_valuer_per_share": 33.6,
            "book_valuer_per_share_4q_avg": 28.78,
            "equity": 2926681,
            "current_ratio": 340.52,
            "debt_ratio": 25.33,
            "inventory_turnover_ratio": 1.35,
            "account_receivable_turnover_ratio": null,
            "reinvestment_rate": null,
            "research_to_sale_ratio": null,
            "price_fair": 19.2,
            "eps_avg_yearly": 6.4,
            "eps_latest_yearly": 4.92,
            "eps_growth_yearly": -71.32
        },
        "20063": {
            "year_quarter": 20063,
            "year": 2006,
            "quarter": 3,
            "eps": 5.55,
            "eps_growth_year": 109.43,
            "eps_4q": 9.52,
            "eps_4q_growth_year": null,
            "roe": 16.98,
            "roe_4q": 34.77,
            "gross_profit": 546432,
            "gross_margin": 46.86,
            "gross_margin_4q_avg": 40.73,
            "net_income": 543443,
            "revenue": 1165988,
            "common_shares": 1030170,
            "book_valuer_per_share": 33.73,
            "book_valuer_per_share_4q_avg": 30.9,
            "equity": 3474466,
            "current_ratio": 494.4,
            "debt_ratio": 17.67,
            "inventory_turnover_ratio": 1.97,
            "account_receivable_turnover_ratio": null,
            "reinvestment_rate": null,
            "research_to_sale_ratio": null,
            "price_fair": 362.25,
            "eps_avg_yearly": 10.35,
            "eps_latest_yearly": 22.2,
            "eps_growth_yearly": 297.73
        },
        "20064": {
            "year_quarter": 20064,
            "year": 2006,
            "quarter": 4,
            "eps": 7.09,
            "eps_growth_year": 191.77,
            "eps_4q": 14.62,
            "eps_4q_growth_year": null,
            "roe": 18.39,
            "roe_4q": 44.050000000000004,
            "gross_profit": 838527,
            "gross_margin": 51.95,
            "gross_margin_4q_avg": 43.22,
            "net_income": 705559,
            "revenue": 1614062,
            "common_shares": 1030845,
            "book_valuer_per_share": 40.72,
            "book_valuer_per_share_4q_avg": 34.12,
            "equity": 4197596,
            "current_ratio": 522.08,
            "debt_ratio": 16.86,
            "inventory_turnover_ratio": 2.29,
            "account_receivable_turnover_ratio": null,
            "reinvestment_rate": null,
            "research_to_sale_ratio": null,
            "price_fair": 488.32,
            "eps_avg_yearly": 13.95,
            "eps_latest_yearly": 28.36,
            "eps_growth_yearly": 260.38
        },
        "20071": {
            "year_quarter": 20071,
            "year": 2007,
            "quarter": 1,
            "eps": 4.87,
            "eps_growth_year": 327.19,
            "eps_4q": 17.96,
            "eps_4q_growth_year": null,
            "roe": 11.42,
            "roe_4q": 51.370000000000005,
            "gross_profit": 626526,
            "gross_margin": 50.33,
            "gross_margin_4q_avg": 46.47,
            "net_income": 508411,
            "revenue": 1244906,
            "common_shares": 1030845,
            "book_valuer_per_share": 45.69,
            "book_valuer_per_share_4q_avg": 38.44,
            "equity": 4709714,
            "current_ratio": 628.12,
            "debt_ratio": 14.15,
            "inventory_turnover_ratio": 1.56,
            "account_receivable_turnover_ratio": null,
            "reinvestment_rate": null,
            "research_to_sale_ratio": null,
            "price_fair": 520.57,
            "eps_avg_yearly": 14.87,
            "eps_latest_yearly": 19.48,
            "eps_growth_yearly": 196.11
        },
        "20072": {
            "year_quarter": 20072,
            "year": 2007,
            "quarter": 2,
            "eps": 4.03,
            "eps_growth_year": 227.64,
            "eps_4q": 20.86,
            "eps_4q_growth_year": 239.03,
            "roe": 9.37,
            "roe_4q": 56.16,
            "gross_profit": 543425,
            "gross_margin": 45.25,
            "gross_margin_4q_avg": 48.6,
            "net_income": 420841,
            "revenue": 1201038,
            "common_shares": 1045078,
            "book_valuer_per_share": 40.85,
            "book_valuer_per_share_4q_avg": 40.25,
            "equity": 4268707,
            "current_ratio": 316.81,
            "debt_ratio": 28.25,
            "inventory_turnover_ratio": 1.57,
            "account_receivable_turnover_ratio": null,
            "reinvestment_rate": null,
            "research_to_sale_ratio": null,
            "price_fair": 526.8,
            "eps_avg_yearly": 15.05,
            "eps_latest_yearly": 16.12,
            "eps_growth_yearly": 158.24
        },
        "20073": {
            "year_quarter": 20073,
            "year": 2007,
            "quarter": 3,
            "eps": 3.1,
            "eps_growth_year": -44.14,
            "eps_4q": 17.12,
            "eps_4q_growth_year": 79.88,
            "roe": 8.12,
            "roe_4q": 47.3,
            "gross_profit": 501748,
            "gross_margin": 42.86,
            "gross_margin_4q_avg": 47.6,
            "net_income": 361533,
            "revenue": 1170801,
            "common_shares": 1164530,
            "book_valuer_per_share": 39.8,
            "book_valuer_per_share_4q_avg": 41.77,
            "equity": 4634553,
            "current_ratio": 580.83,
            "debt_ratio": 15.34,
            "inventory_turnover_ratio": 1.6,
            "account_receivable_turnover_ratio": null,
            "reinvestment_rate": null,
            "research_to_sale_ratio": null,
            "price_fair": 515.2,
            "eps_avg_yearly": 14.72,
            "eps_latest_yearly": 12.4,
            "eps_growth_yearly": 126.92
        },
        "20074": {
            "year_quarter": 20074,
            "year": 2007,
            "quarter": 4,
            "eps": 2.81,
            "eps_growth_year": -60.37,
            "eps_4q": 13.9,
            "eps_4q_growth_year": -4.93,
            "roe": 6.82,
            "roe_4q": 35.73,
            "gross_profit": 459133,
            "gross_margin": 43.31,
            "gross_margin_4q_avg": 45.44,
            "net_income": 327198,
            "revenue": 1060198,
            "common_shares": 1170655,
            "book_valuer_per_share": 42.4,
            "book_valuer_per_share_4q_avg": 42.19,
            "equity": 4963772,
            "current_ratio": 589.52,
            "debt_ratio": 15.24,
            "inventory_turnover_ratio": 1.26,
            "account_receivable_turnover_ratio": null,
            "reinvestment_rate": null,
            "research_to_sale_ratio": null,
            "price_fair": 501.67,
            "eps_avg_yearly": 14.33,
            "eps_latest_yearly": 11.24,
            "eps_growth_yearly": 108.66
        },
        "20081": {
            "year_quarter": 20081,
            "year": 2008,
            "quarter": 1,
            "eps": 2.89,
            "eps_growth_year": -40.66,
            "eps_4q": 12.42,
            "eps_4q_growth_year": -30.82,
            "roe": 6.68,
            "roe_4q": 30.989999999999995,
            "gross_profit": 603150,
            "gross_margin": 50.77,
            "gross_margin_4q_avg": 45.55,
            "net_income": 336362,
            "revenue": 1188033,
            "common_shares": 1172160,
            "book_valuer_per_share": 43.6,
            "book_valuer_per_share_4q_avg": 41.66,
            "equity": 5110170,
            "current_ratio": 607.26,
            "debt_ratio": 14.88,
            "inventory_turnover_ratio": 1.12,
            "account_receivable_turnover_ratio": null,
            "reinvestment_rate": null,
            "research_to_sale_ratio": null,
            "price_fair": 491.96,
            "eps_avg_yearly": 14.06,
            "eps_latest_yearly": 11.56,
            "eps_growth_yearly": 98.93
        },
        "20082": {
            "year_quarter": 20082,
            "year": 2008,
            "quarter": 2,
            "eps": 3.39,
            "eps_growth_year": -15.88,
            "eps_4q": 12.21,
            "eps_4q_growth_year": -41.45,
            "roe": 8.13,
            "roe_4q": 29.75,
            "gross_profit": 652722,
            "gross_margin": 49.66,
            "gross_margin_4q_avg": 46.65,
            "net_income": 393906,
            "revenue": 1314286,
            "common_shares": 1172310,
            "book_valuer_per_share": 38.15,
            "book_valuer_per_share_4q_avg": 40.99,
            "equity": 4576885,
            "current_ratio": 293.28,
            "debt_ratio": 30.97,
            "inventory_turnover_ratio": 1.39,
            "account_receivable_turnover_ratio": null,
            "reinvestment_rate": null,
            "research_to_sale_ratio": null,
            "price_fair": 490.38,
            "eps_avg_yearly": 14.01,
            "eps_latest_yearly": 13.56,
            "eps_growth_yearly": 96.23
        },
        "20083": {
            "year_quarter": 20083,
            "year": 2008,
            "quarter": 3,
            "eps": 3.04,
            "eps_growth_year": -1.94,
            "eps_4q": 11.6,
            "eps_4q_growth_year": -32.24,
            "roe": 7.88,
            "roe_4q": 29.51,
            "gross_profit": 600794,
            "gross_margin": 47.3,
            "gross_margin_4q_avg": 47.76,
            "net_income": 375607,
            "revenue": 1270285,
            "common_shares": 1245803,
            "book_valuer_per_share": 38.93,
            "book_valuer_per_share_4q_avg": 40.77,
            "equity": 4955197,
            "current_ratio": 416.11,
            "debt_ratio": 21.7,
            "inventory_turnover_ratio": 1.65,
            "account_receivable_turnover_ratio": null,
            "reinvestment_rate": null,
            "research_to_sale_ratio": null,
            "price_fair": 484.98,
            "eps_avg_yearly": 13.86,
            "eps_latest_yearly": 12.16,
            "eps_growth_yearly": 84.77
        },
        "20084": {
            "year_quarter": 20084,
            "year": 2008,
            "quarter": 4,
            "eps": 2.05,
            "eps_growth_year": -27.05,
            "eps_4q": 10.97,
            "eps_4q_growth_year": -21.07,
            "roe": 5.04,
            "roe_4q": 27.73,
            "gross_profit": 477198,
            "gross_margin": 46.23,
            "gross_margin_4q_avg": 48.49,
            "net_income": 254143,
            "revenue": 1032267,
            "common_shares": 1245803,
            "book_valuer_per_share": 40.34,
            "book_valuer_per_share_4q_avg": 40.26,
            "equity": 5130513,
            "current_ratio": 459.86,
            "debt_ratio": 19.69,
            "inventory_turnover_ratio": 1.64,
            "account_receivable_turnover_ratio": 6.29,
            "reinvestment_rate": null,
            "research_to_sale_ratio": null,
            "price_fair": 469.75,
            "eps_avg_yearly": 13.42,
            "eps_latest_yearly": 8.2,
            "eps_growth_yearly": 68.23
        },
        "20091": {
            "year_quarter": 20091,
            "year": 2009,
            "quarter": 1,
            "eps": 1.36,
            "eps_growth_year": -52.94,
            "eps_4q": 9.69,
            "eps_4q_growth_year": -21.99,
            "roe": 3.2,
            "roe_4q": 24.25,
            "gross_profit": 359581,
            "gross_margin": 49.59,
            "gross_margin_4q_avg": 48.2,
            "net_income": 167036,
            "revenue": 725080,
            "common_shares": 1248146,
            "book_valuer_per_share": 41.61,
            "book_valuer_per_share_4q_avg": 39.76,
            "equity": 5298379,
            "current_ratio": 494.4,
            "debt_ratio": 18.36,
            "inventory_turnover_ratio": 1.51,
            "account_receivable_turnover_ratio": 2.22,
            "reinvestment_rate": null,
            "research_to_sale_ratio": null,
            "price_fair": 449.8,
            "eps_avg_yearly": 12.85,
            "eps_latest_yearly": 5.44,
            "eps_growth_yearly": 53.74
        },
        "20092": {
            "year_quarter": 20092,
            "year": 2009,
            "quarter": 2,
            "eps": 1.37,
            "eps_growth_year": -59.59,
            "eps_4q": 7.85,
            "eps_4q_growth_year": -35.74,
            "roe": 3.23,
            "roe_4q": 19.349999999999998,
            "gross_profit": 389462,
            "gross_margin": 46.28,
            "gross_margin_4q_avg": 47.35,
            "net_income": 168591,
            "revenue": 841489,
            "common_shares": 1248146,
            "book_valuer_per_share": 40.36,
            "book_valuer_per_share_4q_avg": 40.31,
            "equity": 5141870,
            "current_ratio": 358.43,
            "debt_ratio": 25.22,
            "inventory_turnover_ratio": 2.1,
            "account_receivable_turnover_ratio": 2.51,
            "reinvestment_rate": 4.94,
            "research_to_sale_ratio": null,
            "price_fair": 432.6,
            "eps_avg_yearly": 12.36,
            "eps_latest_yearly": 5.48,
            "eps_growth_yearly": 50.35
        },
        "20093": {
            "year_quarter": 20093,
            "year": 2009,
            "quarter": 3,
            "eps": 2.28,
            "eps_growth_year": -25,
            "eps_4q": 7,
            "eps_4q_growth_year": -39.69,
            "roe": 5.3,
            "roe_4q": 16.77,
            "gross_profit": 549832,
            "gross_margin": 47.65,
            "gross_margin_4q_avg": 47.44,
            "net_income": 285669,
            "revenue": 1153828,
            "common_shares": 1298439,
            "book_valuer_per_share": 42.7,
            "book_valuer_per_share_4q_avg": 41.25,
            "equity": 5647609,
            "current_ratio": 470.53,
            "debt_ratio": 17.89,
            "inventory_turnover_ratio": 2.19,
            "account_receivable_turnover_ratio": 2.65,
            "reinvestment_rate": 1.84,
            "research_to_sale_ratio": null,
            "price_fair": 425.51,
            "eps_avg_yearly": 12.16,
            "eps_latest_yearly": 9.12,
            "eps_growth_yearly": 63.81
        },
        "20094": {
            "year_quarter": 20094,
            "year": 2009,
            "quarter": 4,
            "eps": 1.79,
            "eps_growth_year": -12.68,
            "eps_4q": 6.25,
            "eps_4q_growth_year": -43.06,
            "roe": 3.88,
            "roe_4q": 15.61,
            "gross_profit": 443701,
            "gross_margin": 43.03,
            "gross_margin_4q_avg": 46.64,
            "net_income": 224986,
            "revenue": 1031115,
            "common_shares": 1298589,
            "book_valuer_per_share": 43.06,
            "book_valuer_per_share_4q_avg": 41.93,
            "equity": 5951842,
            "current_ratio": 525.89,
            "debt_ratio": 16.11,
            "inventory_turnover_ratio": 2.01,
            "account_receivable_turnover_ratio": 5.2,
            "reinvestment_rate": 16.68,
            "research_to_sale_ratio": null,
            "price_fair": 419.91,
            "eps_avg_yearly": 12,
            "eps_latest_yearly": 7.16,
            "eps_growth_yearly": 60.51
        },
        "20101": {
            "year_quarter": 20101,
            "year": 2010,
            "quarter": 1,
            "eps": 1.83,
            "eps_growth_year": 34.56,
            "eps_4q": 7.12,
            "eps_4q_growth_year": -26.58,
            "roe": 3.86,
            "roe_4q": 16.27,
            "gross_profit": 475699,
            "gross_margin": 43.2,
            "gross_margin_4q_avg": 45.04,
            "net_income": 236064,
            "revenue": 1101101,
            "common_shares": 1298589,
            "book_valuer_per_share": 48.22,
            "book_valuer_per_share_4q_avg": 43.59,
            "equity": 6270885,
            "current_ratio": 466.38,
            "debt_ratio": 18.34,
            "inventory_turnover_ratio": 1.95,
            "account_receivable_turnover_ratio": 2.27,
            "reinvestment_rate": 16.29,
            "research_to_sale_ratio": 12.19,
            "price_fair": 425.95,
            "eps_avg_yearly": 12.17,
            "eps_latest_yearly": 7.32,
            "eps_growth_yearly": 74.34
        },
        "20102": {
            "year_quarter": 20102,
            "year": 2010,
            "quarter": 2,
            "eps": 2.21,
            "eps_growth_year": 61.62,
            "eps_4q": 8.02,
            "eps_4q_growth_year": 2.15,
            "roe": 4.74,
            "roe_4q": 17.78,
            "gross_profit": 550313,
            "gross_margin": 41.47,
            "gross_margin_4q_avg": 43.84,
            "net_income": 289727,
            "revenue": 1327118,
            "common_shares": 1307869,
            "book_valuer_per_share": 45.09,
            "book_valuer_per_share_4q_avg": 44.77,
            "equity": 5948072,
            "current_ratio": 321.15,
            "debt_ratio": 26.88,
            "inventory_turnover_ratio": 1.84,
            "account_receivable_turnover_ratio": 2.25,
            "reinvestment_rate": 15.81,
            "research_to_sale_ratio": 11.31,
            "price_fair": 434.53,
            "eps_avg_yearly": 12.42,
            "eps_latest_yearly": 8.84,
            "eps_growth_yearly": 77.56
        },
        "20103": {
            "year_quarter": 20103,
            "year": 2010,
            "quarter": 3,
            "eps": 1.59,
            "eps_growth_year": -30.44,
            "eps_4q": 7.38,
            "eps_4q_growth_year": 5.44,
            "roe": 3.51,
            "roe_4q": 15.989999999999998,
            "gross_profit": 468024,
            "gross_margin": 39.25,
            "gross_margin_4q_avg": 41.74,
            "net_income": 213001,
            "revenue": 1192561,
            "common_shares": 1308174,
            "book_valuer_per_share": 46.68,
            "book_valuer_per_share_4q_avg": 45.76,
            "equity": 6174356,
            "current_ratio": 460.54,
            "debt_ratio": 18.89,
            "inventory_turnover_ratio": 1.5,
            "account_receivable_turnover_ratio": 1.98,
            "reinvestment_rate": 13.72,
            "research_to_sale_ratio": 11.65,
            "price_fair": 34.28,
            "eps_avg_yearly": 11.43,
            "eps_latest_yearly": 6.36,
            "eps_growth_yearly": -17.26
        },
        "20104": {
            "year_quarter": 20104,
            "year": 2010,
            "quarter": 4,
            "eps": 0.66,
            "eps_growth_year": -62.88,
            "eps_4q": 6.29,
            "eps_4q_growth_year": 0.74,
            "roe": 1.36,
            "roe_4q": 13.469999999999999,
            "gross_profit": 301560,
            "gross_margin": 33.53,
            "gross_margin_4q_avg": 39.36,
            "net_income": 84218,
            "revenue": 899485,
            "common_shares": 1308224,
            "book_valuer_per_share": 47.34,
            "book_valuer_per_share_4q_avg": 46.83,
            "equity": 6256711,
            "current_ratio": 495.52,
            "debt_ratio": 17.83,
            "inventory_turnover_ratio": 1.27,
            "account_receivable_turnover_ratio": 1.72,
            "reinvestment_rate": 17.23,
            "research_to_sale_ratio": 12.4,
            "price_fair": 29.45,
            "eps_avg_yearly": 9.82,
            "eps_latest_yearly": 2.64,
            "eps_growth_yearly": -38.82
        },
        "20111": {
            "year_quarter": 20111,
            "year": 2011,
            "quarter": 1,
            "eps": 0.54,
            "eps_growth_year": -70.49,
            "eps_4q": 5.01,
            "eps_4q_growth_year": -29.61,
            "roe": 1.05,
            "roe_4q": 10.66,
            "gross_profit": 249190,
            "gross_margin": 31.68,
            "gross_margin_4q_avg": 36.48,
            "net_income": 66090,
            "revenue": 786623,
            "common_shares": 1298624,
            "book_valuer_per_share": 47.83,
            "book_valuer_per_share_4q_avg": 46.74,
            "equity": 6314823,
            "current_ratio": 453.6,
            "debt_ratio": 19.55,
            "inventory_turnover_ratio": 1.12,
            "account_receivable_turnover_ratio": 1.71,
            "reinvestment_rate": 18.84,
            "research_to_sale_ratio": 13.27,
            "price_fair": 26.21,
            "eps_avg_yearly": 8.74,
            "eps_latest_yearly": 2.16,
            "eps_growth_yearly": -35.54
        },
        "20112": {
            "year_quarter": 20112,
            "year": 2011,
            "quarter": 2,
            "eps": 0.69,
            "eps_growth_year": -68.84,
            "eps_4q": 3.47,
            "eps_4q_growth_year": -56.74,
            "roe": 1.38,
            "roe_4q": 7.3,
            "gross_profit": 291993,
            "gross_margin": 33.17,
            "gross_margin_4q_avg": 34.41,
            "net_income": 83074,
            "revenue": 880402,
            "common_shares": 1298624,
            "book_valuer_per_share": 43.43,
            "book_valuer_per_share_4q_avg": 46.32,
            "equity": 5709462,
            "current_ratio": 317.31,
            "debt_ratio": 27.2,
            "inventory_turnover_ratio": 1.16,
            "account_receivable_turnover_ratio": 1.87,
            "reinvestment_rate": 17.93,
            "research_to_sale_ratio": 12.49,
            "price_fair": 23.7,
            "eps_avg_yearly": 7.9,
            "eps_latest_yearly": 2.76,
            "eps_growth_yearly": -24.28
        },
        "20113": {
            "year_quarter": 20113,
            "year": 2011,
            "quarter": 3,
            "eps": 0.87,
            "eps_growth_year": -44.92,
            "eps_4q": 2.76,
            "eps_4q_growth_year": -62.52,
            "roe": 1.33,
            "roe_4q": 5.12,
            "gross_profit": 284384,
            "gross_margin": 33.69,
            "gross_margin_4q_avg": 33.02,
            "net_income": 76624,
            "revenue": 844089,
            "common_shares": 1313679,
            "book_valuer_per_share": 43.84,
            "book_valuer_per_share_4q_avg": 45.61,
            "equity": 5791977,
            "current_ratio": 445.36,
            "debt_ratio": 19.17,
            "inventory_turnover_ratio": 1.14,
            "account_receivable_turnover_ratio": 1.83,
            "reinvestment_rate": 18.34,
            "research_to_sale_ratio": 15.06,
            "price_fair": 22.03,
            "eps_avg_yearly": 7.34,
            "eps_latest_yearly": 3.48,
            "eps_growth_yearly": -11.99
        },
        "20114": {
            "year_quarter": 20114,
            "year": 2011,
            "quarter": 4,
            "eps": 1.77,
            "eps_growth_year": 167,
            "eps_4q": 3.93,
            "eps_4q_growth_year": -37.49,
            "roe": 3.04,
            "roe_4q": 6.8,
            "gross_profit": 323892,
            "gross_margin": 34.52,
            "gross_margin_4q_avg": 33.27,
            "net_income": 175250,
            "revenue": 938255,
            "common_shares": 1312200,
            "book_valuer_per_share": 44.81,
            "book_valuer_per_share_4q_avg": 44.98,
            "equity": 5719474,
            "current_ratio": 400.89,
            "debt_ratio": 20.21,
            "inventory_turnover_ratio": 1.58,
            "account_receivable_turnover_ratio": 2.03,
            "reinvestment_rate": 19.76,
            "research_to_sale_ratio": 19.65,
            "price_fair": 185.65,
            "eps_avg_yearly": 7.08,
            "eps_latest_yearly": 7.08,
            "eps_growth_yearly": 16.21
        },
        "20121": {
            "year_quarter": 20121,
            "year": 2012,
            "quarter": 1,
            "eps": 0.28,
            "eps_growth_year": -48.15,
            "eps_4q": 3.67,
            "eps_4q_growth_year": -26.68,
            "roe": 0.13,
            "roe_4q": 5.88,
            "gross_profit": 201272,
            "gross_margin": 30.3,
            "gross_margin_4q_avg": 32.92,
            "net_income": 7233,
            "revenue": 664370,
            "common_shares": 1312200,
            "book_valuer_per_share": 45,
            "book_valuer_per_share_4q_avg": 44.27,
            "equity": 5691619,
            "current_ratio": 422.18,
            "debt_ratio": 19.13,
            "inventory_turnover_ratio": 1.51,
            "account_receivable_turnover_ratio": 1.54,
            "reinvestment_rate": 21.64,
            "research_to_sale_ratio": 16.7,
            "price_fair": 19.29,
            "eps_avg_yearly": 6.43,
            "eps_latest_yearly": 1.12,
            "eps_growth_yearly": -5.54
        },
        "20122": {
            "year_quarter": 20122,
            "year": 2012,
            "quarter": 2,
            "eps": 0.29,
            "eps_growth_year": -57.49,
            "eps_4q": 3.22,
            "eps_4q_growth_year": -7.11,
            "roe": 0.63,
            "roe_4q": 5.13,
            "gross_profit": 255497,
            "gross_margin": 34.25,
            "gross_margin_4q_avg": 33.19,
            "net_income": 35039,
            "revenue": 745929,
            "common_shares": 1312200,
            "book_valuer_per_share": 42.52,
            "book_valuer_per_share_4q_avg": 44.04,
            "equity": 5377845,
            "current_ratio": 392.52,
            "debt_ratio": 21.26,
            "inventory_turnover_ratio": 1.48,
            "account_receivable_turnover_ratio": 1.78,
            "reinvestment_rate": 17.28,
            "research_to_sale_ratio": 17.38,
            "price_fair": 16.97,
            "eps_avg_yearly": 5.66,
            "eps_latest_yearly": 1.16,
            "eps_growth_yearly": -8.98
        },
        "20123": {
            "year_quarter": 20123,
            "year": 2012,
            "quarter": 3,
            "eps": 0.98,
            "eps_growth_year": 12.14,
            "eps_4q": 3.31,
            "eps_4q_growth_year": 19.75,
            "roe": 2.28,
            "roe_4q": 6.08,
            "gross_profit": 448975,
            "gross_margin": 43.14,
            "gross_margin_4q_avg": 35.55,
            "net_income": 124165,
            "revenue": 1040856,
            "common_shares": 1326449,
            "book_valuer_per_share": 43.02,
            "book_valuer_per_share_4q_avg": 43.84,
            "equity": 5502034,
            "current_ratio": 412.94,
            "debt_ratio": 19.26,
            "inventory_turnover_ratio": 1.62,
            "account_receivable_turnover_ratio": 1.89,
            "reinvestment_rate": 38.2,
            "research_to_sale_ratio": 19.1,
            "price_fair": 179.9,
            "eps_avg_yearly": 5.14,
            "eps_latest_yearly": 3.92,
            "eps_growth_yearly": 53.09
        },
        "20124": {
            "year_quarter": 20124,
            "year": 2012,
            "quarter": 4,
            "eps": 0.65,
            "eps_growth_year": -63.4,
            "eps_4q": 2.19,
            "eps_4q_growth_year": -44.41,
            "roe": 1.46,
            "roe_4q": 4.5,
            "gross_profit": 447755,
            "gross_margin": 42.29,
            "gross_margin_4q_avg": 37.5,
            "net_income": 80962,
            "revenue": 1058782,
            "common_shares": 1336243,
            "book_valuer_per_share": 43.27,
            "book_valuer_per_share_4q_avg": 43.45,
            "equity": 5586445,
            "current_ratio": 534.35,
            "debt_ratio": 15.24,
            "inventory_turnover_ratio": 1.69,
            "account_receivable_turnover_ratio": 1.6,
            "reinvestment_rate": 16.5,
            "research_to_sale_ratio": 13.54,
            "price_fair": 167.65,
            "eps_avg_yearly": 4.79,
            "eps_latest_yearly": 2.6,
            "eps_growth_yearly": 52.81
        },
        "20131": {
            "year_quarter": 20131,
            "year": 2013,
            "quarter": 1,
            "eps": 0.11,
            "eps_growth_year": -60.71,
            "eps_4q": 2.02,
            "eps_4q_growth_year": -45.03,
            "roe": 0.24,
            "roe_4q": 4.609999999999999,
            "gross_profit": 369871,
            "gross_margin": 40.62,
            "gross_margin_4q_avg": 40.08,
            "net_income": 13447,
            "revenue": 910476,
            "common_shares": 1336243,
            "book_valuer_per_share": 43.33,
            "book_valuer_per_share_4q_avg": 43.04,
            "equity": 5594256,
            "current_ratio": 583.11,
            "debt_ratio": 14.11,
            "inventory_turnover_ratio": 1.53,
            "account_receivable_turnover_ratio": 1.46,
            "reinvestment_rate": 17.41,
            "research_to_sale_ratio": 21.89,
            "price_fair": 156.71,
            "eps_avg_yearly": 4.48,
            "eps_latest_yearly": 0.44,
            "eps_growth_yearly": 40.46
        },
        "20132": {
            "year_quarter": 20132,
            "year": 2013,
            "quarter": 2,
            "eps": 0.5,
            "eps_growth_year": 70.48,
            "eps_4q": 2.2,
            "eps_4q_growth_year": -31.62,
            "roe": 1.15,
            "roe_4q": 5.129999999999999,
            "gross_profit": 478217,
            "gross_margin": 40.94,
            "gross_margin_4q_avg": 41.75,
            "net_income": 63343,
            "revenue": 1168218,
            "common_shares": 1346285,
            "book_valuer_per_share": 41.6,
            "book_valuer_per_share_4q_avg": 42.81,
            "equity": 5414669,
            "current_ratio": 448.38,
            "debt_ratio": 18.42,
            "inventory_turnover_ratio": 2.09,
            "account_receivable_turnover_ratio": 1.64,
            "reinvestment_rate": 18.46,
            "research_to_sale_ratio": 19.05,
            "price_fair": 149.1,
            "eps_avg_yearly": 4.26,
            "eps_latest_yearly": 2,
            "eps_growth_yearly": 128.91
        },
        "20133": {
            "year_quarter": 20133,
            "year": 2013,
            "quarter": 3,
            "eps": 0.84,
            "eps_growth_year": -14.25,
            "eps_4q": 2.07,
            "eps_4q_growth_year": -37.52,
            "roe": 2.15,
            "roe_4q": 5,
            "gross_profit": 578296,
            "gross_margin": 42.81,
            "gross_margin_4q_avg": 41.67,
            "net_income": 117849,
            "revenue": 1350724,
            "common_shares": 1345791,
            "book_valuer_per_share": 42.55,
            "book_valuer_per_share_4q_avg": 42.69,
            "equity": 5546079,
            "current_ratio": 501.21,
            "debt_ratio": 16.52,
            "inventory_turnover_ratio": 2.18,
            "account_receivable_turnover_ratio": 1.55,
            "reinvestment_rate": 18.76,
            "research_to_sale_ratio": 17.08,
            "price_fair": 136.5,
            "eps_avg_yearly": 3.9,
            "eps_latest_yearly": 3.36,
            "eps_growth_yearly": 129.3
        },
        "20134": {
            "year_quarter": 20134,
            "year": 2013,
            "quarter": 4,
            "eps": 0.6,
            "eps_growth_year": -7.9,
            "eps_4q": 2,
            "eps_4q_growth_year": -8.41,
            "roe": 1.31,
            "roe_4q": 4.85,
            "gross_profit": 514561,
            "gross_margin": 42.91,
            "gross_margin_4q_avg": 41.82,
            "net_income": 73457,
            "revenue": 1199161,
            "common_shares": 1363819,
            "book_valuer_per_share": 42.71,
            "book_valuer_per_share_4q_avg": 42.55,
            "equity": 5639059,
            "current_ratio": 540.52,
            "debt_ratio": 15.43,
            "inventory_turnover_ratio": 1.64,
            "account_receivable_turnover_ratio": 1.41,
            "reinvestment_rate": -22.38,
            "research_to_sale_ratio": 19.14,
            "price_fair": 126.09,
            "eps_avg_yearly": 3.6,
            "eps_latest_yearly": 2.4,
            "eps_growth_yearly": 127.53
        },
        "20141": {
            "year_quarter": 20141,
            "year": 2014,
            "quarter": 1,
            "eps": 0.75,
            "eps_growth_year": 581.82,
            "eps_4q": 2.63,
            "eps_4q_growth_year": 30.36,
            "roe": 1.61,
            "roe_4q": 6.220000000000001,
            "gross_profit": 535819,
            "gross_margin": 44.71,
            "gross_margin_4q_avg": 42.84,
            "net_income": 91835,
            "revenue": 1198452,
            "common_shares": 1362892,
            "book_valuer_per_share": 43.7,
            "book_valuer_per_share_4q_avg": 42.64,
            "equity": 5760358,
            "current_ratio": 517.78,
            "debt_ratio": 15.84,
            "inventory_turnover_ratio": 1.45,
            "account_receivable_turnover_ratio": 1.57,
            "reinvestment_rate": -24.8,
            "research_to_sale_ratio": 18.57,
            "price_fair": 116.64,
            "eps_avg_yearly": 3.33,
            "eps_latest_yearly": 3,
            "eps_growth_yearly": 133.22
        },
        "20142": {
            "year_quarter": 20142,
            "year": 2014,
            "quarter": 2,
            "eps": 0.86,
            "eps_growth_year": 72,
            "eps_4q": 2.98,
            "eps_4q_growth_year": 35.41,
            "roe": 1.83,
            "roe_4q": 6.9,
            "gross_profit": 565268,
            "gross_margin": 44.69,
            "gross_margin_4q_avg": 43.78,
            "net_income": 103920,
            "revenue": 1264801,
            "common_shares": 1363429,
            "book_valuer_per_share": 42.51,
            "book_valuer_per_share_4q_avg": 42.87,
            "equity": 5617244,
            "current_ratio": 478.39,
            "debt_ratio": 17.26,
            "inventory_turnover_ratio": 1.48,
            "account_receivable_turnover_ratio": 1.61,
            "reinvestment_rate": -28.01,
            "research_to_sale_ratio": 17.26,
            "price_fair": 104.83,
            "eps_avg_yearly": 3,
            "eps_latest_yearly": 3.44,
            "eps_growth_yearly": 131.7
        },
        "20143": {
            "year_quarter": 20143,
            "year": 2014,
            "quarter": 3,
            "eps": 0.7,
            "eps_growth_year": -16.67,
            "eps_4q": 2.85,
            "eps_4q_growth_year": 37.94,
            "roe": 1.38,
            "roe_4q": 6.130000000000001,
            "gross_profit": 551350,
            "gross_margin": 46.38,
            "gross_margin_4q_avg": 44.67,
            "net_income": 78317,
            "revenue": 1188876,
            "common_shares": 1345868,
            "book_valuer_per_share": 43.38,
            "book_valuer_per_share_4q_avg": 43.08,
            "equity": 5714373,
            "current_ratio": 580.65,
            "debt_ratio": 14.1,
            "inventory_turnover_ratio": 1.39,
            "account_receivable_turnover_ratio": 1.41,
            "reinvestment_rate": -16.83,
            "research_to_sale_ratio": 20.68,
            "price_fair": 97.04,
            "eps_avg_yearly": 2.77,
            "eps_latest_yearly": 2.8,
            "eps_growth_yearly": 134.06
        },
        "20144": {
            "year_quarter": 20144,
            "year": 2014,
            "quarter": 4,
            "eps": 0.63,
            "eps_growth_year": 5.01,
            "eps_4q": 2.88,
            "eps_4q_growth_year": 44.07,
            "roe": 1.28,
            "roe_4q": 6.1000000000000005,
            "gross_profit": 524389,
            "gross_margin": 47.8,
            "gross_margin_4q_avg": 45.9,
            "net_income": 73556,
            "revenue": 1096951,
            "common_shares": 1314702,
            "book_valuer_per_share": 43.86,
            "book_valuer_per_share_4q_avg": 43.36,
            "equity": 5762980,
            "current_ratio": 591.29,
            "debt_ratio": 14.25,
            "inventory_turnover_ratio": 1.31,
            "account_receivable_turnover_ratio": 1.41,
            "reinvestment_rate": -28.31,
            "research_to_sale_ratio": 22.36,
            "price_fair": 96.78,
            "eps_avg_yearly": 2.77,
            "eps_latest_yearly": 2.52,
            "eps_growth_yearly": 146.18
        },
        "20151": {
            "year_quarter": 20151,
            "year": 2015,
            "quarter": 1,
            "eps": 0.59,
            "eps_growth_year": -21.33,
            "eps_4q": 2.71,
            "eps_4q_growth_year": 3.04,
            "roe": 1.16,
            "roe_4q": 5.65,
            "gross_profit": 528303,
            "gross_margin": 48.43,
            "gross_margin_4q_avg": 46.83,
            "net_income": 67319,
            "revenue": 1090810,
            "common_shares": 1314402,
            "book_valuer_per_share": 44.31,
            "book_valuer_per_share_4q_avg": 43.52,
            "equity": 5851189,
            "current_ratio": 601.79,
            "debt_ratio": 14.47,
            "inventory_turnover_ratio": 1.45,
            "account_receivable_turnover_ratio": 1.53,
            "reinvestment_rate": -26.52,
            "research_to_sale_ratio": 20.55,
            "price_fair": 97.21,
            "eps_avg_yearly": 2.78,
            "eps_latest_yearly": 2.36,
            "eps_growth_yearly": 149.14
        },
        "20152": {
            "year_quarter": 20152,
            "year": 2015,
            "quarter": 2,
            "eps": 0.51,
            "eps_growth_year": -40.7,
            "eps_4q": 2.37,
            "eps_4q_growth_year": -20.39,
            "roe": 1.05,
            "roe_4q": 4.87,
            "gross_profit": 531496,
            "gross_margin": 49.01,
            "gross_margin_4q_avg": 47.91,
            "net_income": 59461,
            "revenue": 1084556,
            "common_shares": 1314402,
            "book_valuer_per_share": 41.32,
            "book_valuer_per_share_4q_avg": 43.22,
            "equity": 5468718,
            "current_ratio": 403.32,
            "debt_ratio": 21.7,
            "inventory_turnover_ratio": 1.57,
            "account_receivable_turnover_ratio": 1.55,
            "reinvestment_rate": -20.6,
            "research_to_sale_ratio": 20.16,
            "price_fair": 95.64,
            "eps_avg_yearly": 2.73,
            "eps_latest_yearly": 2.04,
            "eps_growth_yearly": 138.81
        },
        "20153": {
            "year_quarter": 20153,
            "year": 2015,
            "quarter": 3,
            "eps": 0.74,
            "eps_growth_year": 5.71,
            "eps_4q": 2.45,
            "eps_4q_growth_year": -14.18,
            "roe": 1.63,
            "roe_4q": 5.12,
            "gross_profit": 545723,
            "gross_margin": 51.18,
            "gross_margin_4q_avg": 49.11,
            "net_income": 87965,
            "revenue": 1066246,
            "common_shares": 1312994,
            "book_valuer_per_share": 40.82,
            "book_valuer_per_share_4q_avg": 42.58,
            "equity": 5323707,
            "current_ratio": 477.29,
            "debt_ratio": 18.83,
            "inventory_turnover_ratio": 1.53,
            "account_receivable_turnover_ratio": 1.45,
            "reinvestment_rate": -18.47,
            "research_to_sale_ratio": 21.7,
            "price_fair": 94.5,
            "eps_avg_yearly": 2.7,
            "eps_latest_yearly": 2.96,
            "eps_growth_yearly": 143.56
        },
        "20154": {
            "year_quarter": 20154,
            "year": 2015,
            "quarter": 4,
            "eps": 0.56,
            "eps_growth_year": -11.11,
            "eps_4q": 2.36,
            "eps_4q_growth_year": -18.11,
            "roe": 1.27,
            "roe_4q": 5.11,
            "gross_profit": 544819,
            "gross_margin": 50.51,
            "gross_margin_4q_avg": 49.78,
            "net_income": 67836,
            "revenue": 1078655,
            "common_shares": 1331928,
            "book_valuer_per_share": 40.97,
            "book_valuer_per_share_4q_avg": 41.86,
            "equity": 5372683,
            "current_ratio": 541.06,
            "debt_ratio": 17.02,
            "inventory_turnover_ratio": 1.82,
            "account_receivable_turnover_ratio": 1.42,
            "reinvestment_rate": -21.36,
            "research_to_sale_ratio": 22.32,
            "price_fair": 83.91,
            "eps_avg_yearly": 2.4,
            "eps_latest_yearly": 2.24,
            "eps_growth_yearly": 111.62
        },
        "20161": {
            "year_quarter": 20161,
            "year": 2016,
            "quarter": 1,
            "eps": 0.2,
            "eps_growth_year": -66.1,
            "eps_4q": 2,
            "eps_4q_growth_year": -26.39,
            "roe": 0.37,
            "roe_4q": 4.32,
            "gross_profit": 522658,
            "gross_margin": 50.86,
            "gross_margin_4q_avg": 50.39,
            "net_income": 20275,
            "revenue": 1027696,
            "common_shares": 1331081,
            "book_valuer_per_share": 42.18,
            "book_valuer_per_share_4q_avg": 41.32,
            "equity": 5480206,
            "current_ratio": 620.45,
            "debt_ratio": 15.46,
            "inventory_turnover_ratio": 1.83,
            "account_receivable_turnover_ratio": 1.53,
            "reinvestment_rate": -15.8,
            "research_to_sale_ratio": 21.08,
            "price_fair": 83.21,
            "eps_avg_yearly": 2.38,
            "eps_latest_yearly": 0.8,
            "eps_growth_yearly": 116.59
        },
        "20162": {
            "year_quarter": 20162,
            "year": 2016,
            "quarter": 2,
            "eps": 0.22,
            "eps_growth_year": -56.86,
            "eps_4q": 1.7,
            "eps_4q_growth_year": -28.26,
            "roe": 0.5,
            "roe_4q": 3.77,
            "gross_profit": 524700,
            "gross_margin": 49.89,
            "gross_margin_4q_avg": 50.61,
            "net_income": 26802,
            "revenue": 1051722,
            "common_shares": 1331141,
            "book_valuer_per_share": 39.82,
            "book_valuer_per_share_4q_avg": 40.95,
            "equity": 5175487,
            "current_ratio": 393.4,
            "debt_ratio": 22.52,
            "inventory_turnover_ratio": 1.6,
            "account_receivable_turnover_ratio": 1.68,
            "reinvestment_rate": 7.98,
            "research_to_sale_ratio": 22.54,
            "price_fair": 82.6,
            "eps_avg_yearly": 2.36,
            "eps_latest_yearly": 0.88,
            "eps_growth_yearly": 118.2
        },
        "20163": {
            "year_quarter": 20163,
            "year": 2016,
            "quarter": 3,
            "eps": 0.26,
            "eps_growth_year": -64.86,
            "eps_4q": 1.21,
            "eps_4q_growth_year": -50.39,
            "roe": 0.54,
            "roe_4q": 2.68,
            "gross_profit": 549051,
            "gross_margin": 49.48,
            "gross_margin_4q_avg": 50.19,
            "net_income": 27771,
            "revenue": 1109694,
            "common_shares": 1331381,
            "book_valuer_per_share": 39.74,
            "book_valuer_per_share_4q_avg": 40.68,
            "equity": 5196439,
            "current_ratio": 467.41,
            "debt_ratio": 18.92,
            "inventory_turnover_ratio": 1.19,
            "account_receivable_turnover_ratio": 1.63,
            "reinvestment_rate": -27.29,
            "research_to_sale_ratio": 23.76,
            "price_fair": 76.3,
            "eps_avg_yearly": 2.18,
            "eps_latest_yearly": 1.04,
            "eps_growth_yearly": 63.26
        },
        "20164": {
            "year_quarter": 20164,
            "year": 2016,
            "quarter": 4,
            "eps": 0.52,
            "eps_growth_year": -7.15,
            "eps_4q": 1.17,
            "eps_4q_growth_year": -50.42,
            "roe": 1.11,
            "roe_4q": 2.5200000000000005,
            "gross_profit": 577070,
            "gross_margin": 50.23,
            "gross_margin_4q_avg": 50.12,
            "net_income": 57806,
            "revenue": 1148927,
            "common_shares": 1330919,
            "book_valuer_per_share": 39.88,
            "book_valuer_per_share_4q_avg": 40.41,
            "equity": 5203214,
            "current_ratio": 442.6,
            "debt_ratio": 19.61,
            "inventory_turnover_ratio": 0.97,
            "account_receivable_turnover_ratio": 1.62,
            "reinvestment_rate": 28.5,
            "research_to_sale_ratio": 24.79,
            "price_fair": 75.16,
            "eps_avg_yearly": 2.15,
            "eps_latest_yearly": 2.08,
            "eps_growth_yearly": 96.68
        },
        "20171": {
            "year_quarter": 20171,
            "year": 2017,
            "quarter": 1,
            "eps": 0.65,
            "eps_growth_year": 225,
            "eps_4q": 1.61,
            "eps_4q_growth_year": -19.56,
            "roe": 1.39,
            "roe_4q": 3.54,
            "gross_profit": 582336,
            "gross_margin": 52.76,
            "gross_margin_4q_avg": 50.59,
            "net_income": 72592,
            "revenue": 1103702,
            "common_shares": 1330667,
            "book_valuer_per_share": 40.38,
            "book_valuer_per_share_4q_avg": 39.96,
            "equity": 5266812,
            "current_ratio": 486.53,
            "debt_ratio": 17.66,
            "inventory_turnover_ratio": 0.9,
            "account_receivable_turnover_ratio": 1.62,
            "reinvestment_rate": 49.4,
            "research_to_sale_ratio": 26.09,
            "price_fair": 79.89,
            "eps_avg_yearly": 2.28,
            "eps_latest_yearly": 2.6,
            "eps_growth_yearly": 123.7
        },
        "20172": {
            "year_quarter": 20172,
            "year": 2017,
            "quarter": 2,
            "eps": 1.48,
            "eps_growth_year": 572.73,
            "eps_4q": 2.85,
            "eps_4q_growth_year": 67.26,
            "roe": 3.34,
            "roe_4q": 6.38,
            "gross_profit": 722210,
            "gross_margin": 55.75,
            "gross_margin_4q_avg": 52.06,
            "net_income": 176128,
            "revenue": 1295348,
            "common_shares": 1330047,
            "book_valuer_per_share": 40.7,
            "book_valuer_per_share_4q_avg": 40.18,
            "equity": 5293631,
            "current_ratio": 351.54,
            "debt_ratio": 24.1,
            "inventory_turnover_ratio": 1.01,
            "account_receivable_turnover_ratio": 1.73,
            "reinvestment_rate": 45.43,
            "research_to_sale_ratio": 25.22,
            "price_fair": 88.46,
            "eps_avg_yearly": 2.53,
            "eps_latest_yearly": 5.92,
            "eps_growth_yearly": 66.99
        },
        "20173": {
            "year_quarter": 20173,
            "year": 2017,
            "quarter": 3,
            "eps": 1.83,
            "eps_growth_year": 603.85,
            "eps_4q": 4.37,
            "eps_4q_growth_year": 259.89,
            "roe": 4.11,
            "roe_4q": 9.95,
            "gross_profit": 787756,
            "gross_margin": 56.68,
            "gross_margin_4q_avg": 53.86,
            "net_income": 224619,
            "revenue": 1389944,
            "common_shares": 1330000,
            "book_valuer_per_share": 42.96,
            "book_valuer_per_share_4q_avg": 40.98,
            "equity": 5633429,
            "current_ratio": 496.85,
            "debt_ratio": 18.61,
            "inventory_turnover_ratio": 0.98,
            "account_receivable_turnover_ratio": 1.55,
            "reinvestment_rate": 42.57,
            "research_to_sale_ratio": 24.74,
            "price_fair": 97.13,
            "eps_avg_yearly": 2.78,
            "eps_latest_yearly": 7.32,
            "eps_growth_yearly": 55.9
        },
        "20174": {
            "year_quarter": 20174,
            "year": 2017,
            "quarter": 4,
            "eps": 1.53,
            "eps_growth_year": 196.04,
            "eps_4q": 5.4,
            "eps_4q_growth_year": 360.7,
            "roe": 3.29,
            "roe_4q": 12.13,
            "gross_profit": 756274,
            "gross_margin": 56.9,
            "gross_margin_4q_avg": 55.52,
            "net_income": 189332,
            "revenue": 1329026,
            "common_shares": 1330733,
            "book_valuer_per_share": 44.92,
            "book_valuer_per_share_4q_avg": 42.24,
            "equity": 5876454,
            "current_ratio": 506.32,
            "debt_ratio": 18.65,
            "inventory_turnover_ratio": 0.93,
            "account_receivable_turnover_ratio": 1.46,
            "reinvestment_rate": 45.94,
            "research_to_sale_ratio": 26.62,
            "price_fair": 105.26,
            "eps_avg_yearly": 3.01,
            "eps_latest_yearly": 6.12,
            "eps_growth_yearly": 58.94
        },
        "20181": {
            "year_quarter": 20181,
            "year": 2018,
            "quarter": 1,
            "eps": 1.4,
            "eps_growth_year": 115.38,
            "eps_4q": 6.08,
            "eps_4q_growth_year": 278.97,
            "roe": 2.81,
            "roe_4q": 13.55,
            "gross_profit": 723889,
            "gross_margin": 55.67,
            "gross_margin_4q_avg": 56.25,
            "net_income": 169882,
            "revenue": 1300429,
            "common_shares": 1337394,
            "book_valuer_per_share": 47.31,
            "book_valuer_per_share_4q_avg": 43.97,
            "equity": 6235127,
            "current_ratio": 494.66,
            "debt_ratio": 19.6,
            "inventory_turnover_ratio": 0.95,
            "account_receivable_turnover_ratio": 1.52,
            "reinvestment_rate": -5.82,
            "research_to_sale_ratio": 26.09,
            "price_fair": 110.95,
            "eps_avg_yearly": 3.17,
            "eps_latest_yearly": 5.6,
            "eps_growth_yearly": 50.57
        },
        "20182": {
            "year_quarter": 20182,
            "year": 2018,
            "quarter": 2,
            "eps": 1.82,
            "eps_growth_year": 22.97,
            "eps_4q": 6.45,
            "eps_4q_growth_year": 126.22,
            "roe": 3.65,
            "roe_4q": 13.86,
            "gross_profit": 793618,
            "gross_margin": 58.1,
            "gross_margin_4q_avg": 56.84,
            "net_income": 225088,
            "revenue": 1366010,
            "common_shares": 1338015,
            "book_valuer_per_share": 46.14,
            "book_valuer_per_share_4q_avg": 45.33,
            "equity": 6092976,
            "current_ratio": 344.9,
            "debt_ratio": 26.04,
            "inventory_turnover_ratio": 0.9,
            "account_receivable_turnover_ratio": 1.62,
            "reinvestment_rate": -4.9,
            "research_to_sale_ratio": 26.4,
            "price_fair": 119.35,
            "eps_avg_yearly": 3.41,
            "eps_latest_yearly": 7.28,
            "eps_growth_yearly": 54.4
        },
        "20183": {
            "year_quarter": 20183,
            "year": 2018,
            "quarter": 3,
            "eps": 2.43,
            "eps_growth_year": 32.79,
            "eps_4q": 6.95,
            "eps_4q_growth_year": 59.06,
            "roe": 4.99,
            "roe_4q": 14.740000000000002,
            "gross_profit": 948778,
            "gross_margin": 59.36,
            "gross_margin_4q_avg": 57.51,
            "net_income": 309467,
            "revenue": 1598210,
            "common_shares": 1358442,
            "book_valuer_per_share": 46.81,
            "book_valuer_per_share_4q_avg": 46.3,
            "equity": 6311665,
            "current_ratio": 429.77,
            "debt_ratio": 21.92,
            "inventory_turnover_ratio": 1.01,
            "account_receivable_turnover_ratio": 1.7,
            "reinvestment_rate": -6.2,
            "research_to_sale_ratio": 24.65,
            "price_fair": 134.49,
            "eps_avg_yearly": 3.84,
            "eps_latest_yearly": 9.72,
            "eps_growth_yearly": 67.43
        },
        "20184": {
            "year_quarter": 20184,
            "year": 2018,
            "quarter": 4,
            "eps": 0.9,
            "eps_growth_year": -41.43,
            "eps_4q": 6.34,
            "eps_4q_growth_year": 17.53,
            "roe": 1.79,
            "roe_4q": 13.24,
            "gross_profit": 712008,
            "gross_margin": 57.03,
            "gross_margin_4q_avg": 57.54,
            "net_income": 112779,
            "revenue": 1248530,
            "common_shares": 1358727,
            "book_valuer_per_share": 46.32,
            "book_valuer_per_share_4q_avg": 46.65,
            "equity": 6281076,
            "current_ratio": 523.18,
            "debt_ratio": 19.62,
            "inventory_turnover_ratio": 0.86,
            "account_receivable_turnover_ratio": 1.43,
            "reinvestment_rate": -6.49,
            "research_to_sale_ratio": 30.93,
            "price_fair": 136.85,
            "eps_avg_yearly": 3.91,
            "eps_latest_yearly": 3.6,
            "eps_growth_yearly": 54.19
        },
        "20191": {
            "year_quarter": 20191,
            "year": 2019,
            "quarter": 1,
            "eps": 0.16,
            "eps_growth_year": -88.57,
            "eps_4q": 5.13,
            "eps_4q_growth_year": -15.68,
            "roe": 0.31,
            "roe_4q": 10.74,
            "gross_profit": 544661,
            "gross_margin": 56.86,
            "gross_margin_4q_avg": 57.84,
            "net_income": 19617,
            "revenue": 957972,
            "common_shares": 1362819,
            "book_valuer_per_share": 47.46,
            "book_valuer_per_share_4q_avg": 46.68,
            "equity": 6475441,
            "current_ratio": 578.7,
            "debt_ratio": 20.55,
            "inventory_turnover_ratio": 0.68,
            "account_receivable_turnover_ratio": 1.5,
            "reinvestment_rate": -7.88,
            "research_to_sale_ratio": 35.36,
            "price_fair": 133.09,
            "eps_avg_yearly": 3.8,
            "eps_latest_yearly": 0.64,
            "eps_growth_yearly": 35.22
        },
        "20192": {
            "year_quarter": 20192,
            "year": 2019,
            "quarter": 2,
            "eps": 1.26,
            "eps_growth_year": -30.77,
            "eps_4q": 4.53,
            "eps_4q_growth_year": -29.7,
            "roe": 2.68,
            "roe_4q": 9.77,
            "gross_profit": 796377,
            "gross_margin": 57.81,
            "gross_margin_4q_avg": 57.77,
            "net_income": 168054,
            "revenue": 1377532,
            "common_shares": 1363385,
            "book_valuer_per_share": 43.92,
            "book_valuer_per_share_4q_avg": 46.13,
            "equity": 6063556,
            "current_ratio": 334.6,
            "debt_ratio": 29.72,
            "inventory_turnover_ratio": 0.93,
            "account_receivable_turnover_ratio": 2.22,
            "reinvestment_rate": -6.92,
            "research_to_sale_ratio": 27.82,
            "price_fair": 139.65,
            "eps_avg_yearly": 3.99,
            "eps_latest_yearly": 5.04,
            "eps_growth_yearly": 210.49
        },
        "20193": {
            "year_quarter": 20193,
            "year": 2019,
            "quarter": 3,
            "eps": 2.35,
            "eps_growth_year": -3.29,
            "eps_4q": 4.57,
            "eps_4q_growth_year": -34.23,
            "roe": 4.96,
            "roe_4q": 9.74,
            "gross_profit": 1044931,
            "gross_margin": 58.02,
            "gross_margin_4q_avg": 57.43,
            "net_income": 310395,
            "revenue": 1801027,
            "common_shares": 1370578,
            "book_valuer_per_share": 46.77,
            "book_valuer_per_share_4q_avg": 46.12,
            "equity": 6451957,
            "current_ratio": 435.54,
            "debt_ratio": 24.53,
            "inventory_turnover_ratio": 1.15,
            "account_receivable_turnover_ratio": 2.11,
            "reinvestment_rate": -5.97,
            "research_to_sale_ratio": 24.15,
            "price_fair": 153.74,
            "eps_avg_yearly": 4.39,
            "eps_latest_yearly": 9.4,
            "eps_growth_yearly": 220.84
        },
        "20194": {
            "year_quarter": 20194,
            "year": 2019,
            "quarter": 4,
            "eps": 2.39,
            "eps_growth_year": 166.34,
            "eps_4q": 6.06,
            "eps_4q_growth_year": -4.4,
            "roe": 4.94,
            "roe_4q": 12.89,
            "gross_profit": 1128790,
            "gross_margin": 58.23,
            "gross_margin_4q_avg": 57.73,
            "net_income": 332255,
            "revenue": 1938489,
            "common_shares": 1373837,
            "book_valuer_per_share": 50.68,
            "book_valuer_per_share_4q_avg": 47.21,
            "equity": 7010089,
            "current_ratio": 445.73,
            "debt_ratio": 23.42,
            "inventory_turnover_ratio": 1.22,
            "account_receivable_turnover_ratio": 2.15,
            "reinvestment_rate": -4.98,
            "research_to_sale_ratio": 24.8,
            "price_fair": 169.75,
            "eps_avg_yearly": 4.85,
            "eps_latest_yearly": 9.56,
            "eps_growth_yearly": 227.35
        },
        "20201": {
            "year_quarter": 20201,
            "year": 2020,
            "quarter": 1,
            "eps": 1.98,
            "eps_growth_year": 1137.5,
            "eps_4q": 7.75,
            "eps_4q_growth_year": 51.01,
            "roe": 3.77,
            "roe_4q": 16.35,
            "gross_profit": 974021,
            "gross_margin": 57.46,
            "gross_margin_4q_avg": 57.88,
            "net_income": 265260,
            "revenue": 1695060,
            "common_shares": 1393340,
            "book_valuer_per_share": 50.26,
            "book_valuer_per_share_4q_avg": 47.91,
            "equity": 7045996,
            "current_ratio": 440.29,
            "debt_ratio": 24.2,
            "inventory_turnover_ratio": 0.94,
            "account_receivable_turnover_ratio": 1.95,
            "reinvestment_rate": -0.6,
            "research_to_sale_ratio": 25.1,
            "price_fair": 185.33,
            "eps_avg_yearly": 5.3,
            "eps_latest_yearly": 7.92,
            "eps_growth_yearly": 239.13
        },
        "20202": {
            "year_quarter": 20202,
            "year": 2020,
            "quarter": 2,
            "eps": 2.03,
            "eps_growth_year": 61.11,
            "eps_4q": 8.52,
            "eps_4q_growth_year": 88.07,
            "roe": 3.98,
            "roe_4q": 17.650000000000002,
            "gross_profit": 1019082,
            "gross_margin": 56.53,
            "gross_margin_4q_avg": 57.56,
            "net_income": 277288,
            "revenue": 1802664,
            "common_shares": 1393962,
            "book_valuer_per_share": 49.23,
            "book_valuer_per_share_4q_avg": 49.24,
            "equity": 6903542,
            "current_ratio": 288.14,
            "debt_ratio": 29.91,
            "inventory_turnover_ratio": 0.9,
            "account_receivable_turnover_ratio": 1.94,
            "reinvestment_rate": -3.18,
            "research_to_sale_ratio": 24.89,
            "price_fair": 201.16,
            "eps_avg_yearly": 5.75,
            "eps_latest_yearly": 8.12,
            "eps_growth_yearly": 237.26
        },
        "20203": {
            "year_quarter": 20203,
            "year": 2020,
            "quarter": 3,
            "eps": 3.16,
            "eps_growth_year": 34.47,
            "eps_4q": 9.39,
            "eps_4q_growth_year": 105.38,
            "roe": 5.84,
            "roe_4q": 18.53,
            "gross_profit": 1288097,
            "gross_margin": 59.01,
            "gross_margin_4q_avg": 57.81,
            "net_income": 430478,
            "revenue": 2182799,
            "common_shares": 1395781,
            "book_valuer_per_share": 55.94,
            "book_valuer_per_share_4q_avg": 51.53,
            "equity": 7840675,
            "current_ratio": 314.02,
            "debt_ratio": 24.52,
            "inventory_turnover_ratio": 1.06,
            "account_receivable_turnover_ratio": 2.08,
            "reinvestment_rate": -5.16,
            "research_to_sale_ratio": 22.99,
            "price_fair": 226.54,
            "eps_avg_yearly": 6.47,
            "eps_latest_yearly": 12.64,
            "eps_growth_yearly": 246.63
        },
        "20204": {
            "year_quarter": 20204,
            "year": 2020,
            "quarter": 4,
            "eps": 3.33,
            "eps_growth_year": 39.31,
            "eps_4q": 10.29,
            "eps_4q_growth_year": 69.69,
            "roe": 5.55,
            "roe_4q": 19.14,
            "gross_profit": 1437160,
            "gross_margin": 58.24,
            "gross_margin_4q_avg": 57.81,
            "net_income": 465619,
            "revenue": 2467494,
            "common_shares": 1415545,
            "book_valuer_per_share": 62.99,
            "book_valuer_per_share_4q_avg": 54.61,
            "equity": 8937486,
            "current_ratio": 310.28,
            "debt_ratio": 24.77,
            "inventory_turnover_ratio": 1.31,
            "account_receivable_turnover_ratio": 1.86,
            "reinvestment_rate": -5.88,
            "research_to_sale_ratio": 22.17,
            "price_fair": 251.13,
            "eps_avg_yearly": 7.18,
            "eps_latest_yearly": 13.32,
            "eps_growth_yearly": 222.98
        },
        "20211": {
            "year_quarter": 20211,
            "year": 2021,
            "quarter": 1,
            "eps": 3.08,
            "eps_growth_year": 55.56,
            "eps_4q": 11.34,
            "eps_4q_growth_year": 46.33,
            "roe": 4.5,
            "roe_4q": 19.87,
            "gross_profit": 1283905,
            "gross_margin": 57.19,
            "gross_margin_4q_avg": 57.74,
            "net_income": 418869,
            "revenue": 2244996,
            "common_shares": 1418008,
            "book_valuer_per_share": 68.11,
            "book_valuer_per_share_4q_avg": 59.07,
            "equity": 9677756,
            "current_ratio": 309.28,
            "debt_ratio": 24.53,
            "inventory_turnover_ratio": 1.23,
            "account_receivable_turnover_ratio": 1.55,
            "reinvestment_rate": -11.92,
            "research_to_sale_ratio": 25.52,
            "price_fair": 272.39,
            "eps_avg_yearly": 7.78,
            "eps_latest_yearly": 12.32,
            "eps_growth_yearly": 214.85
        },
        "20212": {
            "year_quarter": 20212,
            "year": 2021,
            "quarter": 2,
            "eps": 3.69,
            "eps_growth_year": 81.77,
            "eps_4q": 12.87,
            "eps_4q_growth_year": 51.07,
            "roe": 5.47,
            "roe_4q": 21.36,
            "gross_profit": 1481463,
            "gross_margin": 58.12,
            "gross_margin_4q_avg": 58.14,
            "net_income": 513377,
            "revenue": 2549051,
            "common_shares": 1419651,
            "book_valuer_per_share": 63.82,
            "book_valuer_per_share_4q_avg": 62.72,
            "equity": 9090593,
            "current_ratio": 222.1,
            "debt_ratio": 32.11,
            "inventory_turnover_ratio": 1.36,
            "account_receivable_turnover_ratio": 1.81,
            "reinvestment_rate": -7.5,
            "research_to_sale_ratio": 21.59,
            "price_fair": 291.73,
            "eps_avg_yearly": 8.34,
            "eps_latest_yearly": 14.76,
            "eps_growth_yearly": 187.88
        },
        "20213": {
            "year_quarter": 20213,
            "year": 2021,
            "quarter": 3,
            "eps": 3.43,
            "eps_growth_year": 8.54,
            "eps_4q": 13.21,
            "eps_4q_growth_year": 40.59,
            "roe": 5.06,
            "roe_4q": 20.58,
            "gross_profit": 1374636,
            "gross_margin": 58.18,
            "gross_margin_4q_avg": 57.93,
            "net_income": 480830,
            "revenue": 2362858,
            "common_shares": 1421917,
            "book_valuer_per_share": 69.47,
            "book_valuer_per_share_4q_avg": 66.1,
            "equity": 9907330,
            "current_ratio": 294.78,
            "debt_ratio": 23.94,
            "inventory_turnover_ratio": 1.22,
            "account_receivable_turnover_ratio": 1.73,
            "reinvestment_rate": -8.14,
            "research_to_sale_ratio": 23.96,
            "price_fair": 305.73,
            "eps_avg_yearly": 8.74,
            "eps_latest_yearly": 13.72,
            "eps_growth_yearly": 180.2
        },
        "20214": {
            "year_quarter": 20214,
            "year": 2021,
            "quarter": 4,
            "eps": 1.12,
            "eps_growth_year": -66.38,
            "eps_4q": 11.02,
            "eps_4q_growth_year": 7.15,
            "roe": 1.62,
            "roe_4q": 16.65,
            "gross_profit": 882638,
            "gross_margin": 53.7,
            "gross_margin_4q_avg": 56.8,
            "net_income": 163026,
            "revenue": 1643737,
            "common_shares": 1427970,
            "book_valuer_per_share": 71.23,
            "book_valuer_per_share_4q_avg": 68.16,
            "equity": 10195820,
            "current_ratio": 280.19,
            "debt_ratio": 24.58,
            "inventory_turnover_ratio": 0.81,
            "account_receivable_turnover_ratio": 1.4,
            "reinvestment_rate": -9.54,
            "research_to_sale_ratio": 29.25,
            "price_fair": 302.14,
            "eps_avg_yearly": 8.63,
            "eps_latest_yearly": 4.48,
            "eps_growth_yearly": 167.47
        },
        "20221": {
            "year_quarter": 20221,
            "year": 2022,
            "quarter": 1,
            "eps": 0.9,
            "eps_growth_year": -70.78,
            "eps_4q": 8.87,
            "eps_4q_growth_year": -21.73,
            "roe": 1.15,
            "roe_4q": 13.3,
            "gross_profit": 748222,
            "gross_margin": 53.7,
            "gross_margin_4q_avg": 55.93,
            "net_income": 114309,
            "revenue": 1393371,
            "common_shares": 1437652,
            "book_valuer_per_share": 67.75,
            "book_valuer_per_share_4q_avg": 68.07,
            "equity": 9755608,
            "current_ratio": 303.66,
            "debt_ratio": 23.55,
            "inventory_turnover_ratio": 0.62,
            "account_receivable_turnover_ratio": 1.44,
            "reinvestment_rate": 14.51,
            "research_to_sale_ratio": 32.94,
            "price_fair": 297.76,
            "eps_avg_yearly": 8.51,
            "eps_latest_yearly": 3.6,
            "eps_growth_yearly": 164.68
        },
        "20222": {
            "year_quarter": 20222,
            "year": 2022,
            "quarter": 2,
            "eps": 1.85,
            "eps_growth_year": -49.86,
            "eps_4q": 7.02,
            "eps_4q_growth_year": -45.47,
            "roe": 2.89,
            "roe_4q": 10.719999999999999,
            "gross_profit": 880193,
            "gross_margin": 55.38,
            "gross_margin_4q_avg": 55.24,
            "net_income": 262487,
            "revenue": 1589419,
            "common_shares": 1459652,
            "book_valuer_per_share": 57.6,
            "book_valuer_per_share_4q_avg": 66.51,
            "equity": 8426264,
            "current_ratio": 212.08,
            "debt_ratio": 31.77,
            "inventory_turnover_ratio": 0.66,
            "account_receivable_turnover_ratio": 1.59,
            "reinvestment_rate": 13.75,
            "research_to_sale_ratio": 29.02,
            "price_fair": 298.03,
            "eps_avg_yearly": 8.52,
            "eps_latest_yearly": 7.4,
            "eps_growth_yearly": 183.57
        },
        "20223": {
            "year_quarter": 20223,
            "year": 2022,
            "quarter": 3,
            "eps": 5.11,
            "eps_growth_year": 48.98,
            "eps_4q": 8.7,
            "eps_4q_growth_year": -34.11,
            "roe": 8.3,
            "roe_4q": 13.96,
            "gross_profit": 624939,
            "gross_margin": 51.13,
            "gross_margin_4q_avg": 53.48,
            "net_income": 724702,
            "revenue": 1222244,
            "common_shares": 1460617,
            "book_valuer_per_share": 61.76,
            "book_valuer_per_share_4q_avg": 64.59,
            "equity": 9026515,
            "current_ratio": 344.82,
            "debt_ratio": 20.45,
            "inventory_turnover_ratio": 0.55,
            "account_receivable_turnover_ratio": 1.34,
            "reinvestment_rate": 12.76,
            "research_to_sale_ratio": 51.12,
            "price_fair": 321.48,
            "eps_avg_yearly": 9.19,
            "eps_latest_yearly": 20.44,
            "eps_growth_yearly": 219.24
        },
        "20224": {
            "year_quarter": 20224,
            "year": 2022,
            "quarter": 4,
            "eps": -0.43,
            "eps_growth_year": -138.77,
            "eps_4q": 7.19,
            "eps_4q_growth_year": -34.8,
            "roe": -0.7,
            "roe_4q": 11.64,
            "gross_profit": 566868,
            "gross_margin": 55.53,
            "gross_margin_4q_avg": 53.94,
            "net_income": -63530,
            "revenue": 1020873,
            "common_shares": 1461813,
            "book_valuer_per_share": 62.48,
            "book_valuer_per_share_4q_avg": 62.4,
            "equity": 9132795,
            "current_ratio": 375.56,
            "debt_ratio": 19.06,
            "inventory_turnover_ratio": 0.44,
            "account_receivable_turnover_ratio": 1.45,
            "reinvestment_rate": 16.42,
            "research_to_sale_ratio": 35.92,
            "price_fair": 334.51,
            "eps_avg_yearly": 9.56,
            "eps_latest_yearly": 20.44,
            "eps_growth_yearly": 250.65
        },
        "20231": {
            "year_quarter": 20231,
            "year": 2023,
            "quarter": 1,
            "eps": 0.03,
            "eps_growth_year": -96.67,
            "eps_4q": 6.35,
            "eps_4q_growth_year": -28.38,
            "roe": 0.06,
            "roe_4q": 10.55,
            "gross_profit": 595602,
            "gross_margin": 54.79,
            "gross_margin_4q_avg": 54.21,
            "net_income": 4987,
            "revenue": 1087099,
            "common_shares": 1461373,
            "book_valuer_per_share": 60.08,
            "book_valuer_per_share_4q_avg": 60.48,
            "equity": 8779641,
            "current_ratio": 271.78,
            "debt_ratio": 24.25,
            "inventory_turnover_ratio": 0.53,
            "account_receivable_turnover_ratio": 1.55,
            "reinvestment_rate": 16.83,
            "research_to_sale_ratio": 34.9,
            "price_fair": 356.8,
            "eps_avg_yearly": 10.19,
            "eps_latest_yearly": 20.44,
            "eps_growth_yearly": 292.05
        }
    },
    "months": {
        "2003-09": {
            "month": "2003-09",
            "price": "128.71",
            "revenue": 205997
        },
        "2003-10": {
            "month": "2003-10",
            "price": "150.13",
            "revenue": 211162
        },
        "2003-11": {
            "month": "2003-11",
            "price": "162.38",
            "revenue": 206398
        },
        "2003-12": {
            "month": "2003-12",
            "price": "168.51",
            "revenue": 188549
        },
        "2004-01": {
            "month": "2004-01",
            "price": "217.56",
            "revenue": 127326
        },
        "2004-02": {
            "month": "2004-02",
            "price": "230.82",
            "revenue": 155908
        },
        "2004-03": {
            "month": "2004-03",
            "price": "207.88",
            "revenue": 211601
        },
        "2004-04": {
            "month": "2004-04",
            "price": "199.46",
            "revenue": 239891
        },
        "2004-05": {
            "month": "2004-05",
            "price": "144.15",
            "revenue": 255144
        },
        "2004-06": {
            "month": "2004-06",
            "price": "120.61",
            "revenue": 240935
        },
        "2004-07": {
            "month": "2004-07",
            "price": "114.23",
            "revenue": 200429
        },
        "2004-08": {
            "month": "2004-08",
            "price": "88.41",
            "revenue": 170395
        },
        "2004-09": {
            "month": "2004-09",
            "price": "69.39",
            "revenue": 137092
        },
        "2004-10": {
            "month": "2004-10",
            "price": "50.96",
            "revenue": 81817
        },
        "2004-11": {
            "month": "2004-11",
            "price": "50.71",
            "revenue": 79418
        },
        "2004-12": {
            "month": "2004-12",
            "price": "47.65",
            "revenue": 86231
        },
        "2005-01": {
            "month": "2005-01",
            "price": "46.49",
            "revenue": 115753
        },
        "2005-02": {
            "month": "2005-02",
            "price": "51.05",
            "revenue": 132359
        },
        "2005-03": {
            "month": "2005-03",
            "price": "74.40",
            "revenue": 219168
        },
        "2005-04": {
            "month": "2005-04",
            "price": "70.46",
            "revenue": 298814
        },
        "2005-05": {
            "month": "2005-05",
            "price": "67.85",
            "revenue": 269917
        },
        "2005-06": {
            "month": "2005-06",
            "price": "63.40",
            "revenue": 302110
        },
        "2005-07": {
            "month": "2005-07",
            "price": "74.08",
            "revenue": 261611
        },
        "2005-08": {
            "month": "2005-08",
            "price": "85.49",
            "revenue": 317321
        },
        "2005-09": {
            "month": "2005-09",
            "price": "92.81",
            "revenue": 256547
        },
        "2005-10": {
            "month": "2005-10",
            "price": "95.98",
            "revenue": 263437
        },
        "2005-11": {
            "month": "2005-11",
            "price": "93.59",
            "revenue": 284378
        },
        "2005-12": {
            "month": "2005-12",
            "price": "142.75",
            "revenue": 250371
        },
        "2006-01": {
            "month": "2006-01",
            "price": "164.03",
            "revenue": 174467
        },
        "2006-02": {
            "month": "2006-02",
            "price": "146.76",
            "revenue": 180465
        },
        "2006-03": {
            "month": "2006-03",
            "price": "155.99",
            "revenue": 171438
        },
        "2006-04": {
            "month": "2006-04",
            "price": "167.79",
            "revenue": 204581
        },
        "2006-05": {
            "month": "2006-05",
            "price": "160.03",
            "revenue": 214412
        },
        "2006-06": {
            "month": "2006-06",
            "price": "158.95",
            "revenue": 264066
        },
        "2006-07": {
            "month": "2006-07",
            "price": "161.02",
            "revenue": 335818
        },
        "2006-08": {
            "month": "2006-08",
            "price": "199.54",
            "revenue": 396252
        },
        "2006-09": {
            "month": "2006-09",
            "price": "251.67",
            "revenue": 435100
        },
        "2006-10": {
            "month": "2006-10",
            "price": "249.32",
            "revenue": 526330
        },
        "2006-11": {
            "month": "2006-11",
            "price": "342.68",
            "revenue": 554070
        },
        "2006-12": {
            "month": "2006-12",
            "price": "405.36",
            "revenue": 534185
        },
        "2007-01": {
            "month": "2007-01",
            "price": "534.43",
            "revenue": 473627
        },
        "2007-02": {
            "month": "2007-02",
            "price": "439.38",
            "revenue": 382984
        },
        "2007-03": {
            "month": "2007-03",
            "price": "421.39",
            "revenue": 388295
        },
        "2007-04": {
            "month": "2007-04",
            "price": "406.90",
            "revenue": 391064
        },
        "2007-05": {
            "month": "2007-05",
            "price": "470.82",
            "revenue": 403020
        },
        "2007-06": {
            "month": "2007-06",
            "price": "499.05",
            "revenue": 406953
        },
        "2007-07": {
            "month": "2007-07",
            "price": "485.43",
            "revenue": 408863
        },
        "2007-08": {
            "month": "2007-08",
            "price": "332.59",
            "revenue": 379722
        },
        "2007-09": {
            "month": "2007-09",
            "price": "275.81",
            "revenue": 382217
        },
        "2007-10": {
            "month": "2007-10",
            "price": "296.02",
            "revenue": 361836
        },
        "2007-11": {
            "month": "2007-11",
            "price": "232.43",
            "revenue": 344347
        },
        "2007-12": {
            "month": "2007-12",
            "price": "221.14",
            "revenue": 354014
        },
        "2008-01": {
            "month": "2008-01",
            "price": "221.16",
            "revenue": 426953
        },
        "2008-02": {
            "month": "2008-02",
            "price": "186.89",
            "revenue": 344126
        },
        "2008-03": {
            "month": "2008-03",
            "price": "210.00",
            "revenue": 416954
        },
        "2008-04": {
            "month": "2008-04",
            "price": "239.48",
            "revenue": 396241
        },
        "2008-05": {
            "month": "2008-05",
            "price": "262.64",
            "revenue": 426485
        },
        "2008-06": {
            "month": "2008-06",
            "price": "220.95",
            "revenue": 491559
        },
        "2008-07": {
            "month": "2008-07",
            "price": "233.55",
            "revenue": 435846
        },
        "2008-08": {
            "month": "2008-08",
            "price": "193.79",
            "revenue": 451527
        },
        "2008-09": {
            "month": "2008-09",
            "price": "136.36",
            "revenue": 382912
        },
        "2008-10": {
            "month": "2008-10",
            "price": "100.85",
            "revenue": 421938
        },
        "2008-11": {
            "month": "2008-11",
            "price": "86.27",
            "revenue": 358073
        },
        "2008-12": {
            "month": "2008-12",
            "price": "99.15",
            "revenue": 252257
        },
        "2009-01": {
            "month": "2009-01",
            "price": "120.03",
            "revenue": 170952
        },
        "2009-02": {
            "month": "2009-02",
            "price": "140.65",
            "revenue": 249995
        },
        "2009-03": {
            "month": "2009-03",
            "price": "153.34",
            "revenue": 304134
        },
        "2009-04": {
            "month": "2009-04",
            "price": "187.91",
            "revenue": 287942
        },
        "2009-05": {
            "month": "2009-05",
            "price": "272.72",
            "revenue": 281044
        },
        "2009-06": {
            "month": "2009-06",
            "price": "243.30",
            "revenue": 272502
        },
        "2009-07": {
            "month": "2009-07",
            "price": "272.89",
            "revenue": 344689
        },
        "2009-08": {
            "month": "2009-08",
            "price": "237.78",
            "revenue": 383953
        },
        "2009-09": {
            "month": "2009-09",
            "price": "277.61",
            "revenue": 425186
        },
        "2009-10": {
            "month": "2009-10",
            "price": "265.57",
            "revenue": 406833
        },
        "2009-11": {
            "month": "2009-11",
            "price": "244.14",
            "revenue": 341411
        },
        "2009-12": {
            "month": "2009-12",
            "price": "257.91",
            "revenue": 285789
        },
        "2010-01": {
            "month": "2010-01",
            "price": "244.12",
            "revenue": 330058
        },
        "2010-02": {
            "month": "2010-02",
            "price": "187.18",
            "revenue": 336388
        },
        "2010-03": {
            "month": "2010-03",
            "price": "194.33",
            "revenue": 413120
        },
        "2010-04": {
            "month": "2010-04",
            "price": "206.81",
            "revenue": 394420
        },
        "2010-05": {
            "month": "2010-05",
            "price": "188.05",
            "revenue": 391068
        },
        "2010-06": {
            "month": "2010-06",
            "price": "184.76",
            "revenue": 399340
        },
        "2010-07": {
            "month": "2010-07",
            "price": "185.07",
            "revenue": 303153
        },
        "2010-08": {
            "month": "2010-08",
            "price": "170.86",
            "revenue": 341618
        },
        "2010-09": {
            "month": "2010-09",
            "price": "156.21",
            "revenue": 330286
        },
        "2010-10": {
            "month": "2010-10",
            "price": "141.81",
            "revenue": 281289
        },
        "2010-11": {
            "month": "2010-11",
            "price": "139.16",
            "revenue": 219428
        },
        "2010-12": {
            "month": "2010-12",
            "price": "148.96",
            "revenue": 239219
        },
        "2011-01": {
            "month": "2011-01",
            "price": "138.12",
            "revenue": 242344
        },
        "2011-02": {
            "month": "2011-02",
            "price": "114.29",
            "revenue": 161741
        },
        "2011-03": {
            "month": "2011-03",
            "price": "114.35",
            "revenue": 273887
        },
        "2011-04": {
            "month": "2011-04",
            "price": "118.92",
            "revenue": 278181
        },
        "2011-05": {
            "month": "2011-05",
            "price": "109.93",
            "revenue": 289732
        },
        "2011-06": {
            "month": "2011-06",
            "price": "109.33",
            "revenue": 255215
        },
        "2011-07": {
            "month": "2011-07",
            "price": "94.34",
            "revenue": 266618
        },
        "2011-08": {
            "month": "2011-08",
            "price": "69.00",
            "revenue": 267505
        },
        "2011-09": {
            "month": "2011-09",
            "price": "72.40",
            "revenue": 279185
        },
        "2011-10": {
            "month": "2011-10",
            "price": "76.54",
            "revenue": 326930
        },
        "2011-11": {
            "month": "2011-11",
            "price": "74.93",
            "revenue": 280553
        },
        "2011-12": {
            "month": "2011-12",
            "price": "67.07",
            "revenue": 295949
        },
        "2012-01": {
            "month": "2012-01",
            "price": "69.89",
            "revenue": 194571
        },
        "2012-02": {
            "month": "2012-02",
            "price": "87.94",
            "revenue": 195957
        },
        "2012-03": {
            "month": "2012-03",
            "price": "81.93",
            "revenue": 226813
        },
        "2012-04": {
            "month": "2012-04",
            "price": "73.61",
            "revenue": 222060
        },
        "2012-05": {
            "month": "2012-05",
            "price": "77.38",
            "revenue": 231035
        },
        "2012-06": {
            "month": "2012-06",
            "price": "83.87",
            "revenue": 224298
        },
        "2012-07": {
            "month": "2012-07",
            "price": "85.76",
            "revenue": 236489
        },
        "2012-08": {
            "month": "2012-08",
            "price": "93.75",
            "revenue": 333382
        },
        "2012-09": {
            "month": "2012-09",
            "price": "88.71",
            "revenue": 402929
        },
        "2012-10": {
            "month": "2012-10",
            "price": "72.71",
            "revenue": 366121
        },
        "2012-11": {
            "month": "2012-11",
            "price": "63.16",
            "revenue": 348022
        },
        "2012-12": {
            "month": "2012-12",
            "price": "68.85",
            "revenue": 344639
        },
        "2013-01": {
            "month": "2013-01",
            "price": "71.21",
            "revenue": 323124
        },
        "2013-02": {
            "month": "2013-02",
            "price": "66.09",
            "revenue": 277836
        },
        "2013-03": {
            "month": "2013-03",
            "price": "65.08",
            "revenue": 309516
        },
        "2013-04": {
            "month": "2013-04",
            "price": "65.41",
            "revenue": 360250
        },
        "2013-05": {
            "month": "2013-05",
            "price": "63.63",
            "revenue": 420466
        },
        "2013-06": {
            "month": "2013-06",
            "price": "62.82",
            "revenue": 387502
        },
        "2013-07": {
            "month": "2013-07",
            "price": "61.20",
            "revenue": 414188
        },
        "2013-08": {
            "month": "2013-08",
            "price": "56.10",
            "revenue": 487909
        },
        "2013-09": {
            "month": "2013-09",
            "price": "58.82",
            "revenue": 448627
        },
        "2013-10": {
            "month": "2013-10",
            "price": "56.70",
            "revenue": 405986
        },
        "2013-11": {
            "month": "2013-11",
            "price": "48.87",
            "revenue": 391133
        },
        "2013-12": {
            "month": "2013-12",
            "price": "48.40",
            "revenue": 402043
        },
        "2014-01": {
            "month": "2014-01",
            "price": "53.44",
            "revenue": 426361
        },
        "2014-02": {
            "month": "2014-02",
            "price": "55.67",
            "revenue": 380585
        },
        "2014-03": {
            "month": "2014-03",
            "price": "63.05",
            "revenue": 391506
        },
        "2014-04": {
            "month": "2014-04",
            "price": "63.75",
            "revenue": 425956
        },
        "2014-05": {
            "month": "2014-05",
            "price": "65.69",
            "revenue": 436062
        },
        "2014-06": {
            "month": "2014-06",
            "price": "79.73",
            "revenue": 402783
        },
        "2014-07": {
            "month": "2014-07",
            "price": "82.28",
            "revenue": 399266
        },
        "2014-08": {
            "month": "2014-08",
            "price": "74.07",
            "revenue": 400966
        },
        "2014-09": {
            "month": "2014-09",
            "price": "73.20",
            "revenue": 388644
        },
        "2014-10": {
            "month": "2014-10",
            "price": "69.36",
            "revenue": 391495
        },
        "2014-11": {
            "month": "2014-11",
            "price": "65.66",
            "revenue": 347910
        },
        "2014-12": {
            "month": "2014-12",
            "price": "67.90",
            "revenue": 357546
        },
        "2015-01": {
            "month": "2015-01",
            "price": "85.68",
            "revenue": 360646
        },
        "2015-02": {
            "month": "2015-02",
            "price": "89.42",
            "revenue": 337724
        },
        "2015-03": {
            "month": "2015-03",
            "price": "107.71",
            "revenue": 392440
        },
        "2015-04": {
            "month": "2015-04",
            "price": "98.40",
            "revenue": 361294
        },
        "2015-05": {
            "month": "2015-05",
            "price": "88.88",
            "revenue": 349769
        },
        "2015-06": {
            "month": "2015-06",
            "price": "90.78",
            "revenue": 373493
        },
        "2015-07": {
            "month": "2015-07",
            "price": "83.72",
            "revenue": 363401
        },
        "2015-08": {
            "month": "2015-08",
            "price": "62.53",
            "revenue": 352764
        },
        "2015-09": {
            "month": "2015-09",
            "price": "65.06",
            "revenue": 350080
        },
        "2015-10": {
            "month": "2015-10",
            "price": "73.82",
            "revenue": 368677
        },
        "2015-11": {
            "month": "2015-11",
            "price": "73.49",
            "revenue": 361260
        },
        "2015-12": {
            "month": "2015-12",
            "price": "79.42",
            "revenue": 348718
        },
        "2016-01": {
            "month": "2016-01",
            "price": "71.75",
            "revenue": 370941
        },
        "2016-02": {
            "month": "2016-02",
            "price": "74.32",
            "revenue": 299487
        },
        "2016-03": {
            "month": "2016-03",
            "price": "75.85",
            "revenue": 357268
        },
        "2016-04": {
            "month": "2016-04",
            "price": "76.67",
            "revenue": 325039
        },
        "2016-05": {
            "month": "2016-05",
            "price": "65.47",
            "revenue": 363360
        },
        "2016-06": {
            "month": "2016-06",
            "price": "67.38",
            "revenue": 363323
        },
        "2016-07": {
            "month": "2016-07",
            "price": "73.12",
            "revenue": 360586
        },
        "2016-08": {
            "month": "2016-08",
            "price": "74.89",
            "revenue": 389183
        },
        "2016-09": {
            "month": "2016-09",
            "price": "70.33",
            "revenue": 359925
        },
        "2016-10": {
            "month": "2016-10",
            "price": "69.44",
            "revenue": 395330
        },
        "2016-11": {
            "month": "2016-11",
            "price": "64.81",
            "revenue": 354751
        },
        "2016-12": {
            "month": "2016-12",
            "price": "65.74",
            "revenue": 398846
        },
        "2017-01": {
            "month": "2017-01",
            "price": "68.29",
            "revenue": 397994
        },
        "2017-02": {
            "month": "2017-02",
            "price": "78.15",
            "revenue": 307438
        },
        "2017-03": {
            "month": "2017-03",
            "price": "77.84",
            "revenue": 398270
        },
        "2017-04": {
            "month": "2017-04",
            "price": "76.69",
            "revenue": 406668
        },
        "2017-05": {
            "month": "2017-05",
            "price": "80.68",
            "revenue": 420783
        },
        "2017-06": {
            "month": "2017-06",
            "price": "81.93",
            "revenue": 467897
        },
        "2017-07": {
            "month": "2017-07",
            "price": "83.06",
            "revenue": 487090
        },
        "2017-08": {
            "month": "2017-08",
            "price": "117.64",
            "revenue": 442744
        },
        "2017-09": {
            "month": "2017-09",
            "price": "126.73",
            "revenue": 460110
        },
        "2017-10": {
            "month": "2017-10",
            "price": "126.53",
            "revenue": 459099
        },
        "2017-11": {
            "month": "2017-11",
            "price": "145.05",
            "revenue": 457342
        },
        "2017-12": {
            "month": "2017-12",
            "price": "152.76",
            "revenue": 412584
        },
        "2018-01": {
            "month": "2018-01",
            "price": "137.43",
            "revenue": 534485
        },
        "2018-02": {
            "month": "2018-02",
            "price": "128.85",
            "revenue": 377101
        },
        "2018-03": {
            "month": "2018-03",
            "price": "128.54",
            "revenue": 388842
        },
        "2018-04": {
            "month": "2018-04",
            "price": "117.58",
            "revenue": 393846
        },
        "2018-05": {
            "month": "2018-05",
            "price": "116.32",
            "revenue": 464816
        },
        "2018-06": {
            "month": "2018-06",
            "price": "117.62",
            "revenue": 507348
        },
        "2018-07": {
            "month": "2018-07",
            "price": "110.09",
            "revenue": 529162
        },
        "2018-08": {
            "month": "2018-08",
            "price": "125.20",
            "revenue": 594053
        },
        "2018-09": {
            "month": "2018-09",
            "price": "116.92",
            "revenue": 474995
        },
        "2018-10": {
            "month": "2018-10",
            "price": "87.15",
            "revenue": 455522
        },
        "2018-11": {
            "month": "2018-11",
            "price": "84.89",
            "revenue": 437946
        },
        "2018-12": {
            "month": "2018-12",
            "price": "90.42",
            "revenue": 355062
        },
        "2019-01": {
            "month": "2019-01",
            "price": "88.83",
            "revenue": 350204
        },
        "2019-02": {
            "month": "2019-02",
            "price": "91.92",
            "revenue": 287022
        },
        "2019-03": {
            "month": "2019-03",
            "price": "88.00",
            "revenue": 320746
        },
        "2019-04": {
            "month": "2019-04",
            "price": "94.88",
            "revenue": 427897
        },
        "2019-05": {
            "month": "2019-05",
            "price": "120.93",
            "revenue": 461313
        },
        "2019-06": {
            "month": "2019-06",
            "price": "119.66",
            "revenue": 488322
        },
        "2019-07": {
            "month": "2019-07",
            "price": "114.96",
            "revenue": 561703
        },
        "2019-08": {
            "month": "2019-08",
            "price": "107.81",
            "revenue": 608965
        },
        "2019-09": {
            "month": "2019-09",
            "price": "114.13",
            "revenue": 630359
        },
        "2019-10": {
            "month": "2019-10",
            "price": "117.55",
            "revenue": 637137
        },
        "2019-11": {
            "month": "2019-11",
            "price": "126.50",
            "revenue": 624149
        },
        "2019-12": {
            "month": "2019-12",
            "price": "144.16",
            "revenue": 677202
        },
        "2020-01": {
            "month": "2020-01",
            "price": "159.53",
            "revenue": 628461
        },
        "2020-02": {
            "month": "2020-02",
            "price": "183.29",
            "revenue": 487185
        },
        "2020-03": {
            "month": "2020-03",
            "price": "157.23",
            "revenue": 579414
        },
        "2020-04": {
            "month": "2020-04",
            "price": "167.58",
            "revenue": 581654
        },
        "2020-05": {
            "month": "2020-05",
            "price": "166.60",
            "revenue": 590878
        },
        "2020-06": {
            "month": "2020-06",
            "price": "165.38",
            "revenue": 630131
        },
        "2020-07": {
            "month": "2020-07",
            "price": "204.37",
            "revenue": 638975
        },
        "2020-08": {
            "month": "2020-08",
            "price": "185.81",
            "revenue": 758435
        },
        "2020-09": {
            "month": "2020-09",
            "price": "176.84",
            "revenue": 785389
        },
        "2020-10": {
            "month": "2020-10",
            "price": "177.66",
            "revenue": 801927
        },
        "2020-11": {
            "month": "2020-11",
            "price": "193.95",
            "revenue": 849497
        },
        "2020-12": {
            "month": "2020-12",
            "price": "193.96",
            "revenue": 816069
        },
        "2021-01": {
            "month": "2021-01",
            "price": "192.02",
            "revenue": 756014
        },
        "2021-02": {
            "month": "2021-02",
            "price": "184.81",
            "revenue": 630954
        },
        "2021-03": {
            "month": "2021-03",
            "price": "182.16",
            "revenue": 858028
        },
        "2021-04": {
            "month": "2021-04",
            "price": "197.55",
            "revenue": 858687
        },
        "2021-05": {
            "month": "2021-05",
            "price": "177.83",
            "revenue": 882431
        },
        "2021-06": {
            "month": "2021-06",
            "price": "192.29",
            "revenue": 807933
        },
        "2021-07": {
            "month": "2021-07",
            "price": "202.00",
            "revenue": 837276
        },
        "2021-08": {
            "month": "2021-08",
            "price": "168.91",
            "revenue": 779509
        },
        "2021-09": {
            "month": "2021-09",
            "price": "157.72",
            "revenue": 746073
        },
        "2021-10": {
            "month": "2021-10",
            "price": "150.00",
            "revenue": 641804
        },
        "2021-11": {
            "month": "2021-11",
            "price": "154.84",
            "revenue": 515234
        },
        "2021-12": {
            "month": "2021-12",
            "price": "149.64",
            "revenue": 486699
        },
        "2022-01": {
            "month": "2022-01",
            "price": "143.39",
            "revenue": 485378
        },
        "2022-02": {
            "month": "2022-02",
            "price": "140.10",
            "revenue": 411814
        },
        "2022-03": {
            "month": "2022-03",
            "price": "138.35",
            "revenue": 496179
        },
        "2022-04": {
            "month": "2022-04",
            "price": "128.05",
            "revenue": 552799
        },
        "2022-05": {
            "month": "2022-05",
            "price": "113.05",
            "revenue": 552508
        },
        "2022-06": {
            "month": "2022-06",
            "price": "107.64",
            "revenue": 484111
        },
        "2022-07": {
            "month": "2022-07",
            "price": "90.96",
            "revenue": 448399
        },
        "2022-08": {
            "month": "2022-08",
            "price": "92.32",
            "revenue": 398938
        },
        "2022-09": {
            "month": "2022-09",
            "price": "90.51",
            "revenue": 374907
        },
        "2022-10": {
            "month": "2022-10",
            "price": "82.16",
            "revenue": 357797
        },
        "2022-11": {
            "month": "2022-11",
            "price": "89.71",
            "revenue": 329283
        },
        "2022-12": {
            "month": "2022-12",
            "price": "96.98",
            "revenue": 333792
        },
        "2023-01": {
            "month": "2023-01",
            "price": "98.94",
            "revenue": 307966
        },
        "2023-02": {
            "month": "2023-02",
            "price": "110.11",
            "revenue": 357358
        },
        "2023-03": {
            "month": "2023-03",
            "price": "108.89",
            "revenue": 421776
        },
        "2023-04": {
            "month": "2023-04",
            "price": "107.21",
            "revenue": 488321
        }
    }
}
