{
    "summary": {
        "stock_name": "金麗科",
        "stock_id": "3228",
        "category": "半導體",
        "main_business": "微控制器IC、嵌入式微處理器及網路單晶片IC等設計、製造及販賣",
        "website_url": "https://www.rdc.com.tw/",
        "ceo": "易建男",
        "pe_ratio": -307,
        "report_year_from": 2002,
        "report_year_to": 2023,
        "age": 22,
        "eps_negative_percentage": 55,
        "eps_growth_avg": {
            "last_all": -34.83,
            "last_2y": -27.3,
            "last_4y": -45.48,
            "last_8y": -45.48,
            "last_12y": -45.48,
            "last_16y": -44.93,
            "last_20y": null,
            "at_2006_last_3y": null,
            "at_2007_last_3y": null,
            "at_2008_last_3y": -7.9,
            "at_2009_last_3y": -8.15,
            "at_2010_last_3y": -44.2,
            "at_2011_last_3y": -99.38,
            "at_2012_last_3y": -100,
            "at_2013_last_3y": null,
            "at_2014_last_3y": null,
            "at_2015_last_3y": null,
            "at_2016_last_3y": null,
            "at_2017_last_3y": null,
            "at_2018_last_3y": null,
            "at_2019_last_3y": -100,
            "at_2020_last_3y": -100,
            "at_2021_last_3y": 0,
            "at_2022_last_3y": -27.3,
            "at_2023_last_3y": -27.3,
            "at_2024_last_3y": -27.3,
            "at_2006_last_all": 0.51,
            "at_2007_last_all": 22.39,
            "at_2008_last_all": -7.9,
            "at_2009_last_all": -26.32,
            "at_2010_last_all": -26.32,
            "at_2011_last_all": -26.32,
            "at_2012_last_all": -26.32,
            "at_2013_last_all": -26.32,
            "at_2014_last_all": -26.32,
            "at_2015_last_all": -26.32,
            "at_2016_last_all": -26.32,
            "at_2017_last_all": -26.32,
            "at_2018_last_all": -26.32,
            "at_2019_last_all": -38.6,
            "at_2020_last_all": -38.6,
            "at_2021_last_all": -18.8,
            "at_2022_last_all": -26.69,
            "at_2023_last_all": -34.83,
            "at_2024_last_all": -34.83
        },
        "latest_eps": -1.45,
        "latest_price": 445,
        "latest_roe": -14.53,
        "latest_gross_margin": 66.26,
        "latest_equity": 641650,
        "latest_revenue": 75348,
        "latest_gross_profit": 49927,
        "latest_net_income": -25664,
        "latest_debt_ratio": 14.35,
        "latest_current_ratio": 290.4,
        "latest_account_receivable_turnover_ratio": 1.71,
        "latest_inventory_turnover_ratio": 0.16,
        "latest_reinvestment_rate": 21.37,
        "latest_research_to_sale_ratio": 76.21
    },
    "eps_dividends": {
        "2001": {
            "cash": 0,
            "stock": 0,
            "eps": 0
        },
        "2002": {
            "cash": 0,
            "stock": 0,
            "eps": 0
        },
        "2003": {
            "cash": 0,
            "stock": 0,
            "eps": 0
        },
        "2004": {
            "cash": 0.54,
            "stock": 1,
            "eps": 1.96
        },
        "2005": {
            "cash": 0.59,
            "stock": 0.59,
            "eps": 0.02
        },
        "2006": {
            "cash": 0,
            "stock": 0,
            "eps": 1.95
        },
        "2007": {
            "cash": 0.69,
            "stock": 0.99,
            "eps": 3.24
        },
        "2008": {
            "cash": 0.89,
            "stock": 1.49,
            "eps": 0.04
        },
        "2009": {
            "cash": 0,
            "stock": 0,
            "eps": -1.94
        },
        "2010": {
            "cash": 0,
            "stock": 0,
            "eps": -1.14
        },
        "2011": {
            "cash": 0,
            "stock": 0,
            "eps": -1.94
        },
        "2012": {
            "cash": 0,
            "stock": 0,
            "eps": -0.96
        },
        "2013": {
            "cash": 0,
            "stock": 0,
            "eps": -0.83
        },
        "2014": {
            "cash": 0,
            "stock": 0,
            "eps": -1.39
        },
        "2015": {
            "cash": 0,
            "stock": 0,
            "eps": -0.93
        },
        "2016": {
            "cash": 0,
            "stock": 0,
            "eps": -0.39
        },
        "2017": {
            "cash": 0,
            "stock": 0,
            "eps": -0.7
        },
        "2018": {
            "cash": 0,
            "stock": 0,
            "eps": 0.75
        },
        "2019": {
            "cash": 0,
            "stock": 0,
            "eps": -0.69
        },
        "2020": {
            "cash": 0,
            "stock": 0,
            "eps": 1.03
        },
        "2021": {
            "cash": 0,
            "stock": 0,
            "eps": 2.93
        },
        "2022": {
            "cash": 0,
            "stock": 0,
            "eps": 0.53
        },
        "2023": {
            "cash": 0.1,
            "stock": 0.3,
            "eps": -1.07
        }
    },
    "dividends": {
        "2004-02-10": {
            "cash": 0.54,
            "stock": 1
        },
        "2005-03-23": {
            "cash": 0.59,
            "stock": 0.59
        },
        "2007-03-15": {
            "cash": 0.69,
            "stock": 0.99
        },
        "2008-03-21": {
            "cash": 0.89,
            "stock": 1.49
        },
        "2023-09-19": {
            "cash": 0.1,
            "stock": 0.3
        }
    },
    "prices": {
        "200101": "無",
        "200102": "無",
        "200103": "無",
        "200104": "無",
        "200105": "無",
        "200106": "無",
        "200107": "無",
        "200108": "無",
        "200109": "無",
        "200110": "無",
        "200111": "無",
        "200112": "無",
        "200201": "無",
        "200202": "無",
        "200203": "無",
        "200204": "無",
        "200205": "無",
        "200206": "無",
        "200207": "無",
        "200208": "無",
        "200209": "無",
        "200210": "無",
        "200211": "無",
        "200212": "無",
        "200301": "無",
        "200302": "無",
        "200303": "無",
        "200304": "無",
        "200305": "無",
        "200306": "無",
        "200307": "無",
        "200308": "無",
        "200309": "無",
        "200310": "無",
        "200311": "無",
        "200312": "無",
        "200401": "無",
        "200402": "36.34",
        "200403": "35.59",
        "200404": "無",
        "200405": "35.12",
        "200406": "32.81",
        "200407": "32.94",
        "200408": "27.44",
        "200409": "26.46",
        "200410": "24.35",
        "200411": "23.72",
        "200412": "19.06",
        "200501": "19.05",
        "200502": "19.51",
        "200503": "25.11",
        "200504": "21.01",
        "200505": "17.81",
        "200506": "20.20",
        "200507": "24.03",
        "200508": "21.34",
        "200509": "17.60",
        "200510": "16.92",
        "200511": "15.60",
        "200512": "17.33",
        "200601": "21.70",
        "200602": "27.47",
        "200603": "52.24",
        "200604": "81.16",
        "200605": "72.59",
        "200606": "68.48",
        "200607": "65.42",
        "200608": "69.92",
        "200609": "118.97",
        "200610": "151.15",
        "200611": "155.91",
        "200612": "214.00",
        "200701": "219.70",
        "200702": "202.25",
        "200703": "193.78",
        "200704": "186.00",
        "200705": "233.66",
        "200706": "307.45",
        "200707": "311.27",
        "200708": "226.91",
        "200709": "186.61",
        "200710": "143.27",
        "200711": "110.90",
        "200712": "116.19",
        "200801": "82.90",
        "200802": "74.91",
        "200803": "79.58",
        "200804": "88.38",
        "200805": "125.95",
        "200806": "156.88",
        "200807": "135.70",
        "200808": "117.96",
        "200809": "89.65",
        "200810": "57.34",
        "200811": "49.67",
        "200812": "44.33",
        "200901": "46.65",
        "200902": "46.66",
        "200903": "54.81",
        "200904": "59.63",
        "200905": "61.71",
        "200906": "64.10",
        "200907": "67.22",
        "200908": "67.74",
        "200909": "67.68",
        "200910": "61.51",
        "200911": "53.04",
        "200912": "55.46",
        "201001": "53.42",
        "201002": "45.44",
        "201003": "46.25",
        "201004": "49.40",
        "201005": "46.12",
        "201006": "55.93",
        "201007": "86.34",
        "201008": "82.41",
        "201009": "78.44",
        "201010": "74.59",
        "201011": "51.70",
        "201012": "53.22",
        "201101": "49.94",
        "201102": "47.14",
        "201103": "44.44",
        "201104": "40.66",
        "201105": "40.65",
        "201106": "40.93",
        "201107": "34.21",
        "201108": "26.63",
        "201109": "26.15",
        "201110": "25.21",
        "201111": "21.56",
        "201112": "18.58",
        "201201": "18.19",
        "201202": "27.22",
        "201203": "26.44",
        "201204": "23.61",
        "201205": "22.35",
        "201206": "21.26",
        "201207": "22.32",
        "201208": "21.20",
        "201209": "20.20",
        "201210": "19.16",
        "201211": "18.10",
        "201212": "18.76",
        "201301": "19.81",
        "201302": "19.89",
        "201303": "18.83",
        "201304": "17.61",
        "201305": "20.82",
        "201306": "25.54",
        "201307": "26.76",
        "201308": "25.91",
        "201309": "25.48",
        "201310": "25.48",
        "201311": "24.52",
        "201312": "24.72",
        "201401": "27.81",
        "201402": "26.96",
        "201403": "26.82",
        "201404": "26.36",
        "201405": "25.94",
        "201406": "31.09",
        "201407": "37.28",
        "201408": "31.60",
        "201409": "32.13",
        "201410": "29.51",
        "201411": "28.11",
        "201412": "30.48",
        "201501": "29.89",
        "201502": "30.60",
        "201503": "35.80",
        "201504": "35.96",
        "201505": "32.76",
        "201506": "30.02",
        "201507": "27.17",
        "201508": "23.38",
        "201509": "20.10",
        "201510": "21.61",
        "201511": "22.70",
        "201512": "22.76",
        "201601": "20.29",
        "201602": "19.10",
        "201603": "18.93",
        "201604": "17.20",
        "201605": "15.08",
        "201606": "16.09",
        "201607": "17.08",
        "201608": "17.29",
        "201609": "19.17",
        "201610": "17.77",
        "201611": "15.61",
        "201612": "15.03",
        "201701": "14.75",
        "201702": "15.98",
        "201703": "15.50",
        "201704": "14.66",
        "201705": "14.58",
        "201706": "17.15",
        "201707": "22.24",
        "201708": "19.47",
        "201709": "19.99",
        "201710": "18.77",
        "201711": "18.10",
        "201712": "17.53",
        "201801": "18.56",
        "201802": "21.04",
        "201803": "38.19",
        "201804": "46.39",
        "201805": "38.64",
        "201806": "36.27",
        "201807": "41.86",
        "201808": "47.39",
        "201809": "34.10",
        "201810": "22.03",
        "201811": "23.19",
        "201812": "25.12",
        "201901": "23.73",
        "201902": "25.15",
        "201903": "23.03",
        "201904": "21.70",
        "201905": "23.05",
        "201906": "22.30",
        "201907": "23.31",
        "201908": "22.92",
        "201909": "22.85",
        "201910": "25.03",
        "201911": "36.27",
        "201912": "33.67",
        "202001": "35.04",
        "202002": "30.12",
        "202003": "30.22",
        "202004": "30.61",
        "202005": "32.89",
        "202006": "45.86",
        "202007": "62.80",
        "202008": "61.07",
        "202009": "84.22",
        "202010": "96.98",
        "202011": "105.30",
        "202012": "183.50",
        "202101": "227.42",
        "202102": "292.62",
        "202103": "447.02",
        "202104": "374.05",
        "202105": "231.36",
        "202106": "373.33",
        "202107": "421.73",
        "202108": "418.95",
        "202109": "370.98",
        "202110": "371.50",
        "202111": "461.50",
        "202112": "436.98",
        "202201": "448.44",
        "202202": "439.30",
        "202203": "392.24",
        "202204": "336.53",
        "202205": "360.29",
        "202206": "401.31",
        "202207": "307.40",
        "202208": "325.37",
        "202209": "335.07",
        "202210": "187.28",
        "202211": "184.80",
        "202212": "190.77",
        "202301": "180.54",
        "202302": "195.14",
        "202303": "191.43",
        "202304": "178.59",
        "202305": "164.61",
        "202306": "161.08",
        "202307": "135.69",
        "202308": "108.47",
        "202309": "112.82",
        "202310": "114.62",
        "202311": "191.98",
        "202312": "265.64"
    },
    "quarters": {
        "20011": {
            "year_quarter": 20011,
            "year": 2001,
            "quarter": 1,
            "eps": null,
            "eps_growth_year": null,
            "eps_4q": null,
            "eps_4q_growth_year": null,
            "roe": null,
            "roe_4q": 0,
            "gross_profit": null,
            "gross_margin": null,
            "gross_margin_4q_avg": 0,
            "net_income": null,
            "net_income_4q": null,
            "revenue": null,
            "revenue_4q": null,
            "common_shares": null,
            "book_valuer_per_share": null,
            "book_valuer_per_share_4q_avg": 0,
            "equity": null,
            "current_ratio": null,
            "debt_ratio": null,
            "inventory_turnover_ratio": null,
            "account_receivable_turnover_ratio": null,
            "reinvestment_rate": null,
            "research_to_sale_ratio": null,
            "price_fair": 0,
            "eps_avg_yearly": 0,
            "eps_latest_yearly": 0,
            "eps_growth_yearly": 0
        },
        "20012": {
            "year_quarter": 20012,
            "year": 2001,
            "quarter": 2,
            "eps": null,
            "eps_growth_year": null,
            "eps_4q": null,
            "eps_4q_growth_year": null,
            "roe": null,
            "roe_4q": 0,
            "gross_profit": null,
            "gross_margin": null,
            "gross_margin_4q_avg": 0,
            "net_income": null,
            "net_income_4q": null,
            "revenue": null,
            "revenue_4q": null,
            "common_shares": null,
            "book_valuer_per_share": null,
            "book_valuer_per_share_4q_avg": 0,
            "equity": null,
            "current_ratio": null,
            "debt_ratio": null,
            "inventory_turnover_ratio": null,
            "account_receivable_turnover_ratio": null,
            "reinvestment_rate": null,
            "research_to_sale_ratio": null,
            "price_fair": 0,
            "eps_avg_yearly": 0,
            "eps_latest_yearly": 0,
            "eps_growth_yearly": 0
        },
        "20013": {
            "year_quarter": 20013,
            "year": 2001,
            "quarter": 3,
            "eps": null,
            "eps_growth_year": null,
            "eps_4q": null,
            "eps_4q_growth_year": null,
            "roe": null,
            "roe_4q": 0,
            "gross_profit": null,
            "gross_margin": null,
            "gross_margin_4q_avg": 0,
            "net_income": null,
            "net_income_4q": null,
            "revenue": null,
            "revenue_4q": null,
            "common_shares": null,
            "book_valuer_per_share": null,
            "book_valuer_per_share_4q_avg": 0,
            "equity": null,
            "current_ratio": null,
            "debt_ratio": null,
            "inventory_turnover_ratio": null,
            "account_receivable_turnover_ratio": null,
            "reinvestment_rate": null,
            "research_to_sale_ratio": null,
            "price_fair": 0,
            "eps_avg_yearly": 0,
            "eps_latest_yearly": 0,
            "eps_growth_yearly": 0
        },
        "20014": {
            "year_quarter": 20014,
            "year": 2001,
            "quarter": 4,
            "eps": null,
            "eps_growth_year": null,
            "eps_4q": null,
            "eps_4q_growth_year": null,
            "roe": null,
            "roe_4q": 0,
            "gross_profit": null,
            "gross_margin": null,
            "gross_margin_4q_avg": 0,
            "net_income": null,
            "net_income_4q": null,
            "revenue": null,
            "revenue_4q": null,
            "common_shares": 240000,
            "book_valuer_per_share": 18.71,
            "book_valuer_per_share_4q_avg": 4.68,
            "equity": 448921,
            "current_ratio": 717.57,
            "debt_ratio": 9.08,
            "inventory_turnover_ratio": null,
            "account_receivable_turnover_ratio": null,
            "reinvestment_rate": null,
            "research_to_sale_ratio": null,
            "price_fair": 0,
            "eps_avg_yearly": 0,
            "eps_latest_yearly": 0,
            "eps_growth_yearly": 0
        },
        "20021": {
            "year_quarter": 20021,
            "year": 2002,
            "quarter": 1,
            "eps": null,
            "eps_growth_year": null,
            "eps_4q": null,
            "eps_4q_growth_year": null,
            "roe": null,
            "roe_4q": 0,
            "gross_profit": null,
            "gross_margin": null,
            "gross_margin_4q_avg": 0,
            "net_income": null,
            "net_income_4q": null,
            "revenue": null,
            "revenue_4q": null,
            "common_shares": null,
            "book_valuer_per_share": null,
            "book_valuer_per_share_4q_avg": 4.68,
            "equity": null,
            "current_ratio": null,
            "debt_ratio": null,
            "inventory_turnover_ratio": null,
            "account_receivable_turnover_ratio": null,
            "reinvestment_rate": null,
            "research_to_sale_ratio": null,
            "price_fair": 0,
            "eps_avg_yearly": 0,
            "eps_latest_yearly": 0,
            "eps_growth_yearly": 0
        },
        "20022": {
            "year_quarter": 20022,
            "year": 2002,
            "quarter": 2,
            "eps": null,
            "eps_growth_year": null,
            "eps_4q": null,
            "eps_4q_growth_year": null,
            "roe": null,
            "roe_4q": 0,
            "gross_profit": null,
            "gross_margin": null,
            "gross_margin_4q_avg": 0,
            "net_income": null,
            "net_income_4q": null,
            "revenue": null,
            "revenue_4q": null,
            "common_shares": null,
            "book_valuer_per_share": null,
            "book_valuer_per_share_4q_avg": 4.68,
            "equity": null,
            "current_ratio": null,
            "debt_ratio": null,
            "inventory_turnover_ratio": null,
            "account_receivable_turnover_ratio": null,
            "reinvestment_rate": null,
            "research_to_sale_ratio": null,
            "price_fair": 0,
            "eps_avg_yearly": 0,
            "eps_latest_yearly": 0,
            "eps_growth_yearly": 0
        },
        "20023": {
            "year_quarter": 20023,
            "year": 2002,
            "quarter": 3,
            "eps": null,
            "eps_growth_year": null,
            "eps_4q": null,
            "eps_4q_growth_year": null,
            "roe": null,
            "roe_4q": 0,
            "gross_profit": null,
            "gross_margin": null,
            "gross_margin_4q_avg": 0,
            "net_income": null,
            "net_income_4q": null,
            "revenue": null,
            "revenue_4q": null,
            "common_shares": null,
            "book_valuer_per_share": null,
            "book_valuer_per_share_4q_avg": 4.68,
            "equity": null,
            "current_ratio": null,
            "debt_ratio": null,
            "inventory_turnover_ratio": null,
            "account_receivable_turnover_ratio": null,
            "reinvestment_rate": null,
            "research_to_sale_ratio": null,
            "price_fair": 0,
            "eps_avg_yearly": 0,
            "eps_latest_yearly": 0,
            "eps_growth_yearly": 0
        },
        "20024": {
            "year_quarter": 20024,
            "year": 2002,
            "quarter": 4,
            "eps": null,
            "eps_growth_year": null,
            "eps_4q": null,
            "eps_4q_growth_year": null,
            "roe": null,
            "roe_4q": 0,
            "gross_profit": null,
            "gross_margin": null,
            "gross_margin_4q_avg": 0,
            "net_income": null,
            "net_income_4q": null,
            "revenue": null,
            "revenue_4q": null,
            "common_shares": 300000,
            "book_valuer_per_share": 15.31,
            "book_valuer_per_share_4q_avg": 3.83,
            "equity": 459331,
            "current_ratio": 403.85,
            "debt_ratio": 15.73,
            "inventory_turnover_ratio": null,
            "account_receivable_turnover_ratio": null,
            "reinvestment_rate": null,
            "research_to_sale_ratio": null,
            "price_fair": 0,
            "eps_avg_yearly": 0,
            "eps_latest_yearly": 0,
            "eps_growth_yearly": 0
        },
        "20031": {
            "year_quarter": 20031,
            "year": 2003,
            "quarter": 1,
            "eps": null,
            "eps_growth_year": null,
            "eps_4q": null,
            "eps_4q_growth_year": null,
            "roe": null,
            "roe_4q": 0,
            "gross_profit": null,
            "gross_margin": null,
            "gross_margin_4q_avg": 0,
            "net_income": null,
            "net_income_4q": null,
            "revenue": null,
            "revenue_4q": null,
            "common_shares": null,
            "book_valuer_per_share": null,
            "book_valuer_per_share_4q_avg": 3.83,
            "equity": null,
            "current_ratio": null,
            "debt_ratio": null,
            "inventory_turnover_ratio": null,
            "account_receivable_turnover_ratio": null,
            "reinvestment_rate": null,
            "research_to_sale_ratio": null,
            "price_fair": 0,
            "eps_avg_yearly": 0,
            "eps_latest_yearly": 0,
            "eps_growth_yearly": 0
        },
        "20032": {
            "year_quarter": 20032,
            "year": 2003,
            "quarter": 2,
            "eps": null,
            "eps_growth_year": null,
            "eps_4q": null,
            "eps_4q_growth_year": null,
            "roe": null,
            "roe_4q": 0,
            "gross_profit": null,
            "gross_margin": null,
            "gross_margin_4q_avg": 0,
            "net_income": null,
            "net_income_4q": null,
            "revenue": null,
            "revenue_4q": null,
            "common_shares": null,
            "book_valuer_per_share": null,
            "book_valuer_per_share_4q_avg": 3.83,
            "equity": null,
            "current_ratio": null,
            "debt_ratio": null,
            "inventory_turnover_ratio": null,
            "account_receivable_turnover_ratio": null,
            "reinvestment_rate": null,
            "research_to_sale_ratio": null,
            "price_fair": 0,
            "eps_avg_yearly": 0,
            "eps_latest_yearly": 0,
            "eps_growth_yearly": 0
        },
        "20033": {
            "year_quarter": 20033,
            "year": 2003,
            "quarter": 3,
            "eps": null,
            "eps_growth_year": null,
            "eps_4q": null,
            "eps_4q_growth_year": null,
            "roe": null,
            "roe_4q": 0,
            "gross_profit": null,
            "gross_margin": null,
            "gross_margin_4q_avg": 0,
            "net_income": null,
            "net_income_4q": null,
            "revenue": null,
            "revenue_4q": null,
            "common_shares": null,
            "book_valuer_per_share": null,
            "book_valuer_per_share_4q_avg": 3.83,
            "equity": null,
            "current_ratio": null,
            "debt_ratio": null,
            "inventory_turnover_ratio": null,
            "account_receivable_turnover_ratio": null,
            "reinvestment_rate": null,
            "research_to_sale_ratio": null,
            "price_fair": 0,
            "eps_avg_yearly": 0,
            "eps_latest_yearly": 0,
            "eps_growth_yearly": 0
        },
        "20034": {
            "year_quarter": 20034,
            "year": 2003,
            "quarter": 4,
            "eps": null,
            "eps_growth_year": null,
            "eps_4q": null,
            "eps_4q_growth_year": null,
            "roe": null,
            "roe_4q": 0,
            "gross_profit": null,
            "gross_margin": null,
            "gross_margin_4q_avg": 0,
            "net_income": null,
            "net_income_4q": null,
            "revenue": null,
            "revenue_4q": null,
            "common_shares": 300000,
            "book_valuer_per_share": 17.19,
            "book_valuer_per_share_4q_avg": 4.3,
            "equity": 515830,
            "current_ratio": 415.38,
            "debt_ratio": 14.84,
            "inventory_turnover_ratio": null,
            "account_receivable_turnover_ratio": null,
            "reinvestment_rate": null,
            "research_to_sale_ratio": null,
            "price_fair": 0,
            "eps_avg_yearly": 0,
            "eps_latest_yearly": 0,
            "eps_growth_yearly": 0
        },
        "20041": {
            "year_quarter": 20041,
            "year": 2004,
            "quarter": 1,
            "eps": 0.56,
            "eps_growth_year": null,
            "eps_4q": null,
            "eps_4q_growth_year": null,
            "roe": 3.66,
            "roe_4q": 3.66,
            "gross_profit": 54495,
            "gross_margin": 53.91,
            "gross_margin_4q_avg": 13.48,
            "net_income": 19206,
            "net_income_4q": null,
            "revenue": 101090,
            "revenue_4q": null,
            "common_shares": 300000,
            "book_valuer_per_share": 17.83,
            "book_valuer_per_share_4q_avg": 8.76,
            "equity": 535036,
            "current_ratio": 523.45,
            "debt_ratio": 12,
            "inventory_turnover_ratio": 0.67,
            "account_receivable_turnover_ratio": null,
            "reinvestment_rate": null,
            "research_to_sale_ratio": null,
            "price_fair": 0,
            "eps_avg_yearly": 0,
            "eps_latest_yearly": 0,
            "eps_growth_yearly": 0
        },
        "20042": {
            "year_quarter": 20042,
            "year": 2004,
            "quarter": 2,
            "eps": 0.72,
            "eps_growth_year": null,
            "eps_4q": null,
            "eps_4q_growth_year": null,
            "roe": 4.59,
            "roe_4q": 8.25,
            "gross_profit": 57834,
            "gross_margin": 47.75,
            "gross_margin_4q_avg": 25.42,
            "net_income": 24731,
            "net_income_4q": null,
            "revenue": 121118,
            "revenue_4q": null,
            "common_shares": 300000,
            "book_valuer_per_share": 18.06,
            "book_valuer_per_share_4q_avg": 13.27,
            "equity": 541767,
            "current_ratio": 419.19,
            "debt_ratio": 14.78,
            "inventory_turnover_ratio": 0.67,
            "account_receivable_turnover_ratio": null,
            "reinvestment_rate": null,
            "research_to_sale_ratio": null,
            "price_fair": 100.8,
            "eps_avg_yearly": 2.88,
            "eps_latest_yearly": 2.88,
            "eps_growth_yearly": 114.29
        },
        "20043": {
            "year_quarter": 20043,
            "year": 2004,
            "quarter": 3,
            "eps": 0.13,
            "eps_growth_year": null,
            "eps_4q": null,
            "eps_4q_growth_year": null,
            "roe": 0.93,
            "roe_4q": 9.18,
            "gross_profit": 44710,
            "gross_margin": 55.94,
            "gross_margin_4q_avg": 39.4,
            "net_income": 5069,
            "net_income_4q": null,
            "revenue": 79923,
            "revenue_4q": null,
            "common_shares": 342000,
            "book_valuer_per_share": 15.99,
            "book_valuer_per_share_4q_avg": 17.27,
            "equity": 546836,
            "current_ratio": 665.91,
            "debt_ratio": 9.04,
            "inventory_turnover_ratio": 0.3,
            "account_receivable_turnover_ratio": null,
            "reinvestment_rate": null,
            "research_to_sale_ratio": null,
            "price_fair": 5.1,
            "eps_avg_yearly": 1.7,
            "eps_latest_yearly": 0.52,
            "eps_growth_yearly": -106.75
        },
        "20044": {
            "year_quarter": 20044,
            "year": 2004,
            "quarter": 4,
            "eps": 0.55,
            "eps_growth_year": null,
            "eps_4q": 1.97,
            "eps_4q_growth_year": null,
            "roe": 3.4,
            "roe_4q": 12.58,
            "gross_profit": 56147,
            "gross_margin": 53.44,
            "gross_margin_4q_avg": 52.76,
            "net_income": 18940,
            "net_income_4q": null,
            "revenue": 105073,
            "revenue_4q": null,
            "common_shares": 342000,
            "book_valuer_per_share": 16.54,
            "book_valuer_per_share_4q_avg": 17.11,
            "equity": 565776,
            "current_ratio": 708.37,
            "debt_ratio": 8.47,
            "inventory_turnover_ratio": 0.44,
            "account_receivable_turnover_ratio": null,
            "reinvestment_rate": null,
            "research_to_sale_ratio": null,
            "price_fair": 65.33,
            "eps_avg_yearly": 1.87,
            "eps_latest_yearly": 2.2,
            "eps_growth_yearly": 359.61
        },
        "20051": {
            "year_quarter": 20051,
            "year": 2005,
            "quarter": 1,
            "eps": -0.31,
            "eps_growth_year": -155.36,
            "eps_4q": 1.03,
            "eps_4q_growth_year": null,
            "roe": -1.88,
            "roe_4q": 7.04,
            "gross_profit": 31132,
            "gross_margin": 37.54,
            "gross_margin_4q_avg": 48.67,
            "net_income": -11235,
            "net_income_4q": null,
            "revenue": 82930,
            "revenue_4q": null,
            "common_shares": 381000,
            "book_valuer_per_share": 16.45,
            "book_valuer_per_share_4q_avg": 16.76,
            "equity": 626641,
            "current_ratio": 706.5,
            "debt_ratio": 8.86,
            "inventory_turnover_ratio": 0.55,
            "account_receivable_turnover_ratio": null,
            "reinvestment_rate": null,
            "research_to_sale_ratio": null,
            "price_fair": 65.33,
            "eps_avg_yearly": 1.87,
            "eps_latest_yearly": 2.2,
            "eps_growth_yearly": 359.61
        },
        "20052": {
            "year_quarter": 20052,
            "year": 2005,
            "quarter": 2,
            "eps": -0.02,
            "eps_growth_year": -102.78,
            "eps_4q": 0.31,
            "eps_4q_growth_year": null,
            "roe": -0.13,
            "roe_4q": 2.3200000000000003,
            "gross_profit": 43125,
            "gross_margin": 33.44,
            "gross_margin_4q_avg": 45.09,
            "net_income": -825,
            "net_income_4q": null,
            "revenue": 128948,
            "revenue_4q": null,
            "common_shares": 385700,
            "book_valuer_per_share": 15.75,
            "book_valuer_per_share_4q_avg": 16.18,
            "equity": 607513,
            "current_ratio": 390,
            "debt_ratio": 15.69,
            "inventory_turnover_ratio": 1.06,
            "account_receivable_turnover_ratio": null,
            "reinvestment_rate": null,
            "research_to_sale_ratio": null,
            "price_fair": 65.33,
            "eps_avg_yearly": 1.87,
            "eps_latest_yearly": 2.2,
            "eps_growth_yearly": 359.61
        },
        "20053": {
            "year_quarter": 20053,
            "year": 2005,
            "quarter": 3,
            "eps": 0.38,
            "eps_growth_year": 192.31,
            "eps_4q": 0.54,
            "eps_4q_growth_year": null,
            "roe": 2.58,
            "roe_4q": 3.97,
            "gross_profit": 59842,
            "gross_margin": 45.6,
            "gross_margin_4q_avg": 42.51,
            "net_income": 15870,
            "net_income_4q": null,
            "revenue": 131232,
            "revenue_4q": null,
            "common_shares": 421830,
            "book_valuer_per_share": 14.82,
            "book_valuer_per_share_4q_avg": 15.89,
            "equity": 625111,
            "current_ratio": 404.83,
            "debt_ratio": 15.41,
            "inventory_turnover_ratio": 1,
            "account_receivable_turnover_ratio": null,
            "reinvestment_rate": null,
            "research_to_sale_ratio": null,
            "price_fair": 65.33,
            "eps_avg_yearly": 1.87,
            "eps_latest_yearly": 2.2,
            "eps_growth_yearly": 359.61
        },
        "20054": {
            "year_quarter": 20054,
            "year": 2005,
            "quarter": 4,
            "eps": -0.03,
            "eps_growth_year": -105.45,
            "eps_4q": 0.07,
            "eps_4q_growth_year": -96.45,
            "roe": -0.17,
            "roe_4q": 0.40000000000000036,
            "gross_profit": 53417,
            "gross_margin": 42.77,
            "gross_margin_4q_avg": 39.84,
            "net_income": -1076,
            "net_income_4q": null,
            "revenue": 124907,
            "revenue_4q": null,
            "common_shares": 421830,
            "book_valuer_per_share": 14.79,
            "book_valuer_per_share_4q_avg": 15.45,
            "equity": 624034,
            "current_ratio": 467.04,
            "debt_ratio": 13.23,
            "inventory_turnover_ratio": 0.92,
            "account_receivable_turnover_ratio": null,
            "reinvestment_rate": null,
            "research_to_sale_ratio": null,
            "price_fair": 65.33,
            "eps_avg_yearly": 1.87,
            "eps_latest_yearly": 2.2,
            "eps_growth_yearly": 359.61
        },
        "20061": {
            "year_quarter": 20061,
            "year": 2006,
            "quarter": 1,
            "eps": 0.46,
            "eps_growth_year": null,
            "eps_4q": 0.79,
            "eps_4q_growth_year": -23.78,
            "roe": 3.08,
            "roe_4q": 5.36,
            "gross_profit": 73752,
            "gross_margin": 39.35,
            "gross_margin_4q_avg": 40.29,
            "net_income": 19547,
            "net_income_4q": null,
            "revenue": 187415,
            "revenue_4q": null,
            "common_shares": 423820,
            "book_valuer_per_share": 15.24,
            "book_valuer_per_share_4q_avg": 15.15,
            "equity": 645950,
            "current_ratio": 322.51,
            "debt_ratio": 20.33,
            "inventory_turnover_ratio": 1.1,
            "account_receivable_turnover_ratio": null,
            "reinvestment_rate": null,
            "research_to_sale_ratio": null,
            "price_fair": 65.33,
            "eps_avg_yearly": 1.87,
            "eps_latest_yearly": 2.2,
            "eps_growth_yearly": 359.61
        },
        "20062": {
            "year_quarter": 20062,
            "year": 2006,
            "quarter": 2,
            "eps": 0.71,
            "eps_growth_year": null,
            "eps_4q": 1.52,
            "eps_4q_growth_year": 391.23,
            "roe": 4.54,
            "roe_4q": 10.030000000000001,
            "gross_profit": 88205,
            "gross_margin": 41.39,
            "gross_margin_4q_avg": 42.28,
            "net_income": 30034,
            "net_income_4q": null,
            "revenue": 213089,
            "revenue_4q": null,
            "common_shares": 425160,
            "book_valuer_per_share": 15.94,
            "book_valuer_per_share_4q_avg": 15.2,
            "equity": 677578,
            "current_ratio": 445.87,
            "debt_ratio": 14.46,
            "inventory_turnover_ratio": 1.07,
            "account_receivable_turnover_ratio": null,
            "reinvestment_rate": null,
            "research_to_sale_ratio": null,
            "price_fair": 73.85,
            "eps_avg_yearly": 2.11,
            "eps_latest_yearly": 2.84,
            "eps_growth_yearly": 324.05
        },
        "20063": {
            "year_quarter": 20063,
            "year": 2006,
            "quarter": 3,
            "eps": 0.26,
            "eps_growth_year": -31.58,
            "eps_4q": 1.41,
            "eps_4q_growth_year": 158,
            "roe": 1.61,
            "roe_4q": 9.06,
            "gross_profit": 67080,
            "gross_margin": 35.9,
            "gross_margin_4q_avg": 39.85,
            "net_income": 11010,
            "net_income_4q": null,
            "revenue": 186857,
            "revenue_4q": null,
            "common_shares": 427620,
            "book_valuer_per_share": 16.17,
            "book_valuer_per_share_4q_avg": 15.54,
            "equity": 691515,
            "current_ratio": 382.85,
            "debt_ratio": 17.07,
            "inventory_turnover_ratio": 1,
            "account_receivable_turnover_ratio": null,
            "reinvestment_rate": null,
            "research_to_sale_ratio": null,
            "price_fair": 66.36,
            "eps_avg_yearly": 1.9,
            "eps_latest_yearly": 1.04,
            "eps_growth_yearly": 208.54
        },
        "20064": {
            "year_quarter": 20064,
            "year": 2006,
            "quarter": 4,
            "eps": 0.52,
            "eps_growth_year": null,
            "eps_4q": 1.93,
            "eps_4q_growth_year": 2659.73,
            "roe": 3.17,
            "roe_4q": 12.4,
            "gross_profit": 79290,
            "gross_margin": 39.02,
            "gross_margin_4q_avg": 38.92,
            "net_income": 22317,
            "net_income_4q": null,
            "revenue": 203222,
            "revenue_4q": null,
            "common_shares": 429000,
            "book_valuer_per_share": 16.68,
            "book_valuer_per_share_4q_avg": 16.01,
            "equity": 715474,
            "current_ratio": 479.26,
            "debt_ratio": 13.51,
            "inventory_turnover_ratio": 1.18,
            "account_receivable_turnover_ratio": null,
            "reinvestment_rate": null,
            "research_to_sale_ratio": null,
            "price_fair": 67.43,
            "eps_avg_yearly": 1.93,
            "eps_latest_yearly": 2.08,
            "eps_growth_yearly": 240.45
        },
        "20071": {
            "year_quarter": 20071,
            "year": 2007,
            "quarter": 1,
            "eps": 0.78,
            "eps_growth_year": 69.57,
            "eps_4q": 2.24,
            "eps_4q_growth_year": 184.6,
            "roe": 4.6,
            "roe_4q": 13.919999999999998,
            "gross_profit": 91885,
            "gross_margin": 46.18,
            "gross_margin_4q_avg": 40.62,
            "net_income": 33741,
            "net_income_4q": null,
            "revenue": 198964,
            "revenue_4q": null,
            "common_shares": 431990,
            "book_valuer_per_share": 17.43,
            "book_valuer_per_share_4q_avg": 16.56,
            "equity": 752773,
            "current_ratio": 482.86,
            "debt_ratio": 13.59,
            "inventory_turnover_ratio": 1.26,
            "account_receivable_turnover_ratio": null,
            "reinvestment_rate": null,
            "research_to_sale_ratio": null,
            "price_fair": 73.4,
            "eps_avg_yearly": 2.1,
            "eps_latest_yearly": 3.12,
            "eps_growth_yearly": 234.67
        },
        "20072": {
            "year_quarter": 20072,
            "year": 2007,
            "quarter": 2,
            "eps": 1.13,
            "eps_growth_year": 59.15,
            "eps_4q": 2.68,
            "eps_4q_growth_year": 76.14,
            "roe": 6.42,
            "roe_4q": 15.799999999999999,
            "gross_profit": 115427,
            "gross_margin": 39.25,
            "gross_margin_4q_avg": 40.09,
            "net_income": 48879,
            "net_income_4q": null,
            "revenue": 294060,
            "revenue_4q": null,
            "common_shares": 435830,
            "book_valuer_per_share": 17.66,
            "book_valuer_per_share_4q_avg": 16.99,
            "equity": 769513,
            "current_ratio": 316.2,
            "debt_ratio": 21.85,
            "inventory_turnover_ratio": 1.9,
            "account_receivable_turnover_ratio": null,
            "reinvestment_rate": null,
            "research_to_sale_ratio": null,
            "price_fair": 84,
            "eps_avg_yearly": 2.4,
            "eps_latest_yearly": 4.52,
            "eps_growth_yearly": 227.77
        },
        "20073": {
            "year_quarter": 20073,
            "year": 2007,
            "quarter": 3,
            "eps": 1.07,
            "eps_growth_year": 311.54,
            "eps_4q": 3.27,
            "eps_4q_growth_year": 132.82,
            "roe": 6.41,
            "roe_4q": 20.6,
            "gross_profit": 115919,
            "gross_margin": 47.1,
            "gross_margin_4q_avg": 42.89,
            "net_income": 50989,
            "net_income_4q": null,
            "revenue": 246097,
            "revenue_4q": null,
            "common_shares": 481507,
            "book_valuer_per_share": 17.06,
            "book_valuer_per_share_4q_avg": 17.21,
            "equity": 821405,
            "current_ratio": 403.93,
            "debt_ratio": 16.71,
            "inventory_turnover_ratio": 1.19,
            "account_receivable_turnover_ratio": null,
            "reinvestment_rate": null,
            "research_to_sale_ratio": null,
            "price_fair": 91.31,
            "eps_avg_yearly": 2.61,
            "eps_latest_yearly": 4.28,
            "eps_growth_yearly": 200.1
        },
        "20074": {
            "year_quarter": 20074,
            "year": 2007,
            "quarter": 4,
            "eps": 0.26,
            "eps_growth_year": -50,
            "eps_4q": 3.06,
            "eps_4q_growth_year": 58.23,
            "roe": 1.5,
            "roe_4q": 18.93,
            "gross_profit": 87316,
            "gross_margin": 53.88,
            "gross_margin_4q_avg": 46.6,
            "net_income": 12421,
            "net_income_4q": null,
            "revenue": 162054,
            "revenue_4q": null,
            "common_shares": 483667,
            "book_valuer_per_share": 17.29,
            "book_valuer_per_share_4q_avg": 17.36,
            "equity": 836029,
            "current_ratio": 740.34,
            "debt_ratio": 8.87,
            "inventory_turnover_ratio": 0.66,
            "account_receivable_turnover_ratio": null,
            "reinvestment_rate": -0.75,
            "research_to_sale_ratio": null,
            "price_fair": 85.82,
            "eps_avg_yearly": 2.45,
            "eps_latest_yearly": 1.04,
            "eps_growth_yearly": 149.81
        },
        "20081": {
            "year_quarter": 20081,
            "year": 2008,
            "quarter": 1,
            "eps": -0.21,
            "eps_growth_year": -126.92,
            "eps_4q": 2.1,
            "eps_4q_growth_year": -6.48,
            "roe": -1.23,
            "roe_4q": 13.1,
            "gross_profit": 57061,
            "gross_margin": 46.28,
            "gross_margin_4q_avg": 46.63,
            "net_income": -10211,
            "net_income_4q": null,
            "revenue": 123296,
            "revenue_4q": null,
            "common_shares": 484267,
            "book_valuer_per_share": 17.07,
            "book_valuer_per_share_4q_avg": 17.27,
            "equity": 826430,
            "current_ratio": 856.2,
            "debt_ratio": 7.53,
            "inventory_turnover_ratio": 0.74,
            "account_receivable_turnover_ratio": null,
            "reinvestment_rate": 1.77,
            "research_to_sale_ratio": null,
            "price_fair": 85.82,
            "eps_avg_yearly": 2.45,
            "eps_latest_yearly": 1.04,
            "eps_growth_yearly": 149.81
        },
        "20082": {
            "year_quarter": 20082,
            "year": 2008,
            "quarter": 2,
            "eps": 0.36,
            "eps_growth_year": -68.14,
            "eps_4q": 1.45,
            "eps_4q_growth_year": -45.75,
            "roe": 2.16,
            "roe_4q": 8.84,
            "gross_profit": 84072,
            "gross_margin": 52.15,
            "gross_margin_4q_avg": 49.85,
            "net_income": 17502,
            "net_income_4q": null,
            "revenue": 161211,
            "revenue_4q": null,
            "common_shares": 486367,
            "book_valuer_per_share": 16.31,
            "book_valuer_per_share_4q_avg": 16.93,
            "equity": 793333,
            "current_ratio": 451.16,
            "debt_ratio": 14.28,
            "inventory_turnover_ratio": 1.1,
            "account_receivable_turnover_ratio": null,
            "reinvestment_rate": 1.2,
            "research_to_sale_ratio": null,
            "price_fair": 84.16,
            "eps_avg_yearly": 2.4,
            "eps_latest_yearly": 1.04,
            "eps_growth_yearly": 153.76
        },
        "20083": {
            "year_quarter": 20083,
            "year": 2008,
            "quarter": 3,
            "eps": 0.15,
            "eps_growth_year": -85.98,
            "eps_4q": 0.5,
            "eps_4q_growth_year": -84.6,
            "roe": 1.05,
            "roe_4q": 3.48,
            "gross_profit": 74654,
            "gross_margin": 51.05,
            "gross_margin_4q_avg": 50.84,
            "net_income": 8352,
            "net_income_4q": null,
            "revenue": 146226,
            "revenue_4q": null,
            "common_shares": 566077,
            "book_valuer_per_share": 14.19,
            "book_valuer_per_share_4q_avg": 16.22,
            "equity": 803490,
            "current_ratio": 422.38,
            "debt_ratio": 15.43,
            "inventory_turnover_ratio": 0.86,
            "account_receivable_turnover_ratio": null,
            "reinvestment_rate": 4.55,
            "research_to_sale_ratio": null,
            "price_fair": 84.47,
            "eps_avg_yearly": 2.41,
            "eps_latest_yearly": 0.6,
            "eps_growth_yearly": 164.25
        },
        "20084": {
            "year_quarter": 20084,
            "year": 2008,
            "quarter": 4,
            "eps": -0.26,
            "eps_growth_year": -200,
            "eps_4q": 0.01,
            "eps_4q_growth_year": -99.67,
            "roe": -1.86,
            "roe_4q": 0.1200000000000001,
            "gross_profit": 51983,
            "gross_margin": 55.06,
            "gross_margin_4q_avg": 51.14,
            "net_income": -14848,
            "net_income_4q": null,
            "revenue": 94408,
            "revenue_4q": null,
            "common_shares": 567427,
            "book_valuer_per_share": 13.93,
            "book_valuer_per_share_4q_avg": 15.38,
            "equity": 790405,
            "current_ratio": 950.46,
            "debt_ratio": 6.35,
            "inventory_turnover_ratio": 0.44,
            "account_receivable_turnover_ratio": null,
            "reinvestment_rate": 8.85,
            "research_to_sale_ratio": null,
            "price_fair": 81.12,
            "eps_avg_yearly": 2.44,
            "eps_latest_yearly": 0.6,
            "eps_growth_yearly": 23.25
        },
        "20091": {
            "year_quarter": 20091,
            "year": 2009,
            "quarter": 1,
            "eps": -0.76,
            "eps_growth_year": null,
            "eps_4q": -0.57,
            "eps_4q_growth_year": -126.96,
            "roe": -5.61,
            "roe_4q": -4.260000000000001,
            "gross_profit": 21664,
            "gross_margin": 36.68,
            "gross_margin_4q_avg": 48.74,
            "net_income": -43119,
            "net_income_4q": null,
            "revenue": 59067,
            "revenue_4q": null,
            "common_shares": 567487,
            "book_valuer_per_share": 13.17,
            "book_valuer_per_share_4q_avg": 14.4,
            "equity": 747592,
            "current_ratio": 1082.45,
            "debt_ratio": 5.22,
            "inventory_turnover_ratio": 0.4,
            "account_receivable_turnover_ratio": null,
            "reinvestment_rate": 14.07,
            "research_to_sale_ratio": null,
            "price_fair": 81.12,
            "eps_avg_yearly": 2.44,
            "eps_latest_yearly": 0.6,
            "eps_growth_yearly": 23.25
        },
        "20092": {
            "year_quarter": 20092,
            "year": 2009,
            "quarter": 2,
            "eps": -0.13,
            "eps_growth_year": -136.11,
            "eps_4q": -1,
            "eps_4q_growth_year": -168.85,
            "roe": -0.97,
            "roe_4q": -7.39,
            "gross_profit": 64857,
            "gross_margin": 60.24,
            "gross_margin_4q_avg": 50.76,
            "net_income": -7222,
            "net_income_4q": null,
            "revenue": 107656,
            "revenue_4q": null,
            "common_shares": 567687,
            "book_valuer_per_share": 13.06,
            "book_valuer_per_share_4q_avg": 13.59,
            "equity": 741395,
            "current_ratio": 891.33,
            "debt_ratio": 6.42,
            "inventory_turnover_ratio": 0.45,
            "account_receivable_turnover_ratio": 1.82,
            "reinvestment_rate": 15.23,
            "research_to_sale_ratio": null,
            "price_fair": 81.12,
            "eps_avg_yearly": 2.44,
            "eps_latest_yearly": 0.6,
            "eps_growth_yearly": 23.25
        },
        "20093": {
            "year_quarter": 20093,
            "year": 2009,
            "quarter": 3,
            "eps": 0.16,
            "eps_growth_year": 6.67,
            "eps_4q": -0.98,
            "eps_4q_growth_year": -294.67,
            "roe": 1.23,
            "roe_4q": -7.210000000000001,
            "gross_profit": 91455,
            "gross_margin": 60.39,
            "gross_margin_4q_avg": 53.09,
            "net_income": 9140,
            "net_income_4q": null,
            "revenue": 151439,
            "revenue_4q": null,
            "common_shares": 567722,
            "book_valuer_per_share": 13.22,
            "book_valuer_per_share_4q_avg": 13.35,
            "equity": 750713,
            "current_ratio": 650.22,
            "debt_ratio": 9.28,
            "inventory_turnover_ratio": 0.55,
            "account_receivable_turnover_ratio": 1.04,
            "reinvestment_rate": 11.45,
            "research_to_sale_ratio": null,
            "price_fair": 81.12,
            "eps_avg_yearly": 2.44,
            "eps_latest_yearly": 0.6,
            "eps_growth_yearly": 23.25
        },
        "20094": {
            "year_quarter": 20094,
            "year": 2009,
            "quarter": 4,
            "eps": -1.21,
            "eps_growth_year": null,
            "eps_4q": -1.93,
            "eps_4q_growth_year": -19400,
            "roe": -9.57,
            "roe_4q": -14.920000000000002,
            "gross_profit": 46526,
            "gross_margin": 47.1,
            "gross_margin_4q_avg": 51.1,
            "net_income": -68590,
            "net_income_4q": null,
            "revenue": 98774,
            "revenue_4q": null,
            "common_shares": 567722,
            "book_valuer_per_share": 12.02,
            "book_valuer_per_share_4q_avg": 12.87,
            "equity": 682124,
            "current_ratio": 862.27,
            "debt_ratio": 7.04,
            "inventory_turnover_ratio": 0.45,
            "account_receivable_turnover_ratio": 0.61,
            "reinvestment_rate": 9.87,
            "research_to_sale_ratio": null,
            "price_fair": 81.12,
            "eps_avg_yearly": 2.44,
            "eps_latest_yearly": 0.6,
            "eps_growth_yearly": 23.25
        },
        "20101": {
            "year_quarter": 20101,
            "year": 2010,
            "quarter": 1,
            "eps": null,
            "eps_growth_year": null,
            "eps_4q": null,
            "eps_4q_growth_year": null,
            "roe": null,
            "roe_4q": -9.31,
            "gross_profit": 39071,
            "gross_margin": null,
            "gross_margin_4q_avg": 41.93,
            "net_income": -28796,
            "net_income_4q": null,
            "revenue": 63503,
            "revenue_4q": null,
            "common_shares": 567722,
            "book_valuer_per_share": 11.51,
            "book_valuer_per_share_4q_avg": 12.45,
            "equity": 653328,
            "current_ratio": 1092.45,
            "debt_ratio": 5.28,
            "inventory_turnover_ratio": null,
            "account_receivable_turnover_ratio": null,
            "reinvestment_rate": null,
            "research_to_sale_ratio": null,
            "price_fair": 81.12,
            "eps_avg_yearly": 2.44,
            "eps_latest_yearly": 0.6,
            "eps_growth_yearly": 23.25
        },
        "20102": {
            "year_quarter": 20102,
            "year": 2010,
            "quarter": 2,
            "eps": -0.05,
            "eps_growth_year": null,
            "eps_4q": -1.05,
            "eps_4q_growth_year": null,
            "roe": -0.39,
            "roe_4q": -8.73,
            "gross_profit": 71017,
            "gross_margin": 55.92,
            "gross_margin_4q_avg": 40.85,
            "net_income": -2697,
            "net_income_4q": null,
            "revenue": 127005,
            "revenue_4q": null,
            "common_shares": 589237,
            "book_valuer_per_share": 12.46,
            "book_valuer_per_share_4q_avg": 12.3,
            "equity": 734081,
            "current_ratio": 798.92,
            "debt_ratio": 7.28,
            "inventory_turnover_ratio": 0.49,
            "account_receivable_turnover_ratio": 1.87,
            "reinvestment_rate": 103.47,
            "research_to_sale_ratio": null,
            "price_fair": 7.15,
            "eps_avg_yearly": 2.38,
            "eps_latest_yearly": 0.6,
            "eps_growth_yearly": -4.49
        },
        "20103": {
            "year_quarter": 20103,
            "year": 2010,
            "quarter": 3,
            "eps": -0.5,
            "eps_growth_year": -412.97,
            "eps_4q": -1.71,
            "eps_4q_growth_year": null,
            "roe": -4.08,
            "roe_4q": -14.04,
            "gross_profit": 55389,
            "gross_margin": 56.31,
            "gross_margin_4q_avg": 39.83,
            "net_income": -29595,
            "net_income_4q": null,
            "revenue": 98359,
            "revenue_4q": null,
            "common_shares": 591007,
            "book_valuer_per_share": 12.11,
            "book_valuer_per_share_4q_avg": 12.03,
            "equity": 715772,
            "current_ratio": 887.43,
            "debt_ratio": 6.67,
            "inventory_turnover_ratio": 0.37,
            "account_receivable_turnover_ratio": 0.75,
            "reinvestment_rate": null,
            "research_to_sale_ratio": 44.5,
            "price_fair": 91.23,
            "eps_avg_yearly": 2.61,
            "eps_latest_yearly": 0.6,
            "eps_growth_yearly": 37.02
        },
        "20104": {
            "year_quarter": 20104,
            "year": 2010,
            "quarter": 4,
            "eps": -0.59,
            "eps_growth_year": null,
            "eps_4q": -1.14,
            "eps_4q_growth_year": null,
            "roe": -4.98,
            "roe_4q": -9.450000000000001,
            "gross_profit": 51158,
            "gross_margin": 55.51,
            "gross_margin_4q_avg": 41.94,
            "net_income": -34832,
            "net_income_4q": null,
            "revenue": 92165,
            "revenue_4q": null,
            "common_shares": 591017,
            "book_valuer_per_share": 11.56,
            "book_valuer_per_share_4q_avg": 11.91,
            "equity": 683301,
            "current_ratio": 737.11,
            "debt_ratio": 8.22,
            "inventory_turnover_ratio": 0.34,
            "account_receivable_turnover_ratio": 0.78,
            "reinvestment_rate": null,
            "research_to_sale_ratio": 47.49,
            "price_fair": 8.14,
            "eps_avg_yearly": 2.71,
            "eps_latest_yearly": 0.6,
            "eps_growth_yearly": -35.58
        },
        "20111": {
            "year_quarter": 20111,
            "year": 2011,
            "quarter": 1,
            "eps": -0.59,
            "eps_growth_year": null,
            "eps_4q": -1.73,
            "eps_4q_growth_year": null,
            "roe": -5.26,
            "roe_4q": -14.71,
            "gross_profit": 31392,
            "gross_margin": 51.32,
            "gross_margin_4q_avg": 54.77,
            "net_income": -35052,
            "net_income_4q": null,
            "revenue": 61175,
            "revenue_4q": null,
            "common_shares": 591017,
            "book_valuer_per_share": 11.01,
            "book_valuer_per_share_4q_avg": 11.79,
            "equity": 650549,
            "current_ratio": 957.24,
            "debt_ratio": 5.61,
            "inventory_turnover_ratio": 0.23,
            "account_receivable_turnover_ratio": 0.55,
            "reinvestment_rate": null,
            "research_to_sale_ratio": 62.69,
            "price_fair": 7.83,
            "eps_avg_yearly": 2.61,
            "eps_latest_yearly": 0.6,
            "eps_growth_yearly": -94.47
        },
        "20112": {
            "year_quarter": 20112,
            "year": 2011,
            "quarter": 2,
            "eps": -0.44,
            "eps_growth_year": null,
            "eps_4q": -2.12,
            "eps_4q_growth_year": null,
            "roe": -4.06,
            "roe_4q": -18.380000000000003,
            "gross_profit": 45235,
            "gross_margin": 59.15,
            "gross_margin_4q_avg": 55.57,
            "net_income": -25978,
            "net_income_4q": null,
            "revenue": 76475,
            "revenue_4q": null,
            "common_shares": 591017,
            "book_valuer_per_share": 10.62,
            "book_valuer_per_share_4q_avg": 11.33,
            "equity": 627848,
            "current_ratio": 904.4,
            "debt_ratio": 6,
            "inventory_turnover_ratio": 0.24,
            "account_receivable_turnover_ratio": 0.67,
            "reinvestment_rate": null,
            "research_to_sale_ratio": 52.76,
            "price_fair": 5.92,
            "eps_avg_yearly": 1.97,
            "eps_latest_yearly": 0.6,
            "eps_growth_yearly": -185.79
        },
        "20113": {
            "year_quarter": 20113,
            "year": 2011,
            "quarter": 3,
            "eps": -0.5,
            "eps_growth_year": null,
            "eps_4q": -2.13,
            "eps_4q_growth_year": null,
            "roe": -4.83,
            "roe_4q": -19.130000000000003,
            "gross_profit": 48102,
            "gross_margin": 59.55,
            "gross_margin_4q_avg": 56.38,
            "net_income": -29558,
            "net_income_4q": null,
            "revenue": 80776,
            "revenue_4q": null,
            "common_shares": 591017,
            "book_valuer_per_share": 10.11,
            "book_valuer_per_share_4q_avg": 10.83,
            "equity": 595305,
            "current_ratio": 702.83,
            "debt_ratio": 7.99,
            "inventory_turnover_ratio": 0.25,
            "account_receivable_turnover_ratio": 0.77,
            "reinvestment_rate": null,
            "research_to_sale_ratio": 55.83,
            "price_fair": 2.46,
            "eps_avg_yearly": 0.82,
            "eps_latest_yearly": 0.6,
            "eps_growth_yearly": -268.07
        },
        "20114": {
            "year_quarter": 20114,
            "year": 2011,
            "quarter": 4,
            "eps": -0.41,
            "eps_growth_year": null,
            "eps_4q": -1.96,
            "eps_4q_growth_year": null,
            "roe": -4.12,
            "roe_4q": -18.269999999999996,
            "gross_profit": 43665,
            "gross_margin": 53.99,
            "gross_margin_4q_avg": 56,
            "net_income": -23856,
            "net_income_4q": null,
            "revenue": 80882,
            "revenue_4q": null,
            "common_shares": 591017,
            "book_valuer_per_share": 9.63,
            "book_valuer_per_share_4q_avg": 10.34,
            "equity": 562413,
            "current_ratio": 665.86,
            "debt_ratio": 8.46,
            "inventory_turnover_ratio": 0.28,
            "account_receivable_turnover_ratio": 0.89,
            "reinvestment_rate": null,
            "research_to_sale_ratio": 43.71,
            "price_fair": 1.8,
            "eps_avg_yearly": 0.6,
            "eps_latest_yearly": 0.6,
            "eps_growth_yearly": -233.33
        },
        "20121": {
            "year_quarter": 20121,
            "year": 2012,
            "quarter": 1,
            "eps": 0.05,
            "eps_growth_year": null,
            "eps_4q": -1.31,
            "eps_4q_growth_year": null,
            "roe": 0.51,
            "roe_4q": -12.5,
            "gross_profit": 44262,
            "gross_margin": 65.43,
            "gross_margin_4q_avg": 59.53,
            "net_income": 2806,
            "net_income_4q": null,
            "revenue": 67644,
            "revenue_4q": null,
            "common_shares": 591017,
            "book_valuer_per_share": 9.39,
            "book_valuer_per_share_4q_avg": 9.94,
            "equity": 548387,
            "current_ratio": 783.48,
            "debt_ratio": 7.03,
            "inventory_turnover_ratio": 0.18,
            "account_receivable_turnover_ratio": 0.68,
            "reinvestment_rate": null,
            "research_to_sale_ratio": 34.22,
            "price_fair": 1.8,
            "eps_avg_yearly": 0.6,
            "eps_latest_yearly": 0.6,
            "eps_growth_yearly": -233.33
        },
        "20122": {
            "year_quarter": 20122,
            "year": 2012,
            "quarter": 2,
            "eps": -0.36,
            "eps_growth_year": null,
            "eps_4q": -1.23,
            "eps_4q_growth_year": null,
            "roe": -3.9,
            "roe_4q": -12.34,
            "gross_profit": 37189,
            "gross_margin": 58.67,
            "gross_margin_4q_avg": 59.41,
            "net_income": -21023,
            "net_income_4q": null,
            "revenue": 63384,
            "revenue_4q": null,
            "common_shares": 591017,
            "book_valuer_per_share": 9.05,
            "book_valuer_per_share_4q_avg": 9.55,
            "equity": 528762,
            "current_ratio": 792.21,
            "debt_ratio": 6.94,
            "inventory_turnover_ratio": 0.21,
            "account_receivable_turnover_ratio": 0.64,
            "reinvestment_rate": null,
            "research_to_sale_ratio": 55.4,
            "price_fair": 1.8,
            "eps_avg_yearly": 0.6,
            "eps_latest_yearly": 0.6,
            "eps_growth_yearly": -233.33
        },
        "20123": {
            "year_quarter": 20123,
            "year": 2012,
            "quarter": 3,
            "eps": -0.39,
            "eps_growth_year": null,
            "eps_4q": -1.11,
            "eps_4q_growth_year": null,
            "roe": -4.38,
            "roe_4q": -11.89,
            "gross_profit": 36926,
            "gross_margin": 59.79,
            "gross_margin_4q_avg": 59.47,
            "net_income": -22682,
            "net_income_4q": null,
            "revenue": 61761,
            "revenue_4q": null,
            "common_shares": 591017,
            "book_valuer_per_share": 8.69,
            "book_valuer_per_share_4q_avg": 9.19,
            "equity": 507497,
            "current_ratio": 606.32,
            "debt_ratio": 16.39,
            "inventory_turnover_ratio": 0.2,
            "account_receivable_turnover_ratio": 0.7,
            "reinvestment_rate": null,
            "research_to_sale_ratio": 57.41,
            "price_fair": 0,
            "eps_avg_yearly": 0,
            "eps_latest_yearly": 0,
            "eps_growth_yearly": 0
        },
        "20124": {
            "year_quarter": 20124,
            "year": 2012,
            "quarter": 4,
            "eps": -0.26,
            "eps_growth_year": null,
            "eps_4q": -0.94,
            "eps_4q_growth_year": null,
            "roe": -3.02,
            "roe_4q": -10.790000000000001,
            "gross_profit": 41730,
            "gross_margin": 58.91,
            "gross_margin_4q_avg": 60.7,
            "net_income": -15478,
            "net_income_4q": null,
            "revenue": 70839,
            "revenue_4q": null,
            "common_shares": 605017,
            "book_valuer_per_share": 8.63,
            "book_valuer_per_share_4q_avg": 8.94,
            "equity": 516171,
            "current_ratio": 735.43,
            "debt_ratio": 14.49,
            "inventory_turnover_ratio": 0.23,
            "account_receivable_turnover_ratio": 0.76,
            "reinvestment_rate": null,
            "research_to_sale_ratio": 45,
            "price_fair": 0,
            "eps_avg_yearly": 0,
            "eps_latest_yearly": 0,
            "eps_growth_yearly": 0
        },
        "20131": {
            "year_quarter": 20131,
            "year": 2013,
            "quarter": 1,
            "eps": -0.16,
            "eps_growth_year": -420,
            "eps_4q": -1.15,
            "eps_4q_growth_year": null,
            "roe": -1.86,
            "roe_4q": -13.16,
            "gross_profit": 44830,
            "gross_margin": 66.12,
            "gross_margin_4q_avg": 60.87,
            "net_income": -9455,
            "net_income_4q": null,
            "revenue": 67796,
            "revenue_4q": null,
            "common_shares": 605017,
            "book_valuer_per_share": 8.35,
            "book_valuer_per_share_4q_avg": 8.68,
            "equity": 499470,
            "current_ratio": 687.51,
            "debt_ratio": 16.16,
            "inventory_turnover_ratio": 0.18,
            "account_receivable_turnover_ratio": 0.64,
            "reinvestment_rate": null,
            "research_to_sale_ratio": 50.37,
            "price_fair": 0,
            "eps_avg_yearly": 0,
            "eps_latest_yearly": 0,
            "eps_growth_yearly": 0
        },
        "20132": {
            "year_quarter": 20132,
            "year": 2013,
            "quarter": 2,
            "eps": -0.26,
            "eps_growth_year": null,
            "eps_4q": -1.05,
            "eps_4q_growth_year": null,
            "roe": -3.11,
            "roe_4q": -12.370000000000001,
            "gross_profit": 44311,
            "gross_margin": 66.62,
            "gross_margin_4q_avg": 62.86,
            "net_income": -15338,
            "net_income_4q": null,
            "revenue": 66510,
            "revenue_4q": null,
            "common_shares": 605017,
            "book_valuer_per_share": 8.12,
            "book_valuer_per_share_4q_avg": 8.45,
            "equity": 485631,
            "current_ratio": 619.16,
            "debt_ratio": 16.9,
            "inventory_turnover_ratio": 0.17,
            "account_receivable_turnover_ratio": 0.64,
            "reinvestment_rate": null,
            "research_to_sale_ratio": 53.28,
            "price_fair": 0,
            "eps_avg_yearly": 0,
            "eps_latest_yearly": 0,
            "eps_growth_yearly": 0
        },
        "20133": {
            "year_quarter": 20133,
            "year": 2013,
            "quarter": 3,
            "eps": -0.25,
            "eps_growth_year": null,
            "eps_4q": -0.92,
            "eps_4q_growth_year": null,
            "roe": -3.14,
            "roe_4q": -11.129999999999999,
            "gross_profit": 42577,
            "gross_margin": 65.86,
            "gross_margin_4q_avg": 64.38,
            "net_income": -14995,
            "net_income_4q": null,
            "revenue": 64651,
            "revenue_4q": null,
            "common_shares": 605017,
            "book_valuer_per_share": 7.85,
            "book_valuer_per_share_4q_avg": 8.24,
            "equity": 469302,
            "current_ratio": 739.09,
            "debt_ratio": 15.27,
            "inventory_turnover_ratio": 0.16,
            "account_receivable_turnover_ratio": 0.73,
            "reinvestment_rate": null,
            "research_to_sale_ratio": 54.95,
            "price_fair": 0,
            "eps_avg_yearly": 0,
            "eps_latest_yearly": 0,
            "eps_growth_yearly": 0
        },
        "20134": {
            "year_quarter": 20134,
            "year": 2013,
            "quarter": 4,
            "eps": -0.16,
            "eps_growth_year": null,
            "eps_4q": -0.83,
            "eps_4q_growth_year": null,
            "roe": -2.11,
            "roe_4q": -10.219999999999999,
            "gross_profit": 47671,
            "gross_margin": 72.42,
            "gross_margin_4q_avg": 67.76,
            "net_income": -9793,
            "net_income_4q": null,
            "revenue": 65823,
            "revenue_4q": null,
            "common_shares": 605017,
            "book_valuer_per_share": 7.68,
            "book_valuer_per_share_4q_avg": 8,
            "equity": 459206,
            "current_ratio": 694.39,
            "debt_ratio": 15.49,
            "inventory_turnover_ratio": 0.13,
            "account_receivable_turnover_ratio": 0.75,
            "reinvestment_rate": null,
            "research_to_sale_ratio": 55.18,
            "price_fair": 0,
            "eps_avg_yearly": 0,
            "eps_latest_yearly": 0,
            "eps_growth_yearly": 0
        },
        "20141": {
            "year_quarter": 20141,
            "year": 2014,
            "quarter": 1,
            "eps": -0.36,
            "eps_growth_year": null,
            "eps_4q": -1.01,
            "eps_4q_growth_year": null,
            "roe": -4.63,
            "roe_4q": -12.99,
            "gross_profit": 42766,
            "gross_margin": 66.81,
            "gross_margin_4q_avg": 67.93,
            "net_income": -21513,
            "net_income_4q": null,
            "revenue": 64016,
            "revenue_4q": null,
            "common_shares": 614317,
            "book_valuer_per_share": 7.72,
            "book_valuer_per_share_4q_avg": 7.84,
            "equity": 470308,
            "current_ratio": 680.89,
            "debt_ratio": 15.36,
            "inventory_turnover_ratio": 0.16,
            "account_receivable_turnover_ratio": 0.72,
            "reinvestment_rate": null,
            "research_to_sale_ratio": 53.43,
            "price_fair": 0,
            "eps_avg_yearly": 0,
            "eps_latest_yearly": 0,
            "eps_growth_yearly": 0
        },
        "20142": {
            "year_quarter": 20142,
            "year": 2014,
            "quarter": 2,
            "eps": -0.2,
            "eps_growth_year": null,
            "eps_4q": -0.96,
            "eps_4q_growth_year": null,
            "roe": -2.62,
            "roe_4q": -12.5,
            "gross_profit": 46894,
            "gross_margin": 64.81,
            "gross_margin_4q_avg": 67.48,
            "net_income": -12191,
            "net_income_4q": null,
            "revenue": 72359,
            "revenue_4q": null,
            "common_shares": 614317,
            "book_valuer_per_share": 7.55,
            "book_valuer_per_share_4q_avg": 7.7,
            "equity": 459794,
            "current_ratio": 446.31,
            "debt_ratio": 19.32,
            "inventory_turnover_ratio": 0.19,
            "account_receivable_turnover_ratio": 0.88,
            "reinvestment_rate": null,
            "research_to_sale_ratio": 48.42,
            "price_fair": 0,
            "eps_avg_yearly": 0,
            "eps_latest_yearly": 0,
            "eps_growth_yearly": 0
        },
        "20143": {
            "year_quarter": 20143,
            "year": 2014,
            "quarter": 3,
            "eps": -0.17,
            "eps_growth_year": null,
            "eps_4q": -0.87,
            "eps_4q_growth_year": null,
            "roe": -2.22,
            "roe_4q": -11.579999999999998,
            "gross_profit": 45648,
            "gross_margin": 68.49,
            "gross_margin_4q_avg": 68.13,
            "net_income": -10356,
            "net_income_4q": null,
            "revenue": 66645,
            "revenue_4q": null,
            "common_shares": 616527,
            "book_valuer_per_share": 7.66,
            "book_valuer_per_share_4q_avg": 7.65,
            "equity": 472414,
            "current_ratio": 376.93,
            "debt_ratio": 20.07,
            "inventory_turnover_ratio": 0.15,
            "account_receivable_turnover_ratio": 0.78,
            "reinvestment_rate": null,
            "research_to_sale_ratio": 53.41,
            "price_fair": 0,
            "eps_avg_yearly": 0,
            "eps_latest_yearly": 0,
            "eps_growth_yearly": 0
        },
        "20144": {
            "year_quarter": 20144,
            "year": 2014,
            "quarter": 4,
            "eps": -0.66,
            "eps_growth_year": null,
            "eps_4q": -1.38,
            "eps_4q_growth_year": null,
            "roe": -9.03,
            "roe_4q": -18.5,
            "gross_profit": 41712,
            "gross_margin": 58.4,
            "gross_margin_4q_avg": 64.63,
            "net_income": -40869,
            "net_income_4q": null,
            "revenue": 71420,
            "revenue_4q": null,
            "common_shares": 616527,
            "book_valuer_per_share": 7.02,
            "book_valuer_per_share_4q_avg": 7.49,
            "equity": 432544,
            "current_ratio": 345.15,
            "debt_ratio": 20.75,
            "inventory_turnover_ratio": 0.22,
            "account_receivable_turnover_ratio": 0.85,
            "reinvestment_rate": null,
            "research_to_sale_ratio": 49.78,
            "price_fair": 0,
            "eps_avg_yearly": 0,
            "eps_latest_yearly": 0,
            "eps_growth_yearly": 0
        },
        "20151": {
            "year_quarter": 20151,
            "year": 2015,
            "quarter": 1,
            "eps": -0.16,
            "eps_growth_year": null,
            "eps_4q": -1.17,
            "eps_4q_growth_year": null,
            "roe": -2.24,
            "roe_4q": -16.11,
            "gross_profit": 46031,
            "gross_margin": 65.34,
            "gross_margin_4q_avg": 64.26,
            "net_income": -9773,
            "net_income_4q": null,
            "revenue": 70446,
            "revenue_4q": null,
            "common_shares": 623037,
            "book_valuer_per_share": 7.03,
            "book_valuer_per_share_4q_avg": 7.32,
            "equity": 438280,
            "current_ratio": 344.66,
            "debt_ratio": 20.68,
            "inventory_turnover_ratio": 0.17,
            "account_receivable_turnover_ratio": 0.89,
            "reinvestment_rate": null,
            "research_to_sale_ratio": 46.7,
            "price_fair": 0,
            "eps_avg_yearly": 0,
            "eps_latest_yearly": 0,
            "eps_growth_yearly": 0
        },
        "20152": {
            "year_quarter": 20152,
            "year": 2015,
            "quarter": 2,
            "eps": -0.16,
            "eps_growth_year": null,
            "eps_4q": -1.14,
            "eps_4q_growth_year": null,
            "roe": -2.29,
            "roe_4q": -15.78,
            "gross_profit": 49028,
            "gross_margin": 63.88,
            "gross_margin_4q_avg": 64.03,
            "net_income": -9952,
            "net_income_4q": null,
            "revenue": 76756,
            "revenue_4q": null,
            "common_shares": 624287,
            "book_valuer_per_share": 6.92,
            "book_valuer_per_share_4q_avg": 7.16,
            "equity": 431854,
            "current_ratio": 337.97,
            "debt_ratio": 20.08,
            "inventory_turnover_ratio": 0.19,
            "account_receivable_turnover_ratio": 1.05,
            "reinvestment_rate": null,
            "research_to_sale_ratio": 46.34,
            "price_fair": 0,
            "eps_avg_yearly": 0,
            "eps_latest_yearly": 0,
            "eps_growth_yearly": 0
        },
        "20153": {
            "year_quarter": 20153,
            "year": 2015,
            "quarter": 3,
            "eps": -0.33,
            "eps_growth_year": null,
            "eps_4q": -1.29,
            "eps_4q_growth_year": null,
            "roe": -4.87,
            "roe_4q": -18.43,
            "gross_profit": 38712,
            "gross_margin": 65.55,
            "gross_margin_4q_avg": 63.29,
            "net_income": -20650,
            "net_income_4q": null,
            "revenue": 59060,
            "revenue_4q": null,
            "common_shares": 627927,
            "book_valuer_per_share": 6.63,
            "book_valuer_per_share_4q_avg": 6.9,
            "equity": 416375,
            "current_ratio": 379.12,
            "debt_ratio": 22.93,
            "inventory_turnover_ratio": 0.15,
            "account_receivable_turnover_ratio": 0.78,
            "reinvestment_rate": null,
            "research_to_sale_ratio": 60.4,
            "price_fair": 0,
            "eps_avg_yearly": 0,
            "eps_latest_yearly": 0,
            "eps_growth_yearly": 0
        },
        "20154": {
            "year_quarter": 20154,
            "year": 2015,
            "quarter": 4,
            "eps": -0.28,
            "eps_growth_year": null,
            "eps_4q": -0.92,
            "eps_4q_growth_year": null,
            "roe": -4.32,
            "roe_4q": -13.72,
            "gross_profit": 50293,
            "gross_margin": 75.94,
            "gross_margin_4q_avg": 67.68,
            "net_income": -17654,
            "net_income_4q": null,
            "revenue": 66231,
            "revenue_4q": null,
            "common_shares": 627927,
            "book_valuer_per_share": 6.38,
            "book_valuer_per_share_4q_avg": 6.74,
            "equity": 400343,
            "current_ratio": 292.76,
            "debt_ratio": 26.99,
            "inventory_turnover_ratio": 0.12,
            "account_receivable_turnover_ratio": 0.89,
            "reinvestment_rate": null,
            "research_to_sale_ratio": 62.83,
            "price_fair": 0,
            "eps_avg_yearly": 0,
            "eps_latest_yearly": 0,
            "eps_growth_yearly": 0
        },
        "20161": {
            "year_quarter": 20161,
            "year": 2016,
            "quarter": 1,
            "eps": -0.14,
            "eps_growth_year": null,
            "eps_4q": -0.91,
            "eps_4q_growth_year": null,
            "roe": -2.17,
            "roe_4q": -13.649999999999999,
            "gross_profit": 46934,
            "gross_margin": 77.62,
            "gross_margin_4q_avg": 70.75,
            "net_income": -8591,
            "net_income_4q": null,
            "revenue": 60470,
            "revenue_4q": null,
            "common_shares": 627927,
            "book_valuer_per_share": 6.26,
            "book_valuer_per_share_4q_avg": 6.55,
            "equity": 392996,
            "current_ratio": 295.41,
            "debt_ratio": 26.73,
            "inventory_turnover_ratio": 0.1,
            "account_receivable_turnover_ratio": 0.91,
            "reinvestment_rate": null,
            "research_to_sale_ratio": 51.85,
            "price_fair": 0,
            "eps_avg_yearly": 0,
            "eps_latest_yearly": 0,
            "eps_growth_yearly": 0
        },
        "20162": {
            "year_quarter": 20162,
            "year": 2016,
            "quarter": 2,
            "eps": -0.16,
            "eps_growth_year": null,
            "eps_4q": -0.9,
            "eps_4q_growth_year": null,
            "roe": -2.54,
            "roe_4q": -13.900000000000002,
            "gross_profit": 42011,
            "gross_margin": 68.16,
            "gross_margin_4q_avg": 71.82,
            "net_income": -9877,
            "net_income_4q": null,
            "revenue": 61636,
            "revenue_4q": null,
            "common_shares": 627927,
            "book_valuer_per_share": 6.12,
            "book_valuer_per_share_4q_avg": 6.35,
            "equity": 384114,
            "current_ratio": 291.96,
            "debt_ratio": 25.57,
            "inventory_turnover_ratio": 0.15,
            "account_receivable_turnover_ratio": 0.9,
            "reinvestment_rate": null,
            "research_to_sale_ratio": 47.8,
            "price_fair": 0,
            "eps_avg_yearly": 0,
            "eps_latest_yearly": 0,
            "eps_growth_yearly": 0
        },
        "20163": {
            "year_quarter": 20163,
            "year": 2016,
            "quarter": 3,
            "eps": 0.02,
            "eps_growth_year": null,
            "eps_4q": -0.55,
            "eps_4q_growth_year": null,
            "roe": 0.37,
            "roe_4q": -8.66,
            "gross_profit": 50166,
            "gross_margin": 69.62,
            "gross_margin_4q_avg": 72.84,
            "net_income": 1413,
            "net_income_4q": null,
            "revenue": 72056,
            "revenue_4q": null,
            "common_shares": 627927,
            "book_valuer_per_share": 6.15,
            "book_valuer_per_share_4q_avg": 6.23,
            "equity": 386055,
            "current_ratio": 289.21,
            "debt_ratio": 25.89,
            "inventory_turnover_ratio": 0.17,
            "account_receivable_turnover_ratio": 1.07,
            "reinvestment_rate": null,
            "research_to_sale_ratio": 36.08,
            "price_fair": 0,
            "eps_avg_yearly": 0,
            "eps_latest_yearly": 0,
            "eps_growth_yearly": 0
        },
        "20164": {
            "year_quarter": 20164,
            "year": 2016,
            "quarter": 4,
            "eps": -0.11,
            "eps_growth_year": null,
            "eps_4q": -0.38,
            "eps_4q_growth_year": null,
            "roe": -1.79,
            "roe_4q": -6.13,
            "gross_profit": 40931,
            "gross_margin": 72.83,
            "gross_margin_4q_avg": 72.06,
            "net_income": -6858,
            "net_income_4q": null,
            "revenue": 56202,
            "revenue_4q": null,
            "common_shares": 627927,
            "book_valuer_per_share": 6.03,
            "book_valuer_per_share_4q_avg": 6.14,
            "equity": 378648,
            "current_ratio": 290.14,
            "debt_ratio": 25.88,
            "inventory_turnover_ratio": 0.11,
            "account_receivable_turnover_ratio": 0.95,
            "reinvestment_rate": null,
            "research_to_sale_ratio": 44.63,
            "price_fair": 0,
            "eps_avg_yearly": 0,
            "eps_latest_yearly": 0,
            "eps_growth_yearly": 0
        },
        "20171": {
            "year_quarter": 20171,
            "year": 2017,
            "quarter": 1,
            "eps": -0.19,
            "eps_growth_year": null,
            "eps_4q": -0.41,
            "eps_4q_growth_year": null,
            "roe": -2.97,
            "roe_4q": -6.93,
            "gross_profit": 38286,
            "gross_margin": 65.21,
            "gross_margin_4q_avg": 68.96,
            "net_income": -12181,
            "net_income_4q": null,
            "revenue": 58715,
            "revenue_4q": null,
            "common_shares": 677927,
            "book_valuer_per_share": 6.51,
            "book_valuer_per_share_4q_avg": 6.2,
            "equity": 441518,
            "current_ratio": 411.13,
            "debt_ratio": 20.27,
            "inventory_turnover_ratio": 0.13,
            "account_receivable_turnover_ratio": 1.11,
            "reinvestment_rate": null,
            "research_to_sale_ratio": 44.68,
            "price_fair": 0,
            "eps_avg_yearly": 0,
            "eps_latest_yearly": 0,
            "eps_growth_yearly": 0
        },
        "20172": {
            "year_quarter": 20172,
            "year": 2017,
            "quarter": 2,
            "eps": -0.21,
            "eps_growth_year": null,
            "eps_4q": -0.47,
            "eps_4q_growth_year": null,
            "roe": -3.23,
            "roe_4q": -7.62,
            "gross_profit": 39022,
            "gross_margin": 61.22,
            "gross_margin_4q_avg": 67.22,
            "net_income": -14035,
            "net_income_4q": null,
            "revenue": 63745,
            "revenue_4q": null,
            "common_shares": 677927,
            "book_valuer_per_share": 6.31,
            "book_valuer_per_share_4q_avg": 6.25,
            "equity": 427799,
            "current_ratio": 518.12,
            "debt_ratio": 17,
            "inventory_turnover_ratio": 0.16,
            "account_receivable_turnover_ratio": 1.2,
            "reinvestment_rate": null,
            "research_to_sale_ratio": 43.42,
            "price_fair": 0,
            "eps_avg_yearly": 0,
            "eps_latest_yearly": 0,
            "eps_growth_yearly": 0
        },
        "20173": {
            "year_quarter": 20173,
            "year": 2017,
            "quarter": 3,
            "eps": -0.14,
            "eps_growth_year": -800,
            "eps_4q": -0.63,
            "eps_4q_growth_year": null,
            "roe": -2.25,
            "roe_4q": -10.240000000000002,
            "gross_profit": 41413,
            "gross_margin": 63.51,
            "gross_margin_4q_avg": 65.69,
            "net_income": -9535,
            "net_income_4q": null,
            "revenue": 65210,
            "revenue_4q": null,
            "common_shares": 677927,
            "book_valuer_per_share": 6.17,
            "book_valuer_per_share_4q_avg": 6.26,
            "equity": 418370,
            "current_ratio": 367.04,
            "debt_ratio": 20.95,
            "inventory_turnover_ratio": 0.15,
            "account_receivable_turnover_ratio": 1.15,
            "reinvestment_rate": null,
            "research_to_sale_ratio": 42.88,
            "price_fair": 0,
            "eps_avg_yearly": 0,
            "eps_latest_yearly": 0,
            "eps_growth_yearly": 0
        },
        "20174": {
            "year_quarter": 20174,
            "year": 2017,
            "quarter": 4,
            "eps": -0.16,
            "eps_growth_year": null,
            "eps_4q": -0.69,
            "eps_4q_growth_year": null,
            "roe": -2.61,
            "roe_4q": -11.06,
            "gross_profit": 41815,
            "gross_margin": 64.54,
            "gross_margin_4q_avg": 63.62,
            "net_income": -10743,
            "net_income_4q": null,
            "revenue": 64792,
            "revenue_4q": null,
            "common_shares": 677927,
            "book_valuer_per_share": 5.99,
            "book_valuer_per_share_4q_avg": 6.25,
            "equity": 405890,
            "current_ratio": 296.02,
            "debt_ratio": 23.78,
            "inventory_turnover_ratio": 0.15,
            "account_receivable_turnover_ratio": 1.15,
            "reinvestment_rate": null,
            "research_to_sale_ratio": 41.56,
            "price_fair": 0,
            "eps_avg_yearly": 0,
            "eps_latest_yearly": 0,
            "eps_growth_yearly": 0
        },
        "20181": {
            "year_quarter": 20181,
            "year": 2018,
            "quarter": 1,
            "eps": 0.45,
            "eps_growth_year": null,
            "eps_4q": -0.06,
            "eps_4q_growth_year": null,
            "roe": 7.21,
            "roe_4q": -0.8800000000000003,
            "gross_profit": 82725,
            "gross_margin": 77.83,
            "gross_margin_4q_avg": 66.78,
            "net_income": 30415,
            "net_income_4q": null,
            "revenue": 106293,
            "revenue_4q": null,
            "common_shares": 677927,
            "book_valuer_per_share": 6.45,
            "book_valuer_per_share_4q_avg": 6.23,
            "equity": 437451,
            "current_ratio": 347.03,
            "debt_ratio": 21.32,
            "inventory_turnover_ratio": 0.16,
            "account_receivable_turnover_ratio": 1.59,
            "reinvestment_rate": null,
            "research_to_sale_ratio": 24.04,
            "price_fair": 0,
            "eps_avg_yearly": 0,
            "eps_latest_yearly": 0,
            "eps_growth_yearly": 0
        },
        "20182": {
            "year_quarter": 20182,
            "year": 2018,
            "quarter": 2,
            "eps": 0.45,
            "eps_growth_year": null,
            "eps_4q": 0.6,
            "eps_4q_growth_year": null,
            "roe": 6.73,
            "roe_4q": 9.080000000000002,
            "gross_profit": 75813,
            "gross_margin": 75.76,
            "gross_margin_4q_avg": 70.41,
            "net_income": 30437,
            "net_income_4q": null,
            "revenue": 100072,
            "revenue_4q": null,
            "common_shares": 677927,
            "book_valuer_per_share": 6.88,
            "book_valuer_per_share_4q_avg": 6.37,
            "equity": 466679,
            "current_ratio": 328.68,
            "debt_ratio": 20.89,
            "inventory_turnover_ratio": 0.18,
            "account_receivable_turnover_ratio": 1.5,
            "reinvestment_rate": null,
            "research_to_sale_ratio": 26.73,
            "price_fair": 18,
            "eps_avg_yearly": 1.8,
            "eps_latest_yearly": 1.8,
            "eps_growth_yearly": 0
        },
        "20183": {
            "year_quarter": 20183,
            "year": 2018,
            "quarter": 3,
            "eps": -0.16,
            "eps_growth_year": null,
            "eps_4q": 0.58,
            "eps_4q_growth_year": null,
            "roe": -2.31,
            "roe_4q": 9.02,
            "gross_profit": 72518,
            "gross_margin": 79.2,
            "gross_margin_4q_avg": 74.33,
            "net_income": -10663,
            "net_income_4q": null,
            "revenue": 91567,
            "revenue_4q": null,
            "common_shares": 677927,
            "book_valuer_per_share": 6.73,
            "book_valuer_per_share_4q_avg": 6.51,
            "equity": 456016,
            "current_ratio": 328.43,
            "debt_ratio": 20.37,
            "inventory_turnover_ratio": 0.14,
            "account_receivable_turnover_ratio": 1.79,
            "reinvestment_rate": null,
            "research_to_sale_ratio": 29.73,
            "price_fair": 18,
            "eps_avg_yearly": 1.8,
            "eps_latest_yearly": 1.8,
            "eps_growth_yearly": 0
        },
        "20184": {
            "year_quarter": 20184,
            "year": 2018,
            "quarter": 4,
            "eps": 0.01,
            "eps_growth_year": null,
            "eps_4q": 0.75,
            "eps_4q_growth_year": null,
            "roe": 0.09,
            "roe_4q": 11.719999999999999,
            "gross_profit": 49510,
            "gross_margin": 69.03,
            "gross_margin_4q_avg": 75.46,
            "net_income": 405,
            "net_income_4q": null,
            "revenue": 71722,
            "revenue_4q": null,
            "common_shares": 677927,
            "book_valuer_per_share": 6.74,
            "book_valuer_per_share_4q_avg": 6.7,
            "equity": 457037,
            "current_ratio": 359.16,
            "debt_ratio": 17.97,
            "inventory_turnover_ratio": 0.17,
            "account_receivable_turnover_ratio": 1.55,
            "reinvestment_rate": null,
            "research_to_sale_ratio": 41.29,
            "price_fair": 18,
            "eps_avg_yearly": 1.8,
            "eps_latest_yearly": 1.8,
            "eps_growth_yearly": 0
        },
        "20191": {
            "year_quarter": 20191,
            "year": 2019,
            "quarter": 1,
            "eps": -0.11,
            "eps_growth_year": -124.44,
            "eps_4q": 0.19,
            "eps_4q_growth_year": null,
            "roe": -1.57,
            "roe_4q": 2.9400000000000004,
            "gross_profit": 41844,
            "gross_margin": 68.63,
            "gross_margin_4q_avg": 73.16,
            "net_income": -7124,
            "net_income_4q": null,
            "revenue": 60972,
            "revenue_4q": null,
            "common_shares": 677927,
            "book_valuer_per_share": 6.64,
            "book_valuer_per_share_4q_avg": 6.75,
            "equity": 450162,
            "current_ratio": 369.68,
            "debt_ratio": 18.69,
            "inventory_turnover_ratio": 0.15,
            "account_receivable_turnover_ratio": 1.32,
            "reinvestment_rate": null,
            "research_to_sale_ratio": 46.99,
            "price_fair": 18,
            "eps_avg_yearly": 1.8,
            "eps_latest_yearly": 1.8,
            "eps_growth_yearly": 0
        },
        "20192": {
            "year_quarter": 20192,
            "year": 2019,
            "quarter": 2,
            "eps": -0.21,
            "eps_growth_year": -146.67,
            "eps_4q": -0.46,
            "eps_4q_growth_year": -177.52,
            "roe": -3.17,
            "roe_4q": -6.960000000000001,
            "gross_profit": 37574,
            "gross_margin": 73.94,
            "gross_margin_4q_avg": 72.7,
            "net_income": -14073,
            "net_income_4q": null,
            "revenue": 50818,
            "revenue_4q": null,
            "common_shares": 677927,
            "book_valuer_per_share": 6.44,
            "book_valuer_per_share_4q_avg": 6.64,
            "equity": 436490,
            "current_ratio": 372.61,
            "debt_ratio": 18.2,
            "inventory_turnover_ratio": 0.11,
            "account_receivable_turnover_ratio": 1.1,
            "reinvestment_rate": null,
            "research_to_sale_ratio": 59.34,
            "price_fair": 18,
            "eps_avg_yearly": 1.8,
            "eps_latest_yearly": 1.8,
            "eps_growth_yearly": 0
        },
        "20193": {
            "year_quarter": 20193,
            "year": 2019,
            "quarter": 3,
            "eps": -0.37,
            "eps_growth_year": null,
            "eps_4q": -0.67,
            "eps_4q_growth_year": -215.64,
            "roe": -5.86,
            "roe_4q": -10.510000000000002,
            "gross_profit": 30301,
            "gross_margin": 69.86,
            "gross_margin_4q_avg": 70.37,
            "net_income": -24825,
            "net_income_4q": null,
            "revenue": 43375,
            "revenue_4q": null,
            "common_shares": 677927,
            "book_valuer_per_share": 6.07,
            "book_valuer_per_share_4q_avg": 6.47,
            "equity": 411208,
            "current_ratio": 282.61,
            "debt_ratio": 21.39,
            "inventory_turnover_ratio": 0.11,
            "account_receivable_turnover_ratio": 1.12,
            "reinvestment_rate": null,
            "research_to_sale_ratio": 70.14,
            "price_fair": 18,
            "eps_avg_yearly": 1.8,
            "eps_latest_yearly": 1.8,
            "eps_growth_yearly": 0
        },
        "20194": {
            "year_quarter": 20194,
            "year": 2019,
            "quarter": 4,
            "eps": 0,
            "eps_growth_year": -88.15,
            "eps_4q": -0.68,
            "eps_4q_growth_year": -190.87,
            "roe": 0.01,
            "roe_4q": -10.59,
            "gross_profit": 56437,
            "gross_margin": 77.07,
            "gross_margin_4q_avg": 72.38,
            "net_income": 48,
            "net_income_4q": null,
            "revenue": 73228,
            "revenue_4q": null,
            "common_shares": 677927,
            "book_valuer_per_share": 6.15,
            "book_valuer_per_share_4q_avg": 6.33,
            "equity": 416844,
            "current_ratio": 260.45,
            "debt_ratio": 21.83,
            "inventory_turnover_ratio": 0.14,
            "account_receivable_turnover_ratio": 1.86,
            "reinvestment_rate": null,
            "research_to_sale_ratio": 44.02,
            "price_fair": 18,
            "eps_avg_yearly": 1.8,
            "eps_latest_yearly": 1.8,
            "eps_growth_yearly": 0
        },
        "20201": {
            "year_quarter": 20201,
            "year": 2020,
            "quarter": 1,
            "eps": 0.02,
            "eps_growth_year": null,
            "eps_4q": -0.55,
            "eps_4q_growth_year": -386.5,
            "roe": 0.35,
            "roe_4q": -8.67,
            "gross_profit": 57682,
            "gross_margin": 76.65,
            "gross_margin_4q_avg": 74.38,
            "net_income": 1447,
            "net_income_4q": null,
            "revenue": 75258,
            "revenue_4q": null,
            "common_shares": 677927,
            "book_valuer_per_share": 6.17,
            "book_valuer_per_share_4q_avg": 6.21,
            "equity": 418167,
            "current_ratio": 282.3,
            "debt_ratio": 20.9,
            "inventory_turnover_ratio": 0.15,
            "account_receivable_turnover_ratio": 1.67,
            "reinvestment_rate": null,
            "research_to_sale_ratio": 39.41,
            "price_fair": 18,
            "eps_avg_yearly": 1.8,
            "eps_latest_yearly": 1.8,
            "eps_growth_yearly": 0
        },
        "20202": {
            "year_quarter": 20202,
            "year": 2020,
            "quarter": 2,
            "eps": -0.25,
            "eps_growth_year": null,
            "eps_4q": -0.6,
            "eps_4q_growth_year": null,
            "roe": -4.19,
            "roe_4q": -9.690000000000001,
            "gross_profit": 37022,
            "gross_margin": 59.29,
            "gross_margin_4q_avg": 70.72,
            "net_income": -17112,
            "net_income_4q": null,
            "revenue": 62445,
            "revenue_4q": null,
            "common_shares": 677927,
            "book_valuer_per_share": 5.89,
            "book_valuer_per_share_4q_avg": 6.07,
            "equity": 399563,
            "current_ratio": 212.55,
            "debt_ratio": 27.25,
            "inventory_turnover_ratio": 0.22,
            "account_receivable_turnover_ratio": 1.24,
            "reinvestment_rate": null,
            "research_to_sale_ratio": 48.84,
            "price_fair": 18,
            "eps_avg_yearly": 1.8,
            "eps_latest_yearly": 1.8,
            "eps_growth_yearly": 0
        },
        "20203": {
            "year_quarter": 20203,
            "year": 2020,
            "quarter": 3,
            "eps": 0.25,
            "eps_growth_year": null,
            "eps_4q": 0.02,
            "eps_4q_growth_year": null,
            "roe": 4.09,
            "roe_4q": 0.25999999999999945,
            "gross_profit": 77706,
            "gross_margin": 83.35,
            "gross_margin_4q_avg": 74.09,
            "net_income": 16705,
            "net_income_4q": null,
            "revenue": 93225,
            "revenue_4q": null,
            "common_shares": 677927,
            "book_valuer_per_share": 6.15,
            "book_valuer_per_share_4q_avg": 6.09,
            "equity": 416970,
            "current_ratio": 205.63,
            "debt_ratio": 30.51,
            "inventory_turnover_ratio": 0.13,
            "account_receivable_turnover_ratio": 1.91,
            "reinvestment_rate": null,
            "research_to_sale_ratio": 38.67,
            "price_fair": 18,
            "eps_avg_yearly": 1.8,
            "eps_latest_yearly": 1.8,
            "eps_growth_yearly": 0
        },
        "20204": {
            "year_quarter": 20204,
            "year": 2020,
            "quarter": 4,
            "eps": 1.01,
            "eps_growth_year": 142147.74,
            "eps_4q": 1.02,
            "eps_4q_growth_year": null,
            "roe": 15.13,
            "roe_4q": 15.379999999999997,
            "gross_profit": 127912,
            "gross_margin": 86.82,
            "gross_margin_4q_avg": 76.53,
            "net_income": 68275,
            "net_income_4q": null,
            "revenue": 147333,
            "revenue_4q": null,
            "common_shares": 677927,
            "book_valuer_per_share": 7.17,
            "book_valuer_per_share_4q_avg": 6.35,
            "equity": 485781,
            "current_ratio": 203,
            "debt_ratio": 29.53,
            "inventory_turnover_ratio": 0.16,
            "account_receivable_turnover_ratio": 3.62,
            "reinvestment_rate": -83.72,
            "research_to_sale_ratio": 24.59,
            "price_fair": 102.2,
            "eps_avg_yearly": 2.92,
            "eps_latest_yearly": 4.04,
            "eps_growth_yearly": 608
        },
        "20211": {
            "year_quarter": 20211,
            "year": 2021,
            "quarter": 1,
            "eps": 1.38,
            "eps_growth_year": 6800,
            "eps_4q": 2.38,
            "eps_4q_growth_year": null,
            "roe": 17.53,
            "roe_4q": 32.56,
            "gross_profit": 164901,
            "gross_margin": 88.46,
            "gross_margin_4q_avg": 79.48,
            "net_income": 93307,
            "net_income_4q": null,
            "revenue": 186417,
            "revenue_4q": null,
            "common_shares": 677927,
            "book_valuer_per_share": 8.54,
            "book_valuer_per_share_4q_avg": 6.94,
            "equity": 578806,
            "current_ratio": 204.9,
            "debt_ratio": 28.6,
            "inventory_turnover_ratio": 0.18,
            "account_receivable_turnover_ratio": 4.98,
            "reinvestment_rate": -22.92,
            "research_to_sale_ratio": 25.99,
            "price_fair": 132.53,
            "eps_avg_yearly": 3.79,
            "eps_latest_yearly": 5.52,
            "eps_growth_yearly": 454.18
        },
        "20212": {
            "year_quarter": 20212,
            "year": 2021,
            "quarter": 2,
            "eps": 1.38,
            "eps_growth_year": null,
            "eps_4q": 4.01,
            "eps_4q_growth_year": null,
            "roe": 14.95,
            "roe_4q": 51.7,
            "gross_profit": 176760,
            "gross_margin": 86.22,
            "gross_margin_4q_avg": 86.21,
            "net_income": 93530,
            "net_income_4q": null,
            "revenue": 205020,
            "revenue_4q": null,
            "common_shares": 677927,
            "book_valuer_per_share": 9.92,
            "book_valuer_per_share_4q_avg": 7.95,
            "equity": 672495,
            "current_ratio": 411.73,
            "debt_ratio": 13.42,
            "inventory_turnover_ratio": 0.24,
            "account_receivable_turnover_ratio": 4.61,
            "reinvestment_rate": 11.26,
            "research_to_sale_ratio": 26.49,
            "price_fair": 147.7,
            "eps_avg_yearly": 4.22,
            "eps_latest_yearly": 5.52,
            "eps_growth_yearly": 340.63
        },
        "20213": {
            "year_quarter": 20213,
            "year": 2021,
            "quarter": 3,
            "eps": -0.12,
            "eps_growth_year": -148,
            "eps_4q": 3.64,
            "eps_4q_growth_year": 22583.9,
            "roe": -1.24,
            "roe_4q": 46.370000000000005,
            "gross_profit": 67991,
            "gross_margin": 75.34,
            "gross_margin_4q_avg": 84.21,
            "net_income": -8310,
            "net_income_4q": null,
            "revenue": 90250,
            "revenue_4q": null,
            "common_shares": 677927,
            "book_valuer_per_share": 9.8,
            "book_valuer_per_share_4q_avg": 8.86,
            "equity": 664158,
            "current_ratio": 377.1,
            "debt_ratio": 12.68,
            "inventory_turnover_ratio": 0.19,
            "account_receivable_turnover_ratio": 1.85,
            "reinvestment_rate": 9.21,
            "research_to_sale_ratio": 52.29,
            "price_fair": 147.7,
            "eps_avg_yearly": 4.22,
            "eps_latest_yearly": 5.52,
            "eps_growth_yearly": 340.63
        },
        "20214": {
            "year_quarter": 20214,
            "year": 2021,
            "quarter": 4,
            "eps": 0.29,
            "eps_growth_year": -71.61,
            "eps_4q": 2.92,
            "eps_4q_growth_year": 185.53,
            "roe": 2.88,
            "roe_4q": 34.120000000000005,
            "gross_profit": 110461,
            "gross_margin": 80.81,
            "gross_margin_4q_avg": 82.71,
            "net_income": 19385,
            "net_income_4q": null,
            "revenue": 136686,
            "revenue_4q": null,
            "common_shares": 677927,
            "book_valuer_per_share": 10.09,
            "book_valuer_per_share_4q_avg": 9.59,
            "equity": 684247,
            "current_ratio": 354.46,
            "debt_ratio": 14.63,
            "inventory_turnover_ratio": 0.22,
            "account_receivable_turnover_ratio": 2.87,
            "reinvestment_rate": 25.72,
            "research_to_sale_ratio": 41.25,
            "price_fair": 147.7,
            "eps_avg_yearly": 4.22,
            "eps_latest_yearly": 5.52,
            "eps_growth_yearly": 340.63
        },
        "20221": {
            "year_quarter": 20221,
            "year": 2022,
            "quarter": 1,
            "eps": 0.99,
            "eps_growth_year": -28.26,
            "eps_4q": 2.54,
            "eps_4q_growth_year": 6.69,
            "roe": 9.38,
            "roe_4q": 25.97,
            "gross_profit": 155482,
            "gross_margin": 87.34,
            "gross_margin_4q_avg": 82.43,
            "net_income": 67358,
            "net_income_4q": null,
            "revenue": 178028,
            "revenue_4q": null,
            "common_shares": 677927,
            "book_valuer_per_share": 11.09,
            "book_valuer_per_share_4q_avg": 10.23,
            "equity": 751649,
            "current_ratio": 363.15,
            "debt_ratio": 14.36,
            "inventory_turnover_ratio": 0.18,
            "account_receivable_turnover_ratio": 3.92,
            "reinvestment_rate": 28.78,
            "research_to_sale_ratio": 26.56,
            "price_fair": 145.88,
            "eps_avg_yearly": 4.17,
            "eps_latest_yearly": 3.96,
            "eps_growth_yearly": 465.61
        },
        "20222": {
            "year_quarter": 20222,
            "year": 2022,
            "quarter": 2,
            "eps": 0.15,
            "eps_growth_year": -89.13,
            "eps_4q": 1.3,
            "eps_4q_growth_year": -67.5,
            "roe": 1.31,
            "roe_4q": 12.33,
            "gross_profit": 75145,
            "gross_margin": 72.12,
            "gross_margin_4q_avg": 78.9,
            "net_income": 9901,
            "net_income_4q": null,
            "revenue": 104196,
            "revenue_4q": null,
            "common_shares": 677927,
            "book_valuer_per_share": 11.23,
            "book_valuer_per_share_4q_avg": 10.55,
            "equity": 761617,
            "current_ratio": 443.5,
            "debt_ratio": 12.3,
            "inventory_turnover_ratio": 0.21,
            "account_receivable_turnover_ratio": 1.99,
            "reinvestment_rate": 20.38,
            "research_to_sale_ratio": 41.92,
            "price_fair": 137.48,
            "eps_avg_yearly": 3.93,
            "eps_latest_yearly": 0.6,
            "eps_growth_yearly": 397.73
        },
        "20223": {
            "year_quarter": 20223,
            "year": 2022,
            "quarter": 3,
            "eps": -0.2,
            "eps_growth_year": null,
            "eps_4q": 1.22,
            "eps_4q_growth_year": -66.43,
            "roe": -1.83,
            "roe_4q": 11.740000000000002,
            "gross_profit": 39841,
            "gross_margin": 60.03,
            "gross_margin_4q_avg": 75.08,
            "net_income": -13799,
            "net_income_4q": null,
            "revenue": 66370,
            "revenue_4q": null,
            "common_shares": 677927,
            "book_valuer_per_share": 11.03,
            "book_valuer_per_share_4q_avg": 10.86,
            "equity": 747818,
            "current_ratio": 441.55,
            "debt_ratio": 12.21,
            "inventory_turnover_ratio": 0.18,
            "account_receivable_turnover_ratio": 1.25,
            "reinvestment_rate": 18.54,
            "research_to_sale_ratio": 67.72,
            "price_fair": 137.48,
            "eps_avg_yearly": 3.93,
            "eps_latest_yearly": 0.6,
            "eps_growth_yearly": 397.73
        },
        "20224": {
            "year_quarter": 20224,
            "year": 2022,
            "quarter": 4,
            "eps": -0.41,
            "eps_growth_year": -242.4,
            "eps_4q": 0.53,
            "eps_4q_growth_year": -81.88,
            "roe": -3.76,
            "roe_4q": 5.100000000000001,
            "gross_profit": 42432,
            "gross_margin": 62.94,
            "gross_margin_4q_avg": 70.61,
            "net_income": -27605,
            "net_income_4q": null,
            "revenue": 67420,
            "revenue_4q": null,
            "common_shares": 677927,
            "book_valuer_per_share": 10.63,
            "book_valuer_per_share_4q_avg": 11,
            "equity": 720837,
            "current_ratio": 377,
            "debt_ratio": 13.81,
            "inventory_turnover_ratio": 0.15,
            "account_receivable_turnover_ratio": 1.41,
            "reinvestment_rate": 15.35,
            "research_to_sale_ratio": 77.05,
            "price_fair": 137.48,
            "eps_avg_yearly": 3.93,
            "eps_latest_yearly": 0.6,
            "eps_growth_yearly": 397.73
        },
        "20231": {
            "year_quarter": 20231,
            "year": 2023,
            "quarter": 1,
            "eps": -0.36,
            "eps_growth_year": -136.36,
            "eps_4q": -0.83,
            "eps_4q_growth_year": -132.67,
            "roe": -3.48,
            "roe_4q": -7.76,
            "gross_profit": 51332,
            "gross_margin": 67.03,
            "gross_margin_4q_avg": 65.53,
            "net_income": -24682,
            "net_income_4q": null,
            "revenue": 76582,
            "revenue_4q": null,
            "common_shares": 677927,
            "book_valuer_per_share": 10.27,
            "book_valuer_per_share_4q_avg": 10.79,
            "equity": 696155,
            "current_ratio": 402.28,
            "debt_ratio": 10.74,
            "inventory_turnover_ratio": 0.15,
            "account_receivable_turnover_ratio": 1.66,
            "reinvestment_rate": 15.57,
            "research_to_sale_ratio": 70.03,
            "price_fair": 137.48,
            "eps_avg_yearly": 3.93,
            "eps_latest_yearly": 0.6,
            "eps_growth_yearly": 397.73
        },
        "20232": {
            "year_quarter": 20232,
            "year": 2023,
            "quarter": 2,
            "eps": -0.34,
            "eps_growth_year": -326.67,
            "eps_4q": -1.28,
            "eps_4q_growth_year": -197.88,
            "roe": -3.37,
            "roe_4q": -12.44,
            "gross_profit": 48302,
            "gross_margin": 62.62,
            "gross_margin_4q_avg": 63.16,
            "net_income": -22971,
            "net_income_4q": null,
            "revenue": 77141,
            "revenue_4q": null,
            "common_shares": 677927,
            "book_valuer_per_share": 9.83,
            "book_valuer_per_share_4q_avg": 10.44,
            "equity": 666405,
            "current_ratio": 318.3,
            "debt_ratio": 13.68,
            "inventory_turnover_ratio": 0.17,
            "account_receivable_turnover_ratio": 1.88,
            "reinvestment_rate": 15.73,
            "research_to_sale_ratio": 66.54,
            "price_fair": 137.48,
            "eps_avg_yearly": 3.93,
            "eps_latest_yearly": 0.6,
            "eps_growth_yearly": 397.73
        },
        "20233": {
            "year_quarter": 20233,
            "year": 2023,
            "quarter": 3,
            "eps": -0.37,
            "eps_growth_year": null,
            "eps_4q": -1.45,
            "eps_4q_growth_year": -218.27,
            "roe": -3.92,
            "roe_4q": -14.53,
            "gross_profit": 49927,
            "gross_margin": 66.26,
            "gross_margin_4q_avg": 64.71,
            "net_income": -25664,
            "net_income_4q": null,
            "revenue": 75348,
            "revenue_4q": null,
            "common_shares": 698265,
            "book_valuer_per_share": 9.19,
            "book_valuer_per_share_4q_avg": 9.98,
            "equity": 641650,
            "current_ratio": 290.4,
            "debt_ratio": 14.35,
            "inventory_turnover_ratio": 0.16,
            "account_receivable_turnover_ratio": 1.71,
            "reinvestment_rate": 21.37,
            "research_to_sale_ratio": 76.21,
            "price_fair": 137.48,
            "eps_avg_yearly": 3.93,
            "eps_latest_yearly": 0.6,
            "eps_growth_yearly": 397.73
        }
    },
    "months": {
        "2004-02": {
            "month": "2004-02",
            "price": "36.34",
            "revenue": 33590
        },
        "2004-03": {
            "month": "2004-03",
            "price": "35.59",
            "revenue": 34929
        },
        "2004-05": {
            "month": "2004-05",
            "price": "35.12",
            "revenue": 50324
        },
        "2004-06": {
            "month": "2004-06",
            "price": "32.81",
            "revenue": 35077
        },
        "2004-07": {
            "month": "2004-07",
            "price": "32.94",
            "revenue": 30295
        },
        "2004-08": {
            "month": "2004-08",
            "price": "27.44",
            "revenue": 23833
        },
        "2004-09": {
            "month": "2004-09",
            "price": "26.46",
            "revenue": 25795
        },
        "2004-10": {
            "month": "2004-10",
            "price": "24.35",
            "revenue": 35220
        },
        "2004-11": {
            "month": "2004-11",
            "price": "23.72",
            "revenue": 36454
        },
        "2004-12": {
            "month": "2004-12",
            "price": "19.06",
            "revenue": 33399
        },
        "2005-01": {
            "month": "2005-01",
            "price": "19.05",
            "revenue": 32339
        },
        "2005-02": {
            "month": "2005-02",
            "price": "19.51",
            "revenue": 20565
        },
        "2005-03": {
            "month": "2005-03",
            "price": "25.11",
            "revenue": 30027
        },
        "2005-04": {
            "month": "2005-04",
            "price": "21.01",
            "revenue": 36017
        },
        "2005-05": {
            "month": "2005-05",
            "price": "17.81",
            "revenue": 44464
        },
        "2005-06": {
            "month": "2005-06",
            "price": "20.20",
            "revenue": 48465
        },
        "2005-07": {
            "month": "2005-07",
            "price": "24.03",
            "revenue": 48918
        },
        "2005-08": {
            "month": "2005-08",
            "price": "21.34",
            "revenue": 40678
        },
        "2005-09": {
            "month": "2005-09",
            "price": "17.60",
            "revenue": 41636
        },
        "2005-10": {
            "month": "2005-10",
            "price": "16.92",
            "revenue": 44630
        },
        "2005-11": {
            "month": "2005-11",
            "price": "15.60",
            "revenue": 37120
        },
        "2005-12": {
            "month": "2005-12",
            "price": "17.33",
            "revenue": 43158
        },
        "2006-01": {
            "month": "2006-01",
            "price": "21.70",
            "revenue": 44385
        },
        "2006-02": {
            "month": "2006-02",
            "price": "27.47",
            "revenue": 52379
        },
        "2006-03": {
            "month": "2006-03",
            "price": "52.24",
            "revenue": 90651
        },
        "2006-04": {
            "month": "2006-04",
            "price": "81.16",
            "revenue": 76039
        },
        "2006-05": {
            "month": "2006-05",
            "price": "72.59",
            "revenue": 74254
        },
        "2006-06": {
            "month": "2006-06",
            "price": "68.48",
            "revenue": 62795
        },
        "2006-07": {
            "month": "2006-07",
            "price": "65.42",
            "revenue": 62920
        },
        "2006-08": {
            "month": "2006-08",
            "price": "69.92",
            "revenue": 63593
        },
        "2006-09": {
            "month": "2006-09",
            "price": "118.97",
            "revenue": 60344
        },
        "2006-10": {
            "month": "2006-10",
            "price": "151.15",
            "revenue": 56949
        },
        "2006-11": {
            "month": "2006-11",
            "price": "155.91",
            "revenue": 71201
        },
        "2006-12": {
            "month": "2006-12",
            "price": "214.00",
            "revenue": 75072
        },
        "2007-01": {
            "month": "2007-01",
            "price": "219.70",
            "revenue": 65338
        },
        "2007-02": {
            "month": "2007-02",
            "price": "202.25",
            "revenue": 56229
        },
        "2007-03": {
            "month": "2007-03",
            "price": "193.78",
            "revenue": 77396
        },
        "2007-04": {
            "month": "2007-04",
            "price": "186.00",
            "revenue": 92537
        },
        "2007-05": {
            "month": "2007-05",
            "price": "233.66",
            "revenue": 100157
        },
        "2007-06": {
            "month": "2007-06",
            "price": "307.45",
            "revenue": 101367
        },
        "2007-07": {
            "month": "2007-07",
            "price": "311.27",
            "revenue": 103712
        },
        "2007-08": {
            "month": "2007-08",
            "price": "226.91",
            "revenue": 70892
        },
        "2007-09": {
            "month": "2007-09",
            "price": "186.61",
            "revenue": 71493
        },
        "2007-10": {
            "month": "2007-10",
            "price": "143.27",
            "revenue": 66158
        },
        "2007-11": {
            "month": "2007-11",
            "price": "110.90",
            "revenue": 50593
        },
        "2007-12": {
            "month": "2007-12",
            "price": "116.19",
            "revenue": 45303
        },
        "2008-01": {
            "month": "2008-01",
            "price": "82.90",
            "revenue": 45755
        },
        "2008-02": {
            "month": "2008-02",
            "price": "74.91",
            "revenue": 30563
        },
        "2008-03": {
            "month": "2008-03",
            "price": "79.58",
            "revenue": 46978
        },
        "2008-04": {
            "month": "2008-04",
            "price": "88.38",
            "revenue": 41703
        },
        "2008-05": {
            "month": "2008-05",
            "price": "125.95",
            "revenue": 58126
        },
        "2008-06": {
            "month": "2008-06",
            "price": "156.88",
            "revenue": 61382
        },
        "2008-07": {
            "month": "2008-07",
            "price": "135.70",
            "revenue": 50576
        },
        "2008-08": {
            "month": "2008-08",
            "price": "117.96",
            "revenue": 61622
        },
        "2008-09": {
            "month": "2008-09",
            "price": "89.65",
            "revenue": 34028
        },
        "2008-10": {
            "month": "2008-10",
            "price": "57.34",
            "revenue": 31051
        },
        "2008-11": {
            "month": "2008-11",
            "price": "49.67",
            "revenue": 30363
        },
        "2008-12": {
            "month": "2008-12",
            "price": "44.33",
            "revenue": 32994
        },
        "2009-01": {
            "month": "2009-01",
            "price": "46.65",
            "revenue": 14187
        },
        "2009-02": {
            "month": "2009-02",
            "price": "46.66",
            "revenue": 18817
        },
        "2009-03": {
            "month": "2009-03",
            "price": "54.81",
            "revenue": 26063
        },
        "2009-04": {
            "month": "2009-04",
            "price": "59.63",
            "revenue": 31302
        },
        "2009-05": {
            "month": "2009-05",
            "price": "61.71",
            "revenue": 35182
        },
        "2009-06": {
            "month": "2009-06",
            "price": "64.10",
            "revenue": 41172
        },
        "2009-07": {
            "month": "2009-07",
            "price": "67.22",
            "revenue": 48028
        },
        "2009-08": {
            "month": "2009-08",
            "price": "67.74",
            "revenue": 53251
        },
        "2009-09": {
            "month": "2009-09",
            "price": "67.68",
            "revenue": 50160
        },
        "2009-10": {
            "month": "2009-10",
            "price": "61.51",
            "revenue": 47222
        },
        "2009-11": {
            "month": "2009-11",
            "price": "53.04",
            "revenue": 31207
        },
        "2009-12": {
            "month": "2009-12",
            "price": "55.46",
            "revenue": 20345
        },
        "2010-01": {
            "month": "2010-01",
            "price": "53.42",
            "revenue": 23878
        },
        "2010-02": {
            "month": "2010-02",
            "price": "45.44",
            "revenue": 16942
        },
        "2010-03": {
            "month": "2010-03",
            "price": "46.25",
            "revenue": 22683
        },
        "2010-04": {
            "month": "2010-04",
            "price": "49.40",
            "revenue": 31953
        },
        "2010-05": {
            "month": "2010-05",
            "price": "46.12",
            "revenue": 45564
        },
        "2010-06": {
            "month": "2010-06",
            "price": "55.93",
            "revenue": 49488
        },
        "2010-07": {
            "month": "2010-07",
            "price": "86.34",
            "revenue": 36844
        },
        "2010-08": {
            "month": "2010-08",
            "price": "82.41",
            "revenue": 32760
        },
        "2010-09": {
            "month": "2010-09",
            "price": "78.44",
            "revenue": 28755
        },
        "2010-10": {
            "month": "2010-10",
            "price": "74.59",
            "revenue": 26087
        },
        "2010-11": {
            "month": "2010-11",
            "price": "51.70",
            "revenue": 32552
        },
        "2010-12": {
            "month": "2010-12",
            "price": "53.22",
            "revenue": 33526
        },
        "2011-01": {
            "month": "2011-01",
            "price": "49.94",
            "revenue": 20266
        },
        "2011-02": {
            "month": "2011-02",
            "price": "47.14",
            "revenue": 18935
        },
        "2011-03": {
            "month": "2011-03",
            "price": "44.44",
            "revenue": 21974
        },
        "2011-04": {
            "month": "2011-04",
            "price": "40.66",
            "revenue": 23528
        },
        "2011-05": {
            "month": "2011-05",
            "price": "40.65",
            "revenue": 26384
        },
        "2011-06": {
            "month": "2011-06",
            "price": "40.93",
            "revenue": 26563
        },
        "2011-07": {
            "month": "2011-07",
            "price": "34.21",
            "revenue": 27417
        },
        "2011-08": {
            "month": "2011-08",
            "price": "26.63",
            "revenue": 27910
        },
        "2011-09": {
            "month": "2011-09",
            "price": "26.15",
            "revenue": 25450
        },
        "2011-10": {
            "month": "2011-10",
            "price": "25.21",
            "revenue": 26022
        },
        "2011-11": {
            "month": "2011-11",
            "price": "21.56",
            "revenue": 27158
        },
        "2011-12": {
            "month": "2011-12",
            "price": "18.58",
            "revenue": 27701
        },
        "2012-01": {
            "month": "2012-01",
            "price": "18.19",
            "revenue": 21438
        },
        "2012-02": {
            "month": "2012-02",
            "price": "27.22",
            "revenue": 22091
        },
        "2012-03": {
            "month": "2012-03",
            "price": "26.44",
            "revenue": 24115
        },
        "2012-04": {
            "month": "2012-04",
            "price": "23.61",
            "revenue": 22146
        },
        "2012-05": {
            "month": "2012-05",
            "price": "22.35",
            "revenue": 20991
        },
        "2012-06": {
            "month": "2012-06",
            "price": "21.26",
            "revenue": 20247
        },
        "2012-07": {
            "month": "2012-07",
            "price": "22.32",
            "revenue": 20392
        },
        "2012-08": {
            "month": "2012-08",
            "price": "21.20",
            "revenue": 20557
        },
        "2012-09": {
            "month": "2012-09",
            "price": "20.20",
            "revenue": 20812
        },
        "2012-10": {
            "month": "2012-10",
            "price": "19.16",
            "revenue": 22565
        },
        "2012-11": {
            "month": "2012-11",
            "price": "18.10",
            "revenue": 23093
        },
        "2012-12": {
            "month": "2012-12",
            "price": "18.76",
            "revenue": 25181
        },
        "2013-01": {
            "month": "2013-01",
            "price": "19.81",
            "revenue": 24044
        },
        "2013-02": {
            "month": "2013-02",
            "price": "19.89",
            "revenue": 21054
        },
        "2013-03": {
            "month": "2013-03",
            "price": "18.83",
            "revenue": 22698
        },
        "2013-04": {
            "month": "2013-04",
            "price": "17.61",
            "revenue": 22425
        },
        "2013-05": {
            "month": "2013-05",
            "price": "20.82",
            "revenue": 21461
        },
        "2013-06": {
            "month": "2013-06",
            "price": "25.54",
            "revenue": 22623
        },
        "2013-07": {
            "month": "2013-07",
            "price": "26.76",
            "revenue": 21024
        },
        "2013-08": {
            "month": "2013-08",
            "price": "25.91",
            "revenue": 21248
        },
        "2013-09": {
            "month": "2013-09",
            "price": "25.48",
            "revenue": 22379
        },
        "2013-10": {
            "month": "2013-10",
            "price": "25.48",
            "revenue": 21681
        },
        "2013-11": {
            "month": "2013-11",
            "price": "24.52",
            "revenue": 21841
        },
        "2013-12": {
            "month": "2013-12",
            "price": "24.72",
            "revenue": 22302
        },
        "2014-01": {
            "month": "2014-01",
            "price": "27.81",
            "revenue": 21082
        },
        "2014-02": {
            "month": "2014-02",
            "price": "26.96",
            "revenue": 21245
        },
        "2014-03": {
            "month": "2014-03",
            "price": "26.82",
            "revenue": 21689
        },
        "2014-04": {
            "month": "2014-04",
            "price": "26.36",
            "revenue": 24035
        },
        "2014-05": {
            "month": "2014-05",
            "price": "25.94",
            "revenue": 24790
        },
        "2014-06": {
            "month": "2014-06",
            "price": "31.09",
            "revenue": 23534
        },
        "2014-07": {
            "month": "2014-07",
            "price": "37.28",
            "revenue": 22049
        },
        "2014-08": {
            "month": "2014-08",
            "price": "31.60",
            "revenue": 23204
        },
        "2014-09": {
            "month": "2014-09",
            "price": "32.13",
            "revenue": 21391
        },
        "2014-10": {
            "month": "2014-10",
            "price": "29.51",
            "revenue": 23278
        },
        "2014-11": {
            "month": "2014-11",
            "price": "28.11",
            "revenue": 25402
        },
        "2014-12": {
            "month": "2014-12",
            "price": "30.48",
            "revenue": 22741
        },
        "2015-01": {
            "month": "2015-01",
            "price": "29.89",
            "revenue": 22059
        },
        "2015-02": {
            "month": "2015-02",
            "price": "30.60",
            "revenue": 23294
        },
        "2015-03": {
            "month": "2015-03",
            "price": "35.80",
            "revenue": 25093
        },
        "2015-04": {
            "month": "2015-04",
            "price": "35.96",
            "revenue": 27005
        },
        "2015-05": {
            "month": "2015-05",
            "price": "32.76",
            "revenue": 25322
        },
        "2015-06": {
            "month": "2015-06",
            "price": "30.02",
            "revenue": 24429
        },
        "2015-07": {
            "month": "2015-07",
            "price": "27.17",
            "revenue": 21004
        },
        "2015-08": {
            "month": "2015-08",
            "price": "23.38",
            "revenue": 19038
        },
        "2015-09": {
            "month": "2015-09",
            "price": "20.10",
            "revenue": 19018
        },
        "2015-10": {
            "month": "2015-10",
            "price": "21.61",
            "revenue": 19366
        },
        "2015-11": {
            "month": "2015-11",
            "price": "22.70",
            "revenue": 23669
        },
        "2015-12": {
            "month": "2015-12",
            "price": "22.76",
            "revenue": 23196
        },
        "2016-01": {
            "month": "2016-01",
            "price": "20.29",
            "revenue": 20193
        },
        "2016-02": {
            "month": "2016-02",
            "price": "19.10",
            "revenue": 20195
        },
        "2016-03": {
            "month": "2016-03",
            "price": "18.93",
            "revenue": 20082
        },
        "2016-04": {
            "month": "2016-04",
            "price": "17.20",
            "revenue": 20104
        },
        "2016-05": {
            "month": "2016-05",
            "price": "15.08",
            "revenue": 20822
        },
        "2016-06": {
            "month": "2016-06",
            "price": "16.09",
            "revenue": 20710
        },
        "2016-07": {
            "month": "2016-07",
            "price": "17.08",
            "revenue": 21490
        },
        "2016-08": {
            "month": "2016-08",
            "price": "17.29",
            "revenue": 25821
        },
        "2016-09": {
            "month": "2016-09",
            "price": "19.17",
            "revenue": 24744
        },
        "2016-10": {
            "month": "2016-10",
            "price": "17.77",
            "revenue": 19055
        },
        "2016-11": {
            "month": "2016-11",
            "price": "15.61",
            "revenue": 18023
        },
        "2016-12": {
            "month": "2016-12",
            "price": "15.03",
            "revenue": 19125
        },
        "2017-01": {
            "month": "2017-01",
            "price": "14.75",
            "revenue": 19141
        },
        "2017-02": {
            "month": "2017-02",
            "price": "15.98",
            "revenue": 19522
        },
        "2017-03": {
            "month": "2017-03",
            "price": "15.50",
            "revenue": 20052
        },
        "2017-04": {
            "month": "2017-04",
            "price": "14.66",
            "revenue": 21123
        },
        "2017-05": {
            "month": "2017-05",
            "price": "14.58",
            "revenue": 21315
        },
        "2017-06": {
            "month": "2017-06",
            "price": "17.15",
            "revenue": 21307
        },
        "2017-07": {
            "month": "2017-07",
            "price": "22.24",
            "revenue": 21355
        },
        "2017-08": {
            "month": "2017-08",
            "price": "19.47",
            "revenue": 21455
        },
        "2017-09": {
            "month": "2017-09",
            "price": "19.99",
            "revenue": 22401
        },
        "2017-10": {
            "month": "2017-10",
            "price": "18.77",
            "revenue": 22203
        },
        "2017-11": {
            "month": "2017-11",
            "price": "18.10",
            "revenue": 22336
        },
        "2017-12": {
            "month": "2017-12",
            "price": "17.53",
            "revenue": 20252
        },
        "2018-01": {
            "month": "2018-01",
            "price": "18.56",
            "revenue": 23207
        },
        "2018-02": {
            "month": "2018-02",
            "price": "21.04",
            "revenue": 37832
        },
        "2018-03": {
            "month": "2018-03",
            "price": "38.19",
            "revenue": 45254
        },
        "2018-04": {
            "month": "2018-04",
            "price": "46.39",
            "revenue": 42510
        },
        "2018-05": {
            "month": "2018-05",
            "price": "38.64",
            "revenue": 25383
        },
        "2018-06": {
            "month": "2018-06",
            "price": "36.27",
            "revenue": 32178
        },
        "2018-07": {
            "month": "2018-07",
            "price": "41.86",
            "revenue": 43931
        },
        "2018-08": {
            "month": "2018-08",
            "price": "47.39",
            "revenue": 23268
        },
        "2018-09": {
            "month": "2018-09",
            "price": "34.10",
            "revenue": 24368
        },
        "2018-10": {
            "month": "2018-10",
            "price": "22.03",
            "revenue": 20043
        },
        "2018-11": {
            "month": "2018-11",
            "price": "23.19",
            "revenue": 28556
        },
        "2018-12": {
            "month": "2018-12",
            "price": "25.12",
            "revenue": 23124
        },
        "2019-01": {
            "month": "2019-01",
            "price": "23.73",
            "revenue": 20275
        },
        "2019-02": {
            "month": "2019-02",
            "price": "25.15",
            "revenue": 20401
        },
        "2019-03": {
            "month": "2019-03",
            "price": "23.03",
            "revenue": 20296
        },
        "2019-04": {
            "month": "2019-04",
            "price": "21.70",
            "revenue": 20126
        },
        "2019-05": {
            "month": "2019-05",
            "price": "23.05",
            "revenue": 20166
        },
        "2019-06": {
            "month": "2019-06",
            "price": "22.30",
            "revenue": 10526
        },
        "2019-07": {
            "month": "2019-07",
            "price": "23.31",
            "revenue": 15374
        },
        "2019-08": {
            "month": "2019-08",
            "price": "22.92",
            "revenue": 12182
        },
        "2019-09": {
            "month": "2019-09",
            "price": "22.85",
            "revenue": 15819
        },
        "2019-10": {
            "month": "2019-10",
            "price": "25.03",
            "revenue": 22933
        },
        "2019-11": {
            "month": "2019-11",
            "price": "36.27",
            "revenue": 25337
        },
        "2019-12": {
            "month": "2019-12",
            "price": "33.67",
            "revenue": 24958
        },
        "2020-01": {
            "month": "2020-01",
            "price": "35.04",
            "revenue": 23429
        },
        "2020-02": {
            "month": "2020-02",
            "price": "30.12",
            "revenue": 24214
        },
        "2020-03": {
            "month": "2020-03",
            "price": "30.22",
            "revenue": 27616
        },
        "2020-04": {
            "month": "2020-04",
            "price": "30.61",
            "revenue": 22027
        },
        "2020-05": {
            "month": "2020-05",
            "price": "32.89",
            "revenue": 20867
        },
        "2020-06": {
            "month": "2020-06",
            "price": "45.86",
            "revenue": 19550
        },
        "2020-07": {
            "month": "2020-07",
            "price": "62.80",
            "revenue": 20293
        },
        "2020-08": {
            "month": "2020-08",
            "price": "61.07",
            "revenue": 29900
        },
        "2020-09": {
            "month": "2020-09",
            "price": "84.22",
            "revenue": 43031
        },
        "2020-10": {
            "month": "2020-10",
            "price": "96.98",
            "revenue": 40314
        },
        "2020-11": {
            "month": "2020-11",
            "price": "105.30",
            "revenue": 48243
        },
        "2020-12": {
            "month": "2020-12",
            "price": "183.50",
            "revenue": 58777
        },
        "2021-01": {
            "month": "2021-01",
            "price": "227.42",
            "revenue": 59123
        },
        "2021-02": {
            "month": "2021-02",
            "price": "292.62",
            "revenue": 60761
        },
        "2021-03": {
            "month": "2021-03",
            "price": "447.02",
            "revenue": 66533
        },
        "2021-04": {
            "month": "2021-04",
            "price": "374.05",
            "revenue": 73076
        },
        "2021-05": {
            "month": "2021-05",
            "price": "231.36",
            "revenue": 79303
        },
        "2021-06": {
            "month": "2021-06",
            "price": "373.33",
            "revenue": 52641
        },
        "2021-07": {
            "month": "2021-07",
            "price": "421.73",
            "revenue": 48961
        },
        "2021-08": {
            "month": "2021-08",
            "price": "418.95",
            "revenue": 20522
        },
        "2021-09": {
            "month": "2021-09",
            "price": "370.98",
            "revenue": 20767
        },
        "2021-10": {
            "month": "2021-10",
            "price": "371.50",
            "revenue": 21850
        },
        "2021-11": {
            "month": "2021-11",
            "price": "461.50",
            "revenue": 21924
        },
        "2021-12": {
            "month": "2021-12",
            "price": "436.98",
            "revenue": 92913
        },
        "2022-01": {
            "month": "2022-01",
            "price": "448.44",
            "revenue": 75456
        },
        "2022-02": {
            "month": "2022-02",
            "price": "439.30",
            "revenue": 74800
        },
        "2022-03": {
            "month": "2022-03",
            "price": "392.24",
            "revenue": 27772
        },
        "2022-04": {
            "month": "2022-04",
            "price": "336.53",
            "revenue": 23141
        },
        "2022-05": {
            "month": "2022-05",
            "price": "360.29",
            "revenue": 29591
        },
        "2022-06": {
            "month": "2022-06",
            "price": "401.31",
            "revenue": 51464
        },
        "2022-07": {
            "month": "2022-07",
            "price": "307.40",
            "revenue": 30381
        },
        "2022-08": {
            "month": "2022-08",
            "price": "325.37",
            "revenue": 20811
        },
        "2022-09": {
            "month": "2022-09",
            "price": "335.07",
            "revenue": 15178
        },
        "2022-10": {
            "month": "2022-10",
            "price": "187.28",
            "revenue": 26267
        },
        "2022-11": {
            "month": "2022-11",
            "price": "184.80",
            "revenue": 20930
        },
        "2022-12": {
            "month": "2022-12",
            "price": "190.77",
            "revenue": 20223
        },
        "2023-01": {
            "month": "2023-01",
            "price": "180.54",
            "revenue": 19218
        },
        "2023-02": {
            "month": "2023-02",
            "price": "195.14",
            "revenue": 29505
        },
        "2023-03": {
            "month": "2023-03",
            "price": "191.43",
            "revenue": 27859
        },
        "2023-04": {
            "month": "2023-04",
            "price": "178.59",
            "revenue": 29363
        },
        "2023-05": {
            "month": "2023-05",
            "price": "164.61",
            "revenue": 20285
        },
        "2023-06": {
            "month": "2023-06",
            "price": "161.08",
            "revenue": 27493
        },
        "2023-07": {
            "month": "2023-07",
            "price": "135.69",
            "revenue": 25108
        },
        "2023-08": {
            "month": "2023-08",
            "price": "108.47",
            "revenue": 24010
        },
        "2023-09": {
            "month": "2023-09",
            "price": "112.82",
            "revenue": 26229
        },
        "2023-10": {
            "month": "2023-10",
            "price": "114.62",
            "revenue": 25528
        },
        "2023-11": {
            "month": "2023-11",
            "price": "191.98",
            "revenue": 25123
        },
        "2023-12": {
            "month": "2023-12",
            "price": "265.64",
            "revenue": 22055
        }
    }
}
