{
    "summary": {
        "stock_name": "晟鈦",
        "stock_id": "3229",
        "category": "電子零組件",
        "main_business": "印刷電路板製造",
        "website_url": "http://www.cheer-time.com.tw/",
        "ceo": "劉文禎",
        "pe_ratio": -23,
        "report_year_from": 2002,
        "report_year_to": 2023,
        "age": 21,
        "eps_negative_percentage": 48,
        "eps_growth_avg": {
            "last_all": -20.98,
            "last_2y": null,
            "last_4y": null,
            "last_8y": -64.38,
            "last_12y": -39.69,
            "last_16y": -33.53,
            "last_20y": null,
            "at_2006_last_3y": null,
            "at_2007_last_3y": -6.79,
            "at_2008_last_3y": -5.13,
            "at_2009_last_3y": -25.83,
            "at_2010_last_3y": -5.21,
            "at_2011_last_3y": 6.3,
            "at_2012_last_3y": -35.96,
            "at_2013_last_3y": -23.22,
            "at_2014_last_3y": -50.01,
            "at_2015_last_3y": -76.26,
            "at_2016_last_3y": -64.38,
            "at_2017_last_3y": -64.38,
            "at_2018_last_3y": -100,
            "at_2019_last_3y": null,
            "at_2020_last_3y": null,
            "at_2021_last_3y": null,
            "at_2022_last_3y": null,
            "at_2023_last_3y": null,
            "at_2006_last_all": 13.37,
            "at_2007_last_all": -6.79,
            "at_2008_last_all": 8.37,
            "at_2009_last_all": -5.39,
            "at_2010_last_all": 2.76,
            "at_2011_last_all": -0.25,
            "at_2012_last_all": -11.33,
            "at_2013_last_all": -11.33,
            "at_2014_last_all": -13.07,
            "at_2015_last_all": -20.98,
            "at_2016_last_all": -20.98,
            "at_2017_last_all": -20.98,
            "at_2018_last_all": -20.98,
            "at_2019_last_all": -20.98,
            "at_2020_last_all": -20.98,
            "at_2021_last_all": -20.98,
            "at_2022_last_all": -20.98,
            "at_2023_last_all": -20.98
        },
        "latest_eps": -0.63,
        "latest_price": 14.5,
        "latest_roe": -6.25,
        "latest_gross_margin": 1.79,
        "latest_equity": 628318,
        "latest_revenue": 226304,
        "latest_gross_profit": 4057,
        "latest_net_income": -15065,
        "latest_debt_ratio": 32.73,
        "latest_current_ratio": 219.54,
        "latest_account_receivable_turnover_ratio": 0.96,
        "latest_inventory_turnover_ratio": 1.83,
        "latest_reinvestment_rate": null,
        "latest_research_to_sale_ratio": 0.21
    },
    "eps_dividends": {
        "2001": {
            "cash": 0,
            "stock": 0,
            "eps": 0
        },
        "2002": {
            "cash": 0,
            "stock": 0,
            "eps": 0
        },
        "2003": {
            "cash": 0,
            "stock": 0,
            "eps": 1.78
        },
        "2004": {
            "cash": 1.35,
            "stock": 2,
            "eps": 2.89
        },
        "2005": {
            "cash": 1.5,
            "stock": 0.5,
            "eps": 3.14
        },
        "2006": {
            "cash": 1,
            "stock": 1.5,
            "eps": 2.17
        },
        "2007": {
            "cash": 1.5,
            "stock": 0.3,
            "eps": 0.71
        },
        "2008": {
            "cash": 0.1,
            "stock": 0.3,
            "eps": 1.2
        },
        "2009": {
            "cash": 0.1,
            "stock": 0.45,
            "eps": 0.31
        },
        "2010": {
            "cash": 0.1,
            "stock": 0.3,
            "eps": 0.47
        },
        "2011": {
            "cash": 0.7,
            "stock": 0,
            "eps": 0.37
        },
        "2012": {
            "cash": 0,
            "stock": 0,
            "eps": -2.05
        },
        "2013": {
            "cash": 0,
            "stock": 0,
            "eps": 0.73
        },
        "2014": {
            "cash": 0,
            "stock": 0,
            "eps": 0.52
        },
        "2015": {
            "cash": 0,
            "stock": 0,
            "eps": -0.44
        },
        "2016": {
            "cash": 0,
            "stock": 0,
            "eps": -1.74
        },
        "2017": {
            "cash": 0,
            "stock": 0,
            "eps": -0.18
        },
        "2018": {
            "cash": 0,
            "stock": 0,
            "eps": -0.76
        },
        "2019": {
            "cash": 0,
            "stock": 0,
            "eps": -1.63
        },
        "2020": {
            "cash": 0,
            "stock": 0,
            "eps": -2.27
        },
        "2021": {
            "cash": 0,
            "stock": 0,
            "eps": -1.22
        },
        "2022": {
            "cash": 0,
            "stock": 0,
            "eps": -0.7
        },
        "2023": {
            "cash": 0,
            "stock": 0,
            "eps": -0.22
        }
    },
    "dividends": {
        "2004-03-19": {
            "cash": 1.35,
            "stock": 2
        },
        "2005-03-31": {
            "cash": 1.5,
            "stock": 0.5
        },
        "2006-04-10": {
            "cash": 1,
            "stock": 1.5
        },
        "2007-04-17": {
            "cash": 1.5,
            "stock": 0.3
        },
        "2008-04-14": {
            "cash": 0.1,
            "stock": 0.3
        },
        "2009-04-03": {
            "cash": 0.1,
            "stock": 0.45
        },
        "2010-03-25": {
            "cash": 0.1,
            "stock": 0.3
        },
        "2011-01-01": {
            "cash": 0.3,
            "stock": 0
        },
        "2011-03-17": {
            "cash": 0.4,
            "stock": 0
        }
    },
    "prices": {
        "200101": "無",
        "200102": "無",
        "200103": "無",
        "200104": "無",
        "200105": "無",
        "200106": "無",
        "200107": "無",
        "200108": "無",
        "200109": "無",
        "200110": "無",
        "200111": "無",
        "200112": "無",
        "200201": "無",
        "200202": "無",
        "200203": "無",
        "200204": "無",
        "200205": "無",
        "200206": "無",
        "200207": "無",
        "200208": "無",
        "200209": "無",
        "200210": "無",
        "200211": "無",
        "200212": "無",
        "200301": "無",
        "200302": "無",
        "200303": "無",
        "200304": "無",
        "200305": "無",
        "200306": "無",
        "200307": "無",
        "200308": "無",
        "200309": "無",
        "200310": "無",
        "200311": "無",
        "200312": "無",
        "200401": "無",
        "200402": "33.83",
        "200403": "34.44",
        "200404": "32.14",
        "200405": "33.86",
        "200406": "34.30",
        "200407": "29.36",
        "200408": "29.42",
        "200409": "25.62",
        "200410": "23.80",
        "200411": "25.35",
        "200412": "24.59",
        "200501": "23.83",
        "200502": "23.78",
        "200503": "26.24",
        "200504": "23.82",
        "200505": "21.86",
        "200506": "22.52",
        "200507": "24.04",
        "200508": "23.65",
        "200509": "22.66",
        "200510": "21.98",
        "200511": "21.45",
        "200512": "24.53",
        "200601": "25.26",
        "200602": "25.01",
        "200603": "24.12",
        "200604": "25.97",
        "200605": "25.25",
        "200606": "23.96",
        "200607": "23.91",
        "200608": "21.78",
        "200609": "20.39",
        "200610": "20.48",
        "200611": "19.78",
        "200612": "20.52",
        "200701": "21.10",
        "200702": "20.50",
        "200703": "22.70",
        "200704": "27.86",
        "200705": "28.20",
        "200706": "30.66",
        "200707": "36.20",
        "200708": "32.08",
        "200709": "26.97",
        "200710": "24.45",
        "200711": "19.85",
        "200712": "18.19",
        "200801": "17.35",
        "200802": "16.60",
        "200803": "18.33",
        "200804": "19.60",
        "200805": "18.77",
        "200806": "15.86",
        "200807": "12.97",
        "200808": "12.83",
        "200809": "10.91",
        "200810": "10.42",
        "200811": "9.10",
        "200812": "8.81",
        "200901": "8.60",
        "200902": "8.22",
        "200903": "9.14",
        "200904": "10.43",
        "200905": "10.65",
        "200906": "10.72",
        "200907": "10.91",
        "200908": "11.68",
        "200909": "13.27",
        "200910": "13.25",
        "200911": "13.54",
        "200912": "17.30",
        "201001": "16.27",
        "201002": "13.71",
        "201003": "14.91",
        "201004": "17.01",
        "201005": "15.39",
        "201006": "15.24",
        "201007": "15.82",
        "201008": "17.15",
        "201009": "16.18",
        "201010": "15.85",
        "201011": "13.48",
        "201012": "13.89",
        "201101": "13.88",
        "201102": "13.87",
        "201103": "13.44",
        "201104": "14.09",
        "201105": "13.47",
        "201106": "12.87",
        "201107": "11.60",
        "201108": "9.42",
        "201109": "8.98",
        "201110": "8.38",
        "201111": "8.23",
        "201112": "7.43",
        "201201": "7.27",
        "201202": "8.60",
        "201203": "8.81",
        "201204": "9.31",
        "201205": "8.50",
        "201206": "7.51",
        "201207": "7.51",
        "201208": "7.13",
        "201209": "7.40",
        "201210": "7.32",
        "201211": "7.00",
        "201212": "7.08",
        "201301": "7.35",
        "201302": "8.03",
        "201303": "7.84",
        "201304": "9.07",
        "201305": "11.24",
        "201306": "13.47",
        "201307": "18.18",
        "201308": "19.46",
        "201309": "34.26",
        "201310": "44.04",
        "201311": "40.39",
        "201312": "38.25",
        "201401": "39.81",
        "201402": "43.16",
        "201403": "43.07",
        "201404": "54.70",
        "201405": "47.55",
        "201406": "49.16",
        "201407": "45.09",
        "201408": "43.55",
        "201409": "41.68",
        "201410": "34.29",
        "201411": "35.63",
        "201412": "37.12",
        "201501": "35.10",
        "201502": "31.98",
        "201503": "33.35",
        "201504": "35.92",
        "201505": "32.62",
        "201506": "32.68",
        "201507": "29.38",
        "201508": "20.94",
        "201509": "21.13",
        "201510": "19.62",
        "201511": "18.42",
        "201512": "14.76",
        "201601": "13.35",
        "201602": "13.58",
        "201603": "17.22",
        "201604": "17.40",
        "201605": "14.37",
        "201606": "15.43",
        "201607": "15.26",
        "201608": "13.81",
        "201609": "12.38",
        "201610": "12.33",
        "201611": "11.85",
        "201612": "11.52",
        "201701": "11.17",
        "201702": "10.81",
        "201703": "10.32",
        "201704": "10.02",
        "201705": "13.23",
        "201706": "22.63",
        "201707": "21.25",
        "201708": "19.23",
        "201709": "18.81",
        "201710": "17.10",
        "201711": "20.43",
        "201712": "18.22",
        "201801": "18.73",
        "201802": "18.15",
        "201803": "19.14",
        "201804": "17.84",
        "201805": "16.93",
        "201806": "17.52",
        "201807": "17.35",
        "201808": "16.97",
        "201809": "17.83",
        "201810": "17.78",
        "201811": "17.75",
        "201812": "19.43",
        "201901": "17.95",
        "201902": "17.31",
        "201903": "17.06",
        "201904": "15.28",
        "201905": "12.91",
        "201906": "13.05",
        "201907": "12.49",
        "201908": "12.35",
        "201909": "15.58",
        "201910": "13.89",
        "201911": "13.01",
        "201912": "12.52",
        "202001": "12.95",
        "202002": "11.75",
        "202003": "10.11",
        "202004": "9.07",
        "202005": "9.26",
        "202006": "10.36",
        "202007": "10.40",
        "202008": "9.98",
        "202009": "9.82",
        "202010": "9.35",
        "202011": "8.02",
        "202012": "5.73",
        "202101": "5.47",
        "202102": "5.22",
        "202103": "6.80",
        "202104": "7.00",
        "202105": "6.44",
        "202106": "6.20",
        "202107": "6.59",
        "202108": "6.52",
        "202109": "6.83",
        "202110": "6.93",
        "202111": "6.72",
        "202112": "6.61",
        "202201": "15.73",
        "202202": "14.81",
        "202203": "18.24",
        "202204": "21.09",
        "202205": "20.87",
        "202206": "20.03",
        "202207": "20.80",
        "202208": "26.91",
        "202209": "24.89",
        "202210": "21.73",
        "202211": "19.89",
        "202212": "19.76",
        "202301": "19.54",
        "202302": "19.70",
        "202303": "19.86",
        "202304": "19.86",
        "202305": "19.51",
        "202306": "19.24",
        "202307": "18.20",
        "202308": "15.05",
        "202309": "14.62",
        "202310": "14.35"
    },
    "quarters": {
        "20011": {
            "year_quarter": 20011,
            "year": 2001,
            "quarter": 1,
            "eps": null,
            "eps_growth_year": null,
            "eps_4q": null,
            "eps_4q_growth_year": null,
            "roe": null,
            "roe_4q": 0,
            "gross_profit": null,
            "gross_margin": null,
            "gross_margin_4q_avg": 0,
            "net_income": null,
            "net_income_4q": null,
            "revenue": null,
            "revenue_4q": null,
            "common_shares": null,
            "book_valuer_per_share": null,
            "book_valuer_per_share_4q_avg": 0,
            "equity": null,
            "current_ratio": null,
            "debt_ratio": null,
            "inventory_turnover_ratio": null,
            "account_receivable_turnover_ratio": null,
            "reinvestment_rate": null,
            "research_to_sale_ratio": null,
            "price_fair": 0,
            "eps_avg_yearly": 0,
            "eps_latest_yearly": 0,
            "eps_growth_yearly": 0
        },
        "20012": {
            "year_quarter": 20012,
            "year": 2001,
            "quarter": 2,
            "eps": null,
            "eps_growth_year": null,
            "eps_4q": null,
            "eps_4q_growth_year": null,
            "roe": null,
            "roe_4q": 0,
            "gross_profit": null,
            "gross_margin": null,
            "gross_margin_4q_avg": 0,
            "net_income": null,
            "net_income_4q": null,
            "revenue": null,
            "revenue_4q": null,
            "common_shares": null,
            "book_valuer_per_share": null,
            "book_valuer_per_share_4q_avg": 0,
            "equity": null,
            "current_ratio": null,
            "debt_ratio": null,
            "inventory_turnover_ratio": null,
            "account_receivable_turnover_ratio": null,
            "reinvestment_rate": null,
            "research_to_sale_ratio": null,
            "price_fair": 0,
            "eps_avg_yearly": 0,
            "eps_latest_yearly": 0,
            "eps_growth_yearly": 0
        },
        "20013": {
            "year_quarter": 20013,
            "year": 2001,
            "quarter": 3,
            "eps": null,
            "eps_growth_year": null,
            "eps_4q": null,
            "eps_4q_growth_year": null,
            "roe": null,
            "roe_4q": 0,
            "gross_profit": null,
            "gross_margin": null,
            "gross_margin_4q_avg": 0,
            "net_income": null,
            "net_income_4q": null,
            "revenue": null,
            "revenue_4q": null,
            "common_shares": null,
            "book_valuer_per_share": null,
            "book_valuer_per_share_4q_avg": 0,
            "equity": null,
            "current_ratio": null,
            "debt_ratio": null,
            "inventory_turnover_ratio": null,
            "account_receivable_turnover_ratio": null,
            "reinvestment_rate": null,
            "research_to_sale_ratio": null,
            "price_fair": 0,
            "eps_avg_yearly": 0,
            "eps_latest_yearly": 0,
            "eps_growth_yearly": 0
        },
        "20014": {
            "year_quarter": 20014,
            "year": 2001,
            "quarter": 4,
            "eps": null,
            "eps_growth_year": null,
            "eps_4q": null,
            "eps_4q_growth_year": null,
            "roe": null,
            "roe_4q": 0,
            "gross_profit": null,
            "gross_margin": null,
            "gross_margin_4q_avg": 0,
            "net_income": null,
            "net_income_4q": null,
            "revenue": null,
            "revenue_4q": null,
            "common_shares": 188100,
            "book_valuer_per_share": 12.83,
            "book_valuer_per_share_4q_avg": 3.21,
            "equity": 241400,
            "current_ratio": 171.45,
            "debt_ratio": 43.96,
            "inventory_turnover_ratio": null,
            "account_receivable_turnover_ratio": null,
            "reinvestment_rate": null,
            "research_to_sale_ratio": null,
            "price_fair": 0,
            "eps_avg_yearly": 0,
            "eps_latest_yearly": 0,
            "eps_growth_yearly": 0
        },
        "20021": {
            "year_quarter": 20021,
            "year": 2002,
            "quarter": 1,
            "eps": null,
            "eps_growth_year": null,
            "eps_4q": null,
            "eps_4q_growth_year": null,
            "roe": null,
            "roe_4q": 0,
            "gross_profit": null,
            "gross_margin": null,
            "gross_margin_4q_avg": 0,
            "net_income": null,
            "net_income_4q": null,
            "revenue": null,
            "revenue_4q": null,
            "common_shares": null,
            "book_valuer_per_share": null,
            "book_valuer_per_share_4q_avg": 3.21,
            "equity": null,
            "current_ratio": null,
            "debt_ratio": null,
            "inventory_turnover_ratio": null,
            "account_receivable_turnover_ratio": null,
            "reinvestment_rate": null,
            "research_to_sale_ratio": null,
            "price_fair": 0,
            "eps_avg_yearly": 0,
            "eps_latest_yearly": 0,
            "eps_growth_yearly": 0
        },
        "20022": {
            "year_quarter": 20022,
            "year": 2002,
            "quarter": 2,
            "eps": null,
            "eps_growth_year": null,
            "eps_4q": null,
            "eps_4q_growth_year": null,
            "roe": null,
            "roe_4q": 0,
            "gross_profit": null,
            "gross_margin": null,
            "gross_margin_4q_avg": 0,
            "net_income": null,
            "net_income_4q": null,
            "revenue": null,
            "revenue_4q": null,
            "common_shares": null,
            "book_valuer_per_share": null,
            "book_valuer_per_share_4q_avg": 3.21,
            "equity": null,
            "current_ratio": null,
            "debt_ratio": null,
            "inventory_turnover_ratio": null,
            "account_receivable_turnover_ratio": null,
            "reinvestment_rate": null,
            "research_to_sale_ratio": null,
            "price_fair": 0,
            "eps_avg_yearly": 0,
            "eps_latest_yearly": 0,
            "eps_growth_yearly": 0
        },
        "20023": {
            "year_quarter": 20023,
            "year": 2002,
            "quarter": 3,
            "eps": null,
            "eps_growth_year": null,
            "eps_4q": null,
            "eps_4q_growth_year": null,
            "roe": null,
            "roe_4q": 0,
            "gross_profit": null,
            "gross_margin": null,
            "gross_margin_4q_avg": 0,
            "net_income": null,
            "net_income_4q": null,
            "revenue": null,
            "revenue_4q": null,
            "common_shares": null,
            "book_valuer_per_share": null,
            "book_valuer_per_share_4q_avg": 3.21,
            "equity": null,
            "current_ratio": null,
            "debt_ratio": null,
            "inventory_turnover_ratio": null,
            "account_receivable_turnover_ratio": null,
            "reinvestment_rate": null,
            "research_to_sale_ratio": null,
            "price_fair": 0,
            "eps_avg_yearly": 0,
            "eps_latest_yearly": 0,
            "eps_growth_yearly": 0
        },
        "20024": {
            "year_quarter": 20024,
            "year": 2002,
            "quarter": 4,
            "eps": null,
            "eps_growth_year": null,
            "eps_4q": null,
            "eps_4q_growth_year": null,
            "roe": null,
            "roe_4q": 0,
            "gross_profit": null,
            "gross_margin": null,
            "gross_margin_4q_avg": 0,
            "net_income": null,
            "net_income_4q": null,
            "revenue": null,
            "revenue_4q": null,
            "common_shares": 300000,
            "book_valuer_per_share": 12.73,
            "book_valuer_per_share_4q_avg": 3.18,
            "equity": 381892,
            "current_ratio": 263.67,
            "debt_ratio": 31.56,
            "inventory_turnover_ratio": null,
            "account_receivable_turnover_ratio": null,
            "reinvestment_rate": null,
            "research_to_sale_ratio": null,
            "price_fair": 0,
            "eps_avg_yearly": 0,
            "eps_latest_yearly": 0,
            "eps_growth_yearly": 0
        },
        "20031": {
            "year_quarter": 20031,
            "year": 2003,
            "quarter": 1,
            "eps": null,
            "eps_growth_year": null,
            "eps_4q": null,
            "eps_4q_growth_year": null,
            "roe": null,
            "roe_4q": 0,
            "gross_profit": null,
            "gross_margin": null,
            "gross_margin_4q_avg": 0,
            "net_income": null,
            "net_income_4q": null,
            "revenue": null,
            "revenue_4q": null,
            "common_shares": null,
            "book_valuer_per_share": null,
            "book_valuer_per_share_4q_avg": 3.18,
            "equity": null,
            "current_ratio": null,
            "debt_ratio": null,
            "inventory_turnover_ratio": null,
            "account_receivable_turnover_ratio": null,
            "reinvestment_rate": null,
            "research_to_sale_ratio": null,
            "price_fair": 0,
            "eps_avg_yearly": 0,
            "eps_latest_yearly": 0,
            "eps_growth_yearly": 0
        },
        "20032": {
            "year_quarter": 20032,
            "year": 2003,
            "quarter": 2,
            "eps": null,
            "eps_growth_year": null,
            "eps_4q": null,
            "eps_4q_growth_year": null,
            "roe": null,
            "roe_4q": 0,
            "gross_profit": null,
            "gross_margin": null,
            "gross_margin_4q_avg": 0,
            "net_income": null,
            "net_income_4q": null,
            "revenue": null,
            "revenue_4q": null,
            "common_shares": null,
            "book_valuer_per_share": null,
            "book_valuer_per_share_4q_avg": 3.18,
            "equity": null,
            "current_ratio": null,
            "debt_ratio": null,
            "inventory_turnover_ratio": null,
            "account_receivable_turnover_ratio": null,
            "reinvestment_rate": null,
            "research_to_sale_ratio": null,
            "price_fair": 0,
            "eps_avg_yearly": 0,
            "eps_latest_yearly": 0,
            "eps_growth_yearly": 0
        },
        "20033": {
            "year_quarter": 20033,
            "year": 2003,
            "quarter": 3,
            "eps": 0.88,
            "eps_growth_year": null,
            "eps_4q": null,
            "eps_4q_growth_year": null,
            "roe": 6.3,
            "roe_4q": 6.3,
            "gross_profit": 42172,
            "gross_margin": 33.04,
            "gross_margin_4q_avg": 8.26,
            "net_income": 26460,
            "net_income_4q": null,
            "revenue": 127638,
            "revenue_4q": null,
            "common_shares": 300000,
            "book_valuer_per_share": 14,
            "book_valuer_per_share_4q_avg": 6.68,
            "equity": 420087,
            "current_ratio": 245.83,
            "debt_ratio": 31.64,
            "inventory_turnover_ratio": 4.4,
            "account_receivable_turnover_ratio": null,
            "reinvestment_rate": null,
            "research_to_sale_ratio": null,
            "price_fair": 0,
            "eps_avg_yearly": 0,
            "eps_latest_yearly": 0,
            "eps_growth_yearly": 0
        },
        "20034": {
            "year_quarter": 20034,
            "year": 2003,
            "quarter": 4,
            "eps": 0.9,
            "eps_growth_year": null,
            "eps_4q": null,
            "eps_4q_growth_year": null,
            "roe": 6.28,
            "roe_4q": 12.58,
            "gross_profit": 49866,
            "gross_margin": 34.53,
            "gross_margin_4q_avg": 16.89,
            "net_income": 27111,
            "net_income_4q": null,
            "revenue": 144405,
            "revenue_4q": null,
            "common_shares": 300000,
            "book_valuer_per_share": 14.78,
            "book_valuer_per_share_4q_avg": 7.2,
            "equity": 443327,
            "current_ratio": 318.57,
            "debt_ratio": 31.72,
            "inventory_turnover_ratio": 4.36,
            "account_receivable_turnover_ratio": null,
            "reinvestment_rate": null,
            "research_to_sale_ratio": null,
            "price_fair": 68.73,
            "eps_avg_yearly": 3.6,
            "eps_latest_yearly": 3.6,
            "eps_growth_yearly": 9.09
        },
        "20041": {
            "year_quarter": 20041,
            "year": 2004,
            "quarter": 1,
            "eps": 0.77,
            "eps_growth_year": null,
            "eps_4q": null,
            "eps_4q_growth_year": null,
            "roe": 5.07,
            "roe_4q": 17.650000000000002,
            "gross_profit": 44843,
            "gross_margin": 31.96,
            "gross_margin_4q_avg": 24.88,
            "net_income": 23074,
            "net_income_4q": null,
            "revenue": 140288,
            "revenue_4q": null,
            "common_shares": 300000,
            "book_valuer_per_share": 15.55,
            "book_valuer_per_share_4q_avg": 11.08,
            "equity": 466401,
            "current_ratio": 312.14,
            "debt_ratio": 31.21,
            "inventory_turnover_ratio": 3.93,
            "account_receivable_turnover_ratio": null,
            "reinvestment_rate": null,
            "research_to_sale_ratio": null,
            "price_fair": 10.02,
            "eps_avg_yearly": 3.34,
            "eps_latest_yearly": 3.08,
            "eps_growth_yearly": -24.34
        },
        "20042": {
            "year_quarter": 20042,
            "year": 2004,
            "quarter": 2,
            "eps": 0.68,
            "eps_growth_year": null,
            "eps_4q": 2.78,
            "eps_4q_growth_year": null,
            "roe": 5.42,
            "roe_4q": 23.07,
            "gross_profit": 46736,
            "gross_margin": 32.23,
            "gross_margin_4q_avg": 32.94,
            "net_income": 24829,
            "net_income_4q": null,
            "revenue": 145001,
            "revenue_4q": null,
            "common_shares": 300000,
            "book_valuer_per_share": 14.97,
            "book_valuer_per_share_4q_avg": 14.83,
            "equity": 449016,
            "current_ratio": 247.26,
            "debt_ratio": 31.35,
            "inventory_turnover_ratio": 3.46,
            "account_receivable_turnover_ratio": null,
            "reinvestment_rate": null,
            "research_to_sale_ratio": null,
            "price_fair": 9.4,
            "eps_avg_yearly": 3.13,
            "eps_latest_yearly": 2.72,
            "eps_growth_yearly": -31.81
        },
        "20043": {
            "year_quarter": 20043,
            "year": 2004,
            "quarter": 3,
            "eps": 0.69,
            "eps_growth_year": -21.59,
            "eps_4q": 2.74,
            "eps_4q_growth_year": null,
            "roe": 5.47,
            "roe_4q": 22.240000000000002,
            "gross_profit": 52000,
            "gross_margin": 31.28,
            "gross_margin_4q_avg": 32.5,
            "net_income": 25263,
            "net_income_4q": null,
            "revenue": 166251,
            "revenue_4q": null,
            "common_shares": 366000,
            "book_valuer_per_share": 12.96,
            "book_valuer_per_share_4q_avg": 14.57,
            "equity": 474209,
            "current_ratio": 313.63,
            "debt_ratio": 25.39,
            "inventory_turnover_ratio": 2.94,
            "account_receivable_turnover_ratio": null,
            "reinvestment_rate": null,
            "research_to_sale_ratio": null,
            "price_fair": 9.12,
            "eps_avg_yearly": 3.04,
            "eps_latest_yearly": 2.76,
            "eps_growth_yearly": -22.39
        },
        "20044": {
            "year_quarter": 20044,
            "year": 2004,
            "quarter": 4,
            "eps": 0.75,
            "eps_growth_year": -16.67,
            "eps_4q": 2.74,
            "eps_4q_growth_year": null,
            "roe": 5.64,
            "roe_4q": 21.6,
            "gross_profit": 53682,
            "gross_margin": 31.61,
            "gross_margin_4q_avg": 31.77,
            "net_income": 27517,
            "net_income_4q": null,
            "revenue": 169840,
            "revenue_4q": null,
            "common_shares": 366000,
            "book_valuer_per_share": 13.71,
            "book_valuer_per_share_4q_avg": 14.3,
            "equity": 501796,
            "current_ratio": 323.5,
            "debt_ratio": 24.51,
            "inventory_turnover_ratio": 2.6,
            "account_receivable_turnover_ratio": null,
            "reinvestment_rate": null,
            "research_to_sale_ratio": null,
            "price_fair": 9.1,
            "eps_avg_yearly": 3.03,
            "eps_latest_yearly": 3,
            "eps_growth_yearly": -10.96
        },
        "20051": {
            "year_quarter": 20051,
            "year": 2005,
            "quarter": 1,
            "eps": 0.69,
            "eps_growth_year": -10.39,
            "eps_4q": 2.8,
            "eps_4q_growth_year": null,
            "roe": 4.94,
            "roe_4q": 21.47,
            "gross_profit": 50476,
            "gross_margin": 29.08,
            "gross_margin_4q_avg": 31.05,
            "net_income": 25414,
            "net_income_4q": null,
            "revenue": 173580,
            "revenue_4q": null,
            "common_shares": 366000,
            "book_valuer_per_share": 14.4,
            "book_valuer_per_share_4q_avg": 14.01,
            "equity": 527210,
            "current_ratio": 301.81,
            "debt_ratio": 24.65,
            "inventory_turnover_ratio": 3.31,
            "account_receivable_turnover_ratio": null,
            "reinvestment_rate": null,
            "research_to_sale_ratio": null,
            "price_fair": 8.96,
            "eps_avg_yearly": 2.99,
            "eps_latest_yearly": 2.76,
            "eps_growth_yearly": -14.46
        },
        "20052": {
            "year_quarter": 20052,
            "year": 2005,
            "quarter": 2,
            "eps": 0.67,
            "eps_growth_year": -1.47,
            "eps_4q": 2.8,
            "eps_4q_growth_year": 0.84,
            "roe": 4.81,
            "roe_4q": 20.86,
            "gross_profit": 53479,
            "gross_margin": 31.65,
            "gross_margin_4q_avg": 30.91,
            "net_income": 24569,
            "net_income_4q": null,
            "revenue": 168954,
            "revenue_4q": null,
            "common_shares": 366000,
            "book_valuer_per_share": 13.53,
            "book_valuer_per_share_4q_avg": 13.65,
            "equity": 495264,
            "current_ratio": 220.12,
            "debt_ratio": 30.09,
            "inventory_turnover_ratio": 3.64,
            "account_receivable_turnover_ratio": null,
            "reinvestment_rate": null,
            "research_to_sale_ratio": null,
            "price_fair": 8.83,
            "eps_avg_yearly": 2.94,
            "eps_latest_yearly": 2.68,
            "eps_growth_yearly": -14.05
        },
        "20053": {
            "year_quarter": 20053,
            "year": 2005,
            "quarter": 3,
            "eps": 0.93,
            "eps_growth_year": 34.78,
            "eps_4q": 2.91,
            "eps_4q_growth_year": 6.33,
            "roe": 7.08,
            "roe_4q": 22.470000000000002,
            "gross_profit": 57809,
            "gross_margin": 31.27,
            "gross_margin_4q_avg": 30.9,
            "net_income": 36360,
            "net_income_4q": null,
            "revenue": 184882,
            "revenue_4q": null,
            "common_shares": 390300,
            "book_valuer_per_share": 13.62,
            "book_valuer_per_share_4q_avg": 13.82,
            "equity": 531624,
            "current_ratio": 269.48,
            "debt_ratio": 24.28,
            "inventory_turnover_ratio": 3.16,
            "account_receivable_turnover_ratio": null,
            "reinvestment_rate": null,
            "research_to_sale_ratio": null,
            "price_fair": 52,
            "eps_avg_yearly": 3.04,
            "eps_latest_yearly": 3.72,
            "eps_growth_yearly": 7.11
        },
        "20054": {
            "year_quarter": 20054,
            "year": 2005,
            "quarter": 4,
            "eps": 0.85,
            "eps_growth_year": 13.33,
            "eps_4q": 3.07,
            "eps_4q_growth_year": 11.86,
            "roe": 6.03,
            "roe_4q": 22.86,
            "gross_profit": 57217,
            "gross_margin": 31.31,
            "gross_margin_4q_avg": 30.83,
            "net_income": 33063,
            "net_income_4q": null,
            "revenue": 182722,
            "revenue_4q": null,
            "common_shares": 390300,
            "book_valuer_per_share": 14.47,
            "book_valuer_per_share_4q_avg": 14.01,
            "equity": 564686,
            "current_ratio": 296.51,
            "debt_ratio": 22.81,
            "inventory_turnover_ratio": 2.65,
            "account_receivable_turnover_ratio": null,
            "reinvestment_rate": null,
            "research_to_sale_ratio": null,
            "price_fair": 38.48,
            "eps_avg_yearly": 3.08,
            "eps_latest_yearly": 3.4,
            "eps_growth_yearly": 2.49
        },
        "20061": {
            "year_quarter": 20061,
            "year": 2006,
            "quarter": 1,
            "eps": 0.61,
            "eps_growth_year": -11.59,
            "eps_4q": 3.01,
            "eps_4q_growth_year": 7.51,
            "roe": 4.15,
            "roe_4q": 22.069999999999997,
            "gross_profit": 51132,
            "gross_margin": 27.55,
            "gross_margin_4q_avg": 30.45,
            "net_income": 23918,
            "net_income_4q": null,
            "revenue": 185577,
            "revenue_4q": null,
            "common_shares": 390300,
            "book_valuer_per_share": 15.09,
            "book_valuer_per_share_4q_avg": 14.18,
            "equity": 588991,
            "current_ratio": 232.27,
            "debt_ratio": 24.12,
            "inventory_turnover_ratio": 2.67,
            "account_receivable_turnover_ratio": null,
            "reinvestment_rate": null,
            "research_to_sale_ratio": null,
            "price_fair": 9.05,
            "eps_avg_yearly": 3.02,
            "eps_latest_yearly": 2.44,
            "eps_growth_yearly": -9.05
        },
        "20062": {
            "year_quarter": 20062,
            "year": 2006,
            "quarter": 2,
            "eps": 0.58,
            "eps_growth_year": -13.43,
            "eps_4q": 2.99,
            "eps_4q_growth_year": 6.56,
            "roe": 3.87,
            "roe_4q": 21.130000000000003,
            "gross_profit": 55447,
            "gross_margin": 26.23,
            "gross_margin_4q_avg": 29.09,
            "net_income": 22500,
            "net_income_4q": null,
            "revenue": 211382,
            "revenue_4q": null,
            "common_shares": 390300,
            "book_valuer_per_share": 14.68,
            "book_valuer_per_share_4q_avg": 14.47,
            "equity": 573076,
            "current_ratio": 113.88,
            "debt_ratio": 41.78,
            "inventory_turnover_ratio": 2.45,
            "account_receivable_turnover_ratio": null,
            "reinvestment_rate": null,
            "research_to_sale_ratio": null,
            "price_fair": 8.86,
            "eps_avg_yearly": 2.95,
            "eps_latest_yearly": 2.32,
            "eps_growth_yearly": -10.02
        },
        "20063": {
            "year_quarter": 20063,
            "year": 2006,
            "quarter": 3,
            "eps": 0.29,
            "eps_growth_year": -68.82,
            "eps_4q": 2,
            "eps_4q_growth_year": -31.25,
            "roe": 2.31,
            "roe_4q": 16.36,
            "gross_profit": 49154,
            "gross_margin": 24.31,
            "gross_margin_4q_avg": 27.35,
            "net_income": 13461,
            "net_income_4q": null,
            "revenue": 202227,
            "revenue_4q": null,
            "common_shares": 458800,
            "book_valuer_per_share": 12.96,
            "book_valuer_per_share_4q_avg": 14.3,
            "equity": 594615,
            "current_ratio": 127.39,
            "debt_ratio": 39.22,
            "inventory_turnover_ratio": 1.97,
            "account_receivable_turnover_ratio": null,
            "reinvestment_rate": null,
            "research_to_sale_ratio": null,
            "price_fair": 8.41,
            "eps_avg_yearly": 2.8,
            "eps_latest_yearly": 1.16,
            "eps_growth_yearly": -25.85
        },
        "20064": {
            "year_quarter": 20064,
            "year": 2006,
            "quarter": 4,
            "eps": 0.69,
            "eps_growth_year": -18.82,
            "eps_4q": 1.99,
            "eps_4q_growth_year": -35.21,
            "roe": 5.22,
            "roe_4q": 15.549999999999999,
            "gross_profit": 60228,
            "gross_margin": 27.64,
            "gross_margin_4q_avg": 26.43,
            "net_income": 31806,
            "net_income_4q": null,
            "revenue": 217925,
            "revenue_4q": null,
            "common_shares": 458800,
            "book_valuer_per_share": 13.61,
            "book_valuer_per_share_4q_avg": 14.09,
            "equity": 624565,
            "current_ratio": 110.03,
            "debt_ratio": 42.87,
            "inventory_turnover_ratio": 2,
            "account_receivable_turnover_ratio": null,
            "reinvestment_rate": null,
            "research_to_sale_ratio": null,
            "price_fair": 80.03,
            "eps_avg_yearly": 2.8,
            "eps_latest_yearly": 2.76,
            "eps_growth_yearly": 18.58
        },
        "20071": {
            "year_quarter": 20071,
            "year": 2007,
            "quarter": 1,
            "eps": 0.48,
            "eps_growth_year": -21.31,
            "eps_4q": 1.96,
            "eps_4q_growth_year": -34.93,
            "roe": 3.45,
            "roe_4q": 14.850000000000001,
            "gross_profit": 64007,
            "gross_margin": 27.14,
            "gross_margin_4q_avg": 26.33,
            "net_income": 22025,
            "net_income_4q": null,
            "revenue": 235874,
            "revenue_4q": null,
            "common_shares": 458800,
            "book_valuer_per_share": 14.2,
            "book_valuer_per_share_4q_avg": 13.86,
            "equity": 651633,
            "current_ratio": 149.97,
            "debt_ratio": 35.85,
            "inventory_turnover_ratio": 2.51,
            "account_receivable_turnover_ratio": null,
            "reinvestment_rate": null,
            "research_to_sale_ratio": null,
            "price_fair": 50.8,
            "eps_avg_yearly": 2.74,
            "eps_latest_yearly": 1.92,
            "eps_growth_yearly": 8.56
        },
        "20072": {
            "year_quarter": 20072,
            "year": 2007,
            "quarter": 2,
            "eps": 0.04,
            "eps_growth_year": -93.1,
            "eps_4q": 1.58,
            "eps_4q_growth_year": -47.12,
            "roe": 0.28,
            "roe_4q": 11.26,
            "gross_profit": 59803,
            "gross_margin": 25.26,
            "gross_margin_4q_avg": 26.09,
            "net_income": 1749,
            "net_income_4q": null,
            "revenue": 236712,
            "revenue_4q": null,
            "common_shares": 458800,
            "book_valuer_per_share": 12.71,
            "book_valuer_per_share_4q_avg": 13.37,
            "equity": 583282,
            "current_ratio": 118.95,
            "debt_ratio": 41.51,
            "inventory_turnover_ratio": 3.17,
            "account_receivable_turnover_ratio": null,
            "reinvestment_rate": 40.08,
            "research_to_sale_ratio": null,
            "price_fair": 7.7,
            "eps_avg_yearly": 2.57,
            "eps_latest_yearly": 0.16,
            "eps_growth_yearly": -16.46
        },
        "20073": {
            "year_quarter": 20073,
            "year": 2007,
            "quarter": 3,
            "eps": 0.06,
            "eps_growth_year": -79.31,
            "eps_4q": 1.31,
            "eps_4q_growth_year": -34.65,
            "roe": 0.45,
            "roe_4q": 9.399999999999999,
            "gross_profit": 44206,
            "gross_margin": 22.58,
            "gross_margin_4q_avg": 25.66,
            "net_income": 2671,
            "net_income_4q": null,
            "revenue": 195790,
            "revenue_4q": null,
            "common_shares": 480000,
            "book_valuer_per_share": 12.42,
            "book_valuer_per_share_4q_avg": 13.24,
            "equity": 596306,
            "current_ratio": 202,
            "debt_ratio": 39.38,
            "inventory_turnover_ratio": 2.96,
            "account_receivable_turnover_ratio": null,
            "reinvestment_rate": 6.47,
            "research_to_sale_ratio": null,
            "price_fair": 7.26,
            "eps_avg_yearly": 2.42,
            "eps_latest_yearly": 0.24,
            "eps_growth_yearly": -2.93
        },
        "20074": {
            "year_quarter": 20074,
            "year": 2007,
            "quarter": 4,
            "eps": 0.13,
            "eps_growth_year": -81.16,
            "eps_4q": 0.68,
            "eps_4q_growth_year": -65.77,
            "roe": 1.04,
            "roe_4q": 5.220000000000001,
            "gross_profit": 49596,
            "gross_margin": 24.86,
            "gross_margin_4q_avg": 24.96,
            "net_income": 6241,
            "net_income_4q": null,
            "revenue": 199525,
            "revenue_4q": null,
            "common_shares": 480852,
            "book_valuer_per_share": 12.57,
            "book_valuer_per_share_4q_avg": 12.98,
            "equity": 604286,
            "current_ratio": 116.78,
            "debt_ratio": 46.64,
            "inventory_turnover_ratio": 2.05,
            "account_receivable_turnover_ratio": null,
            "reinvestment_rate": 113.22,
            "research_to_sale_ratio": null,
            "price_fair": 77.96,
            "eps_avg_yearly": 2.23,
            "eps_latest_yearly": 0.52,
            "eps_growth_yearly": 25.67
        },
        "20081": {
            "year_quarter": 20081,
            "year": 2008,
            "quarter": 1,
            "eps": 0.09,
            "eps_growth_year": -81.25,
            "eps_4q": 0.31,
            "eps_4q_growth_year": -84.38,
            "roe": 0.74,
            "roe_4q": 2.51,
            "gross_profit": 45446,
            "gross_margin": 16.82,
            "gross_margin_4q_avg": 22.38,
            "net_income": 4451,
            "net_income_4q": null,
            "revenue": 270265,
            "revenue_4q": null,
            "common_shares": 480852,
            "book_valuer_per_share": 12.44,
            "book_valuer_per_share_4q_avg": 12.54,
            "equity": 598197,
            "current_ratio": 113.31,
            "debt_ratio": 50.22,
            "inventory_turnover_ratio": 2.12,
            "account_receivable_turnover_ratio": null,
            "reinvestment_rate": 115.05,
            "research_to_sale_ratio": null,
            "price_fair": 64.99,
            "eps_avg_yearly": 2.06,
            "eps_latest_yearly": 0.36,
            "eps_growth_yearly": 21.59
        },
        "20082": {
            "year_quarter": 20082,
            "year": 2008,
            "quarter": 2,
            "eps": 0.28,
            "eps_growth_year": 600,
            "eps_4q": 0.56,
            "eps_4q_growth_year": -64.64,
            "roe": 2.23,
            "roe_4q": 4.46,
            "gross_profit": 50851,
            "gross_margin": 16.52,
            "gross_margin_4q_avg": 20.2,
            "net_income": 13440,
            "net_income_4q": null,
            "revenue": 307860,
            "revenue_4q": null,
            "common_shares": 480852,
            "book_valuer_per_share": 12.66,
            "book_valuer_per_share_4q_avg": 12.52,
            "equity": 608869,
            "current_ratio": 120.64,
            "debt_ratio": 54.1,
            "inventory_turnover_ratio": 2.05,
            "account_receivable_turnover_ratio": null,
            "reinvestment_rate": 120.02,
            "research_to_sale_ratio": null,
            "price_fair": 68.51,
            "eps_avg_yearly": 1.96,
            "eps_latest_yearly": 1.12,
            "eps_growth_yearly": 77.29
        },
        "20083": {
            "year_quarter": 20083,
            "year": 2008,
            "quarter": 3,
            "eps": 0.94,
            "eps_growth_year": 1466.67,
            "eps_4q": 1.44,
            "eps_4q_growth_year": 10.27,
            "roe": 7.06,
            "roe_4q": 11.07,
            "gross_profit": 66519,
            "gross_margin": 19.22,
            "gross_margin_4q_avg": 19.36,
            "net_income": 45101,
            "net_income_4q": null,
            "revenue": 346035,
            "revenue_4q": null,
            "common_shares": 480852,
            "book_valuer_per_share": 13.9,
            "book_valuer_per_share_4q_avg": 12.89,
            "equity": 668152,
            "current_ratio": 121.16,
            "debt_ratio": 53.03,
            "inventory_turnover_ratio": 2.2,
            "account_receivable_turnover_ratio": null,
            "reinvestment_rate": 123.53,
            "research_to_sale_ratio": null,
            "price_fair": 70.7,
            "eps_avg_yearly": 2.02,
            "eps_latest_yearly": 3.76,
            "eps_growth_yearly": 135.85
        },
        "20084": {
            "year_quarter": 20084,
            "year": 2008,
            "quarter": 4,
            "eps": -0.11,
            "eps_growth_year": -184.62,
            "eps_4q": 1.15,
            "eps_4q_growth_year": 68.91,
            "roe": -0.83,
            "roe_4q": 9.2,
            "gross_profit": 45777,
            "gross_margin": 11.49,
            "gross_margin_4q_avg": 16.01,
            "net_income": -5570,
            "net_income_4q": null,
            "revenue": 398495,
            "revenue_4q": null,
            "common_shares": 498600,
            "book_valuer_per_share": 13.48,
            "book_valuer_per_share_4q_avg": 13.12,
            "equity": 672113,
            "current_ratio": 108.04,
            "debt_ratio": 52.25,
            "inventory_turnover_ratio": 3.24,
            "account_receivable_turnover_ratio": 2.03,
            "reinvestment_rate": 131.89,
            "research_to_sale_ratio": null,
            "price_fair": 68.41,
            "eps_avg_yearly": 1.95,
            "eps_latest_yearly": 3.76,
            "eps_growth_yearly": 142.59
        },
        "20091": {
            "year_quarter": 20091,
            "year": 2009,
            "quarter": 1,
            "eps": 0.12,
            "eps_growth_year": 33.33,
            "eps_4q": 1.15,
            "eps_4q_growth_year": 275.82,
            "roe": 0.91,
            "roe_4q": 9.37,
            "gross_profit": 36601,
            "gross_margin": 16.06,
            "gross_margin_4q_avg": 15.82,
            "net_income": 6181,
            "net_income_4q": null,
            "revenue": 227897,
            "revenue_4q": null,
            "common_shares": 498600,
            "book_valuer_per_share": 13.85,
            "book_valuer_per_share_4q_avg": 13.47,
            "equity": 690773,
            "current_ratio": 111.56,
            "debt_ratio": 49.55,
            "inventory_turnover_ratio": 2.17,
            "account_receivable_turnover_ratio": 0.64,
            "reinvestment_rate": 140.68,
            "research_to_sale_ratio": null,
            "price_fair": 66.4,
            "eps_avg_yearly": 1.9,
            "eps_latest_yearly": 3.76,
            "eps_growth_yearly": 155.06
        },
        "20092": {
            "year_quarter": 20092,
            "year": 2009,
            "quarter": 2,
            "eps": -0.12,
            "eps_growth_year": -142.86,
            "eps_4q": 0.8,
            "eps_4q_growth_year": 42.83,
            "roe": -0.88,
            "roe_4q": 6.26,
            "gross_profit": 29093,
            "gross_margin": 12.36,
            "gross_margin_4q_avg": 14.78,
            "net_income": -5947,
            "net_income_4q": null,
            "revenue": 235424,
            "revenue_4q": null,
            "common_shares": 498600,
            "book_valuer_per_share": 13.39,
            "book_valuer_per_share_4q_avg": 13.66,
            "equity": 667532,
            "current_ratio": 114.64,
            "debt_ratio": 46.64,
            "inventory_turnover_ratio": 2.7,
            "account_receivable_turnover_ratio": 0.73,
            "reinvestment_rate": 144.95,
            "research_to_sale_ratio": null,
            "price_fair": 64.29,
            "eps_avg_yearly": 1.84,
            "eps_latest_yearly": 3.76,
            "eps_growth_yearly": 167.88
        },
        "20093": {
            "year_quarter": 20093,
            "year": 2009,
            "quarter": 3,
            "eps": 0.22,
            "eps_growth_year": -76.6,
            "eps_4q": 0.12,
            "eps_4q_growth_year": -91.52,
            "roe": 1.71,
            "roe_4q": 0.91,
            "gross_profit": 56229,
            "gross_margin": 19.32,
            "gross_margin_4q_avg": 14.81,
            "net_income": 12015,
            "net_income_4q": null,
            "revenue": 291100,
            "revenue_4q": null,
            "common_shares": 604637,
            "book_valuer_per_share": 12.23,
            "book_valuer_per_share_4q_avg": 13.24,
            "equity": 739357,
            "current_ratio": 135.26,
            "debt_ratio": 40.8,
            "inventory_turnover_ratio": 3.29,
            "account_receivable_turnover_ratio": 0.83,
            "reinvestment_rate": 147.59,
            "research_to_sale_ratio": null,
            "price_fair": 58.8,
            "eps_avg_yearly": 1.68,
            "eps_latest_yearly": 3.76,
            "eps_growth_yearly": 168.93
        },
        "20094": {
            "year_quarter": 20094,
            "year": 2009,
            "quarter": 4,
            "eps": 0.09,
            "eps_growth_year": null,
            "eps_4q": 0.28,
            "eps_4q_growth_year": -75.35,
            "roe": 0.66,
            "roe_4q": 2.4000000000000004,
            "gross_profit": 40375,
            "gross_margin": 15.53,
            "gross_margin_4q_avg": 15.82,
            "net_income": 4891,
            "net_income_4q": null,
            "revenue": 260003,
            "revenue_4q": null,
            "common_shares": 604637,
            "book_valuer_per_share": 12.28,
            "book_valuer_per_share_4q_avg": 12.94,
            "equity": 742602,
            "current_ratio": 134.46,
            "debt_ratio": 42.66,
            "inventory_turnover_ratio": 2.82,
            "account_receivable_turnover_ratio": 1.49,
            "reinvestment_rate": 183.81,
            "research_to_sale_ratio": null,
            "price_fair": 49.93,
            "eps_avg_yearly": 1.43,
            "eps_latest_yearly": 0.36,
            "eps_growth_yearly": 152.1
        },
        "20101": {
            "year_quarter": 20101,
            "year": 2010,
            "quarter": 1,
            "eps": 0.12,
            "eps_growth_year": 0,
            "eps_4q": 0.3,
            "eps_4q_growth_year": -74.11,
            "roe": 0.94,
            "roe_4q": 2.43,
            "gross_profit": 41117,
            "gross_margin": 14.01,
            "gross_margin_4q_avg": 15.31,
            "net_income": 7019,
            "net_income_4q": null,
            "revenue": 293397,
            "revenue_4q": null,
            "common_shares": 604727,
            "book_valuer_per_share": 12.37,
            "book_valuer_per_share_4q_avg": 12.57,
            "equity": 747878,
            "current_ratio": 140.13,
            "debt_ratio": 40.9,
            "inventory_turnover_ratio": 2.79,
            "account_receivable_turnover_ratio": 0.83,
            "reinvestment_rate": 195.37,
            "research_to_sale_ratio": null,
            "price_fair": 44.22,
            "eps_avg_yearly": 1.26,
            "eps_latest_yearly": 0.48,
            "eps_growth_yearly": 172.63
        },
        "20102": {
            "year_quarter": 20102,
            "year": 2010,
            "quarter": 2,
            "eps": 0.47,
            "eps_growth_year": null,
            "eps_4q": 0.85,
            "eps_4q_growth_year": 6.53,
            "roe": 3.81,
            "roe_4q": 7.12,
            "gross_profit": 68021,
            "gross_margin": 18.7,
            "gross_margin_4q_avg": 16.89,
            "net_income": 28995,
            "net_income_4q": null,
            "revenue": 363655,
            "revenue_4q": null,
            "common_shares": 604727,
            "book_valuer_per_share": 12.82,
            "book_valuer_per_share_4q_avg": 12.43,
            "equity": 775562,
            "current_ratio": 138.48,
            "debt_ratio": 43.17,
            "inventory_turnover_ratio": 2.57,
            "account_receivable_turnover_ratio": 0.89,
            "reinvestment_rate": 189.47,
            "research_to_sale_ratio": null,
            "price_fair": 42.93,
            "eps_avg_yearly": 1.23,
            "eps_latest_yearly": 1.88,
            "eps_growth_yearly": 271.49
        },
        "20103": {
            "year_quarter": 20103,
            "year": 2010,
            "quarter": 3,
            "eps": 0.02,
            "eps_growth_year": -89.33,
            "eps_4q": 0.68,
            "eps_4q_growth_year": 456.19,
            "roe": 0.19,
            "roe_4q": 5.6,
            "gross_profit": 42460,
            "gross_margin": 11.06,
            "gross_margin_4q_avg": 14.83,
            "net_income": 1462,
            "net_income_4q": null,
            "revenue": 383889,
            "revenue_4q": null,
            "common_shares": 622869,
            "book_valuer_per_share": 12.31,
            "book_valuer_per_share_4q_avg": 12.45,
            "equity": 766896,
            "current_ratio": 141.52,
            "debt_ratio": 42.45,
            "inventory_turnover_ratio": 2.78,
            "account_receivable_turnover_ratio": 0.84,
            "reinvestment_rate": 203.24,
            "research_to_sale_ratio": null,
            "price_fair": 39.78,
            "eps_avg_yearly": 1.14,
            "eps_latest_yearly": 0.08,
            "eps_growth_yearly": 256.24
        },
        "20104": {
            "year_quarter": 20104,
            "year": 2010,
            "quarter": 4,
            "eps": -0.14,
            "eps_growth_year": -258.83,
            "eps_4q": 0.46,
            "eps_4q_growth_year": 61.82,
            "roe": -1.19,
            "roe_4q": 3.75,
            "gross_profit": 28991,
            "gross_margin": 9.53,
            "gross_margin_4q_avg": 13.33,
            "net_income": -8904,
            "net_income_4q": null,
            "revenue": 304184,
            "revenue_4q": null,
            "common_shares": 622869,
            "book_valuer_per_share": 11.73,
            "book_valuer_per_share_4q_avg": 12.31,
            "equity": 730528,
            "current_ratio": 144.85,
            "debt_ratio": 39.94,
            "inventory_turnover_ratio": 2.53,
            "account_receivable_turnover_ratio": 0.72,
            "reinvestment_rate": 17.3,
            "research_to_sale_ratio": null,
            "price_fair": 34.62,
            "eps_avg_yearly": 0.99,
            "eps_latest_yearly": 0.08,
            "eps_growth_yearly": 229.38
        },
        "20111": {
            "year_quarter": 20111,
            "year": 2011,
            "quarter": 1,
            "eps": 0.15,
            "eps_growth_year": 25,
            "eps_4q": 0.49,
            "eps_4q_growth_year": 66.16,
            "roe": 1.25,
            "roe_4q": 4.0600000000000005,
            "gross_profit": 33530,
            "gross_margin": 10.69,
            "gross_margin_4q_avg": 12.5,
            "net_income": 9215,
            "net_income_4q": null,
            "revenue": 313526,
            "revenue_4q": null,
            "common_shares": 622869,
            "book_valuer_per_share": 11.94,
            "book_valuer_per_share_4q_avg": 12.2,
            "equity": 743851,
            "current_ratio": 145.8,
            "debt_ratio": 40.87,
            "inventory_turnover_ratio": 2.66,
            "account_receivable_turnover_ratio": 0.82,
            "reinvestment_rate": 279.14,
            "research_to_sale_ratio": null,
            "price_fair": 31.36,
            "eps_avg_yearly": 0.9,
            "eps_latest_yearly": 0.08,
            "eps_growth_yearly": 264.49
        },
        "20112": {
            "year_quarter": 20112,
            "year": 2011,
            "quarter": 2,
            "eps": 0,
            "eps_growth_year": -99.11,
            "eps_4q": 0.03,
            "eps_4q_growth_year": -96.16,
            "roe": 0.04,
            "roe_4q": 0.2900000000000001,
            "gross_profit": 35552,
            "gross_margin": 12.38,
            "gross_margin_4q_avg": 10.92,
            "net_income": 259,
            "net_income_4q": null,
            "revenue": 287267,
            "revenue_4q": null,
            "common_shares": 622869,
            "book_valuer_per_share": 11.46,
            "book_valuer_per_share_4q_avg": 11.86,
            "equity": 713985,
            "current_ratio": 138.49,
            "debt_ratio": 40.16,
            "inventory_turnover_ratio": 2.37,
            "account_receivable_turnover_ratio": 0.79,
            "reinvestment_rate": 289.78,
            "research_to_sale_ratio": null,
            "price_fair": 34.22,
            "eps_avg_yearly": 0.98,
            "eps_latest_yearly": 0.08,
            "eps_growth_yearly": 334.62
        },
        "20113": {
            "year_quarter": 20113,
            "year": 2011,
            "quarter": 3,
            "eps": 0.22,
            "eps_growth_year": 839.47,
            "eps_4q": 0.23,
            "eps_4q_growth_year": -66.24,
            "roe": 1.88,
            "roe_4q": 1.98,
            "gross_profit": 32432,
            "gross_margin": 11.74,
            "gross_margin_4q_avg": 11.09,
            "net_income": 13735,
            "net_income_4q": null,
            "revenue": 276222,
            "revenue_4q": null,
            "common_shares": 622869,
            "book_valuer_per_share": 11.95,
            "book_valuer_per_share_4q_avg": 11.77,
            "equity": 744075,
            "current_ratio": 146.19,
            "debt_ratio": 36.53,
            "inventory_turnover_ratio": 2.42,
            "account_receivable_turnover_ratio": 0.81,
            "reinvestment_rate": 283.56,
            "research_to_sale_ratio": null,
            "price_fair": 37.45,
            "eps_avg_yearly": 1.07,
            "eps_latest_yearly": 0.08,
            "eps_growth_yearly": 351.44
        },
        "20114": {
            "year_quarter": 20114,
            "year": 2011,
            "quarter": 4,
            "eps": -0,
            "eps_growth_year": null,
            "eps_4q": 0.38,
            "eps_4q_growth_year": -17.83,
            "roe": -0.03,
            "roe_4q": 3.1399999999999997,
            "gross_profit": 25946,
            "gross_margin": 12.07,
            "gross_margin_4q_avg": 11.72,
            "net_income": -228,
            "net_income_4q": null,
            "revenue": 215024,
            "revenue_4q": null,
            "common_shares": 609699,
            "book_valuer_per_share": 12.01,
            "book_valuer_per_share_4q_avg": 11.84,
            "equity": 732021,
            "current_ratio": 148.79,
            "debt_ratio": 34.92,
            "inventory_turnover_ratio": 2.24,
            "account_receivable_turnover_ratio": 0.72,
            "reinvestment_rate": -8.12,
            "research_to_sale_ratio": null,
            "price_fair": 40.2,
            "eps_avg_yearly": 1.15,
            "eps_latest_yearly": 0.08,
            "eps_growth_yearly": 334.98
        },
        "20121": {
            "year_quarter": 20121,
            "year": 2012,
            "quarter": 1,
            "eps": -0.13,
            "eps_growth_year": -186.67,
            "eps_4q": 0.1,
            "eps_4q_growth_year": -79.61,
            "roe": -1.05,
            "roe_4q": 0.8399999999999999,
            "gross_profit": 22338,
            "gross_margin": 11.36,
            "gross_margin_4q_avg": 11.89,
            "net_income": -7624,
            "net_income_4q": null,
            "revenue": 196709,
            "revenue_4q": null,
            "common_shares": 609699,
            "book_valuer_per_share": 11.76,
            "book_valuer_per_share_4q_avg": 11.8,
            "equity": 717306,
            "current_ratio": 157.62,
            "debt_ratio": 31.97,
            "inventory_turnover_ratio": 2.41,
            "account_receivable_turnover_ratio": 0.76,
            "reinvestment_rate": -21.41,
            "research_to_sale_ratio": null,
            "price_fair": 44.8,
            "eps_avg_yearly": 1.28,
            "eps_latest_yearly": 0.08,
            "eps_growth_yearly": 411.33
        },
        "20122": {
            "year_quarter": 20122,
            "year": 2012,
            "quarter": 2,
            "eps": 0.01,
            "eps_growth_year": 112.41,
            "eps_4q": 0.11,
            "eps_4q_growth_year": 238.15,
            "roe": 0.07,
            "roe_4q": 0.8699999999999999,
            "gross_profit": 29928,
            "gross_margin": 14.11,
            "gross_margin_4q_avg": 12.32,
            "net_income": 512,
            "net_income_4q": null,
            "revenue": 212099,
            "revenue_4q": null,
            "common_shares": 579699,
            "book_valuer_per_share": 11.63,
            "book_valuer_per_share_4q_avg": 11.84,
            "equity": 674109,
            "current_ratio": 147.25,
            "debt_ratio": 33.57,
            "inventory_turnover_ratio": 2.78,
            "account_receivable_turnover_ratio": 0.81,
            "reinvestment_rate": -41.9,
            "research_to_sale_ratio": null,
            "price_fair": 45.92,
            "eps_avg_yearly": 1.31,
            "eps_latest_yearly": 0.08,
            "eps_growth_yearly": 324.7
        },
        "20123": {
            "year_quarter": 20123,
            "year": 2012,
            "quarter": 3,
            "eps": -0.48,
            "eps_growth_year": -318.07,
            "eps_4q": -0.61,
            "eps_4q_growth_year": -364.51,
            "roe": -4.24,
            "roe_4q": -5.25,
            "gross_profit": 31446,
            "gross_margin": 18.28,
            "gross_margin_4q_avg": 13.96,
            "net_income": -27876,
            "net_income_4q": null,
            "revenue": 172066,
            "revenue_4q": null,
            "common_shares": 579699,
            "book_valuer_per_share": 11.06,
            "book_valuer_per_share_4q_avg": 11.62,
            "equity": 641333,
            "current_ratio": 154.73,
            "debt_ratio": 31,
            "inventory_turnover_ratio": 2.4,
            "account_receivable_turnover_ratio": 0.7,
            "reinvestment_rate": -390.49,
            "research_to_sale_ratio": null,
            "price_fair": 24.5,
            "eps_avg_yearly": 0.7,
            "eps_latest_yearly": 0.08,
            "eps_growth_yearly": 170.16
        },
        "20124": {
            "year_quarter": 20124,
            "year": 2012,
            "quarter": 4,
            "eps": -1.45,
            "eps_growth_year": null,
            "eps_4q": -2.05,
            "eps_4q_growth_year": -644,
            "roe": -14.01,
            "roe_4q": -19.23,
            "gross_profit": 48056,
            "gross_margin": 64.23,
            "gross_margin_4q_avg": 27,
            "net_income": -83878,
            "net_income_4q": null,
            "revenue": 74818,
            "revenue_4q": null,
            "common_shares": 579699,
            "book_valuer_per_share": 9.59,
            "book_valuer_per_share_4q_avg": 11.01,
            "equity": 555878,
            "current_ratio": 248.54,
            "debt_ratio": 31.1,
            "inventory_turnover_ratio": 0.53,
            "account_receivable_turnover_ratio": 0.37,
            "reinvestment_rate": null,
            "research_to_sale_ratio": null,
            "price_fair": 24.5,
            "eps_avg_yearly": 0.7,
            "eps_latest_yearly": 0.08,
            "eps_growth_yearly": 170.16
        },
        "20131": {
            "year_quarter": 20131,
            "year": 2013,
            "quarter": 1,
            "eps": 0.25,
            "eps_growth_year": null,
            "eps_4q": -1.67,
            "eps_4q_growth_year": -1754.81,
            "roe": 2.61,
            "roe_4q": -15.57,
            "gross_profit": 31065,
            "gross_margin": 19.81,
            "gross_margin_4q_avg": 29.11,
            "net_income": 14605,
            "net_income_4q": null,
            "revenue": 156781,
            "revenue_4q": null,
            "common_shares": 579699,
            "book_valuer_per_share": 9.69,
            "book_valuer_per_share_4q_avg": 10.49,
            "equity": 561693,
            "current_ratio": 280.57,
            "debt_ratio": 28.51,
            "inventory_turnover_ratio": 2.89,
            "account_receivable_turnover_ratio": 0.84,
            "reinvestment_rate": null,
            "research_to_sale_ratio": null,
            "price_fair": 24.5,
            "eps_avg_yearly": 0.7,
            "eps_latest_yearly": 0.08,
            "eps_growth_yearly": 170.16
        },
        "20132": {
            "year_quarter": 20132,
            "year": 2013,
            "quarter": 2,
            "eps": 0.19,
            "eps_growth_year": 2051.27,
            "eps_4q": -1.48,
            "eps_4q_growth_year": -1444.49,
            "roe": 1.97,
            "roe_4q": -13.67,
            "gross_profit": 28157,
            "gross_margin": 18.99,
            "gross_margin_4q_avg": 30.33,
            "net_income": 11169,
            "net_income_4q": null,
            "revenue": 148239,
            "revenue_4q": null,
            "common_shares": 579699,
            "book_valuer_per_share": 9.85,
            "book_valuer_per_share_4q_avg": 10.05,
            "equity": 570751,
            "current_ratio": 280.03,
            "debt_ratio": 28.35,
            "inventory_turnover_ratio": 2.97,
            "account_receivable_turnover_ratio": 0.79,
            "reinvestment_rate": null,
            "research_to_sale_ratio": null,
            "price_fair": 24.92,
            "eps_avg_yearly": 0.71,
            "eps_latest_yearly": 0.76,
            "eps_growth_yearly": 116.93
        },
        "20133": {
            "year_quarter": 20133,
            "year": 2013,
            "quarter": 3,
            "eps": 0.02,
            "eps_growth_year": null,
            "eps_4q": -0.59,
            "eps_4q_growth_year": null,
            "roe": 0.25,
            "roe_4q": -9.18,
            "gross_profit": 33270,
            "gross_margin": 21.49,
            "gross_margin_4q_avg": 31.13,
            "net_income": 1887,
            "net_income_4q": null,
            "revenue": 154795,
            "revenue_4q": null,
            "common_shares": 908699,
            "book_valuer_per_share": 9.81,
            "book_valuer_per_share_4q_avg": 9.74,
            "equity": 916993,
            "current_ratio": 455.56,
            "debt_ratio": 16.3,
            "inventory_turnover_ratio": 3.22,
            "account_receivable_turnover_ratio": 0.88,
            "reinvestment_rate": null,
            "research_to_sale_ratio": null,
            "price_fair": 21.23,
            "eps_avg_yearly": 0.61,
            "eps_latest_yearly": 0.08,
            "eps_growth_yearly": 37.79
        },
        "20134": {
            "year_quarter": 20134,
            "year": 2013,
            "quarter": 4,
            "eps": 0.27,
            "eps_growth_year": null,
            "eps_4q": 0.56,
            "eps_4q_growth_year": null,
            "roe": 2.68,
            "roe_4q": 7.51,
            "gross_profit": 51800,
            "gross_margin": 21.83,
            "gross_margin_4q_avg": 20.53,
            "net_income": 24883,
            "net_income_4q": null,
            "revenue": 237328,
            "revenue_4q": null,
            "common_shares": 935159,
            "book_valuer_per_share": 10.08,
            "book_valuer_per_share_4q_avg": 9.86,
            "equity": 943044,
            "current_ratio": 333.4,
            "debt_ratio": 22.68,
            "inventory_turnover_ratio": 5.21,
            "account_receivable_turnover_ratio": 1.1,
            "reinvestment_rate": null,
            "research_to_sale_ratio": null,
            "price_fair": 25.43,
            "eps_avg_yearly": 0.73,
            "eps_latest_yearly": 1.08,
            "eps_growth_yearly": 910.52
        },
        "20141": {
            "year_quarter": 20141,
            "year": 2014,
            "quarter": 1,
            "eps": 0.18,
            "eps_growth_year": -28,
            "eps_4q": 0.59,
            "eps_4q_growth_year": null,
            "roe": 1.77,
            "roe_4q": 6.67,
            "gross_profit": 50721,
            "gross_margin": 17.55,
            "gross_margin_4q_avg": 19.97,
            "net_income": 16931,
            "net_income_4q": null,
            "revenue": 289084,
            "revenue_4q": null,
            "common_shares": 935159,
            "book_valuer_per_share": 10.32,
            "book_valuer_per_share_4q_avg": 10.02,
            "equity": 964860,
            "current_ratio": 327.41,
            "debt_ratio": 23.34,
            "inventory_turnover_ratio": 6.79,
            "account_receivable_turnover_ratio": 0.99,
            "reinvestment_rate": null,
            "research_to_sale_ratio": null,
            "price_fair": 26.83,
            "eps_avg_yearly": 0.77,
            "eps_latest_yearly": 0.72,
            "eps_growth_yearly": 866.08
        },
        "20142": {
            "year_quarter": 20142,
            "year": 2014,
            "quarter": 2,
            "eps": 0.05,
            "eps_growth_year": -73.68,
            "eps_4q": 0.52,
            "eps_4q_growth_year": null,
            "roe": 0.48,
            "roe_4q": 5.18,
            "gross_profit": 42739,
            "gross_margin": 24.98,
            "gross_margin_4q_avg": 21.46,
            "net_income": 4610,
            "net_income_4q": null,
            "revenue": 171065,
            "revenue_4q": null,
            "common_shares": 935159,
            "book_valuer_per_share": 10.34,
            "book_valuer_per_share_4q_avg": 10.14,
            "equity": 966794,
            "current_ratio": 324.55,
            "debt_ratio": 23.47,
            "inventory_turnover_ratio": 3.43,
            "account_receivable_turnover_ratio": 0.67,
            "reinvestment_rate": null,
            "research_to_sale_ratio": null,
            "price_fair": 17.03,
            "eps_avg_yearly": 0.49,
            "eps_latest_yearly": 0.2,
            "eps_growth_yearly": 623.48
        },
        "20143": {
            "year_quarter": 20143,
            "year": 2014,
            "quarter": 3,
            "eps": 0.12,
            "eps_growth_year": 500,
            "eps_4q": 0.62,
            "eps_4q_growth_year": null,
            "roe": 1.17,
            "roe_4q": 6.1,
            "gross_profit": 37484,
            "gross_margin": 21.61,
            "gross_margin_4q_avg": 21.49,
            "net_income": 11429,
            "net_income_4q": null,
            "revenue": 173446,
            "revenue_4q": null,
            "common_shares": 935159,
            "book_valuer_per_share": 10.49,
            "book_valuer_per_share_4q_avg": 10.31,
            "equity": 980615,
            "current_ratio": 265.12,
            "debt_ratio": 29.6,
            "inventory_turnover_ratio": 3.68,
            "account_receivable_turnover_ratio": 0.95,
            "reinvestment_rate": null,
            "research_to_sale_ratio": null,
            "price_fair": 19.37,
            "eps_avg_yearly": 0.55,
            "eps_latest_yearly": 0.48,
            "eps_growth_yearly": 780.65
        },
        "20144": {
            "year_quarter": 20144,
            "year": 2014,
            "quarter": 4,
            "eps": 0.17,
            "eps_growth_year": -34.68,
            "eps_4q": 0.53,
            "eps_4q_growth_year": -6.32,
            "roe": 1.64,
            "roe_4q": 5.06,
            "gross_profit": 34826,
            "gross_margin": 18.93,
            "gross_margin_4q_avg": 20.77,
            "net_income": 16254,
            "net_income_4q": null,
            "revenue": 183946,
            "revenue_4q": null,
            "common_shares": 935159,
            "book_valuer_per_share": 10.66,
            "book_valuer_per_share_4q_avg": 10.45,
            "equity": 997040,
            "current_ratio": 282.06,
            "debt_ratio": 27.95,
            "inventory_turnover_ratio": 4.19,
            "account_receivable_turnover_ratio": 0.93,
            "reinvestment_rate": -5477,
            "research_to_sale_ratio": null,
            "price_fair": 20,
            "eps_avg_yearly": 0.57,
            "eps_latest_yearly": 0.68,
            "eps_growth_yearly": 692.94
        },
        "20151": {
            "year_quarter": 20151,
            "year": 2015,
            "quarter": 1,
            "eps": -0.04,
            "eps_growth_year": -122.22,
            "eps_4q": 0.31,
            "eps_4q_growth_year": -47.88,
            "roe": -0.37,
            "roe_4q": 2.92,
            "gross_profit": 35263,
            "gross_margin": 20.84,
            "gross_margin_4q_avg": 21.59,
            "net_income": -3696,
            "net_income_4q": null,
            "revenue": 169236,
            "revenue_4q": null,
            "common_shares": 935159,
            "book_valuer_per_share": 10.61,
            "book_valuer_per_share_4q_avg": 10.53,
            "equity": 992476,
            "current_ratio": 309.13,
            "debt_ratio": 25.16,
            "inventory_turnover_ratio": 3.49,
            "account_receivable_turnover_ratio": 0.77,
            "reinvestment_rate": null,
            "research_to_sale_ratio": null,
            "price_fair": 20,
            "eps_avg_yearly": 0.57,
            "eps_latest_yearly": 0.68,
            "eps_growth_yearly": 692.94
        },
        "20152": {
            "year_quarter": 20152,
            "year": 2015,
            "quarter": 2,
            "eps": -0.05,
            "eps_growth_year": -200,
            "eps_4q": 0.2,
            "eps_4q_growth_year": -60.9,
            "roe": -0.32,
            "roe_4q": 2.12,
            "gross_profit": 31639,
            "gross_margin": 13.22,
            "gross_margin_4q_avg": 18.65,
            "net_income": -3456,
            "net_income_4q": null,
            "revenue": 239287,
            "revenue_4q": null,
            "common_shares": 935159,
            "book_valuer_per_share": 10.53,
            "book_valuer_per_share_4q_avg": 10.57,
            "equity": 1172358,
            "current_ratio": 273.09,
            "debt_ratio": 23.94,
            "inventory_turnover_ratio": 5.16,
            "account_receivable_turnover_ratio": 0.92,
            "reinvestment_rate": null,
            "research_to_sale_ratio": null,
            "price_fair": 20,
            "eps_avg_yearly": 0.57,
            "eps_latest_yearly": 0.68,
            "eps_growth_yearly": 692.94
        },
        "20153": {
            "year_quarter": 20153,
            "year": 2015,
            "quarter": 3,
            "eps": -0.19,
            "eps_growth_year": -258.33,
            "eps_4q": -0.11,
            "eps_4q_growth_year": -117.53,
            "roe": -1.97,
            "roe_4q": -1.0200000000000002,
            "gross_profit": 26950,
            "gross_margin": 14.52,
            "gross_margin_4q_avg": 16.88,
            "net_income": -23191,
            "net_income_4q": null,
            "revenue": 185649,
            "revenue_4q": null,
            "common_shares": 935159,
            "book_valuer_per_share": 10.6,
            "book_valuer_per_share_4q_avg": 10.6,
            "equity": 1178101,
            "current_ratio": 256.15,
            "debt_ratio": 24.37,
            "inventory_turnover_ratio": 3.76,
            "account_receivable_turnover_ratio": 0.6,
            "reinvestment_rate": null,
            "research_to_sale_ratio": null,
            "price_fair": 20,
            "eps_avg_yearly": 0.57,
            "eps_latest_yearly": 0.68,
            "eps_growth_yearly": 692.94
        },
        "20154": {
            "year_quarter": 20154,
            "year": 2015,
            "quarter": 4,
            "eps": -0.16,
            "eps_growth_year": -191.31,
            "eps_4q": -0.44,
            "eps_4q_growth_year": -183.78,
            "roe": -1.8,
            "roe_4q": -4.46,
            "gross_profit": 28978,
            "gross_margin": 17.41,
            "gross_margin_4q_avg": 16.5,
            "net_income": -20938,
            "net_income_4q": null,
            "revenue": 166487,
            "revenue_4q": null,
            "common_shares": 935159,
            "book_valuer_per_share": 10.42,
            "book_valuer_per_share_4q_avg": 10.54,
            "equity": 1151197,
            "current_ratio": 266.23,
            "debt_ratio": 28.11,
            "inventory_turnover_ratio": 3.73,
            "account_receivable_turnover_ratio": 0.52,
            "reinvestment_rate": null,
            "research_to_sale_ratio": null,
            "price_fair": 20,
            "eps_avg_yearly": 0.57,
            "eps_latest_yearly": 0.68,
            "eps_growth_yearly": 692.94
        },
        "20161": {
            "year_quarter": 20161,
            "year": 2016,
            "quarter": 1,
            "eps": -0.01,
            "eps_growth_year": null,
            "eps_4q": -0.41,
            "eps_4q_growth_year": -234.18,
            "roe": -0.34,
            "roe_4q": -4.430000000000001,
            "gross_profit": 28140,
            "gross_margin": 19.84,
            "gross_margin_4q_avg": 16.25,
            "net_income": -3911,
            "net_income_4q": null,
            "revenue": 141850,
            "revenue_4q": null,
            "common_shares": 935159,
            "book_valuer_per_share": 10.34,
            "book_valuer_per_share_4q_avg": 10.47,
            "equity": 1137795,
            "current_ratio": 257.78,
            "debt_ratio": 29.15,
            "inventory_turnover_ratio": 3.46,
            "account_receivable_turnover_ratio": 0.54,
            "reinvestment_rate": null,
            "research_to_sale_ratio": null,
            "price_fair": 20,
            "eps_avg_yearly": 0.57,
            "eps_latest_yearly": 0.68,
            "eps_growth_yearly": 692.94
        },
        "20162": {
            "year_quarter": 20162,
            "year": 2016,
            "quarter": 2,
            "eps": -0.72,
            "eps_growth_year": null,
            "eps_4q": -1.08,
            "eps_4q_growth_year": -633.89,
            "roe": -6.43,
            "roe_4q": -10.540000000000001,
            "gross_profit": 16808,
            "gross_margin": 11.41,
            "gross_margin_4q_avg": 15.8,
            "net_income": -70936,
            "net_income_4q": null,
            "revenue": 147278,
            "revenue_4q": null,
            "common_shares": 935159,
            "book_valuer_per_share": 9.67,
            "book_valuer_per_share_4q_avg": 10.26,
            "equity": 1067646,
            "current_ratio": 295.69,
            "debt_ratio": 26.91,
            "inventory_turnover_ratio": 4.25,
            "account_receivable_turnover_ratio": 0.73,
            "reinvestment_rate": null,
            "research_to_sale_ratio": null,
            "price_fair": 20,
            "eps_avg_yearly": 0.57,
            "eps_latest_yearly": 0.68,
            "eps_growth_yearly": 692.94
        },
        "20163": {
            "year_quarter": 20163,
            "year": 2016,
            "quarter": 3,
            "eps": -0.65,
            "eps_growth_year": null,
            "eps_4q": -1.54,
            "eps_4q_growth_year": null,
            "roe": -12.6,
            "roe_4q": -21.17,
            "gross_profit": 14401,
            "gross_margin": 14.1,
            "gross_margin_4q_avg": 15.69,
            "net_income": -126132,
            "net_income_4q": null,
            "revenue": 102102,
            "revenue_4q": null,
            "common_shares": 935159,
            "book_valuer_per_share": 8.97,
            "book_valuer_per_share_4q_avg": 9.85,
            "equity": 934262,
            "current_ratio": 251.69,
            "debt_ratio": 31.46,
            "inventory_turnover_ratio": 3.06,
            "account_receivable_turnover_ratio": 0.6,
            "reinvestment_rate": null,
            "research_to_sale_ratio": null,
            "price_fair": 20,
            "eps_avg_yearly": 0.57,
            "eps_latest_yearly": 0.68,
            "eps_growth_yearly": 692.94
        },
        "20164": {
            "year_quarter": 20164,
            "year": 2016,
            "quarter": 4,
            "eps": -0.36,
            "eps_growth_year": null,
            "eps_4q": -1.75,
            "eps_4q_growth_year": null,
            "roe": -5.21,
            "roe_4q": -24.58,
            "gross_profit": 17429,
            "gross_margin": 15.58,
            "gross_margin_4q_avg": 15.23,
            "net_income": -47804,
            "net_income_4q": null,
            "revenue": 111898,
            "revenue_4q": null,
            "common_shares": 935159,
            "book_valuer_per_share": 8.76,
            "book_valuer_per_share_4q_avg": 9.44,
            "equity": 899777,
            "current_ratio": 225.42,
            "debt_ratio": 33.59,
            "inventory_turnover_ratio": 3.04,
            "account_receivable_turnover_ratio": 0.8,
            "reinvestment_rate": null,
            "research_to_sale_ratio": null,
            "price_fair": 20,
            "eps_avg_yearly": 0.57,
            "eps_latest_yearly": 0.68,
            "eps_growth_yearly": 692.94
        },
        "20171": {
            "year_quarter": 20171,
            "year": 2017,
            "quarter": 1,
            "eps": -0.19,
            "eps_growth_year": null,
            "eps_4q": -1.93,
            "eps_4q_growth_year": null,
            "roe": -2.23,
            "roe_4q": -26.47,
            "gross_profit": 21511,
            "gross_margin": 17.49,
            "gross_margin_4q_avg": 14.65,
            "net_income": -19012,
            "net_income_4q": null,
            "revenue": 123022,
            "revenue_4q": null,
            "common_shares": 935159,
            "book_valuer_per_share": 8.58,
            "book_valuer_per_share_4q_avg": 9,
            "equity": 802749,
            "current_ratio": 305.94,
            "debt_ratio": 27.34,
            "inventory_turnover_ratio": 3.07,
            "account_receivable_turnover_ratio": 0.97,
            "reinvestment_rate": null,
            "research_to_sale_ratio": null,
            "price_fair": 20,
            "eps_avg_yearly": 0.57,
            "eps_latest_yearly": 0.68,
            "eps_growth_yearly": 692.94
        },
        "20172": {
            "year_quarter": 20172,
            "year": 2017,
            "quarter": 2,
            "eps": 0.22,
            "eps_growth_year": null,
            "eps_4q": -0.99,
            "eps_4q_growth_year": null,
            "roe": 2.57,
            "roe_4q": -17.47,
            "gross_profit": 17138,
            "gross_margin": 13.95,
            "gross_margin_4q_avg": 15.28,
            "net_income": 20602,
            "net_income_4q": null,
            "revenue": 122842,
            "revenue_4q": null,
            "common_shares": 935159,
            "book_valuer_per_share": 8.55,
            "book_valuer_per_share_4q_avg": 8.72,
            "equity": 799232,
            "current_ratio": 342.7,
            "debt_ratio": 27.35,
            "inventory_turnover_ratio": 2.92,
            "account_receivable_turnover_ratio": 0.99,
            "reinvestment_rate": null,
            "research_to_sale_ratio": null,
            "price_fair": 18.9,
            "eps_avg_yearly": 0.54,
            "eps_latest_yearly": 0.68,
            "eps_growth_yearly": 824.42
        },
        "20173": {
            "year_quarter": 20173,
            "year": 2017,
            "quarter": 3,
            "eps": -0.05,
            "eps_growth_year": null,
            "eps_4q": -0.38,
            "eps_4q_growth_year": null,
            "roe": -0.57,
            "roe_4q": -5.4399999999999995,
            "gross_profit": 17483,
            "gross_margin": 14.21,
            "gross_margin_4q_avg": 15.31,
            "net_income": -4512,
            "net_income_4q": null,
            "revenue": 123064,
            "revenue_4q": null,
            "common_shares": 935159,
            "book_valuer_per_share": 8.5,
            "book_valuer_per_share_4q_avg": 8.6,
            "equity": 794720,
            "current_ratio": 290.17,
            "debt_ratio": 30.56,
            "inventory_turnover_ratio": 3.01,
            "account_receivable_turnover_ratio": 1.03,
            "reinvestment_rate": null,
            "research_to_sale_ratio": null,
            "price_fair": 22.12,
            "eps_avg_yearly": 0.63,
            "eps_latest_yearly": 0.68,
            "eps_growth_yearly": 1060.89
        },
        "20174": {
            "year_quarter": 20174,
            "year": 2017,
            "quarter": 4,
            "eps": -0.16,
            "eps_growth_year": null,
            "eps_4q": -0.18,
            "eps_4q_growth_year": null,
            "roe": -1.9,
            "roe_4q": -2.13,
            "gross_profit": 11003,
            "gross_margin": 10.97,
            "gross_margin_4q_avg": 14.16,
            "net_income": -14961,
            "net_income_4q": null,
            "revenue": 100302,
            "revenue_4q": null,
            "common_shares": 935159,
            "book_valuer_per_share": 8.32,
            "book_valuer_per_share_4q_avg": 8.49,
            "equity": 778206,
            "current_ratio": 314.23,
            "debt_ratio": 28.37,
            "inventory_turnover_ratio": 2.59,
            "account_receivable_turnover_ratio": 0.9,
            "reinvestment_rate": null,
            "research_to_sale_ratio": null,
            "price_fair": 18.2,
            "eps_avg_yearly": 0.52,
            "eps_latest_yearly": 0.68,
            "eps_growth_yearly": 76.11
        },
        "20181": {
            "year_quarter": 20181,
            "year": 2018,
            "quarter": 1,
            "eps": -0.23,
            "eps_growth_year": null,
            "eps_4q": -0.22,
            "eps_4q_growth_year": null,
            "roe": -2.77,
            "roe_4q": -2.6700000000000004,
            "gross_profit": 15759,
            "gross_margin": 13.23,
            "gross_margin_4q_avg": 13.09,
            "net_income": -21315,
            "net_income_4q": null,
            "revenue": 119153,
            "revenue_4q": null,
            "common_shares": 935159,
            "book_valuer_per_share": 8.13,
            "book_valuer_per_share_4q_avg": 8.38,
            "equity": 760229,
            "current_ratio": 294.4,
            "debt_ratio": 28.8,
            "inventory_turnover_ratio": 2.78,
            "account_receivable_turnover_ratio": 1.09,
            "reinvestment_rate": null,
            "research_to_sale_ratio": 0.84,
            "price_fair": 15.87,
            "eps_avg_yearly": 0.45,
            "eps_latest_yearly": 0.68,
            "eps_growth_yearly": 145.93
        },
        "20182": {
            "year_quarter": 20182,
            "year": 2018,
            "quarter": 2,
            "eps": 0.05,
            "eps_growth_year": -77.27,
            "eps_4q": -0.39,
            "eps_4q_growth_year": null,
            "roe": 0.56,
            "roe_4q": -4.68,
            "gross_profit": 15551,
            "gross_margin": 12.16,
            "gross_margin_4q_avg": 12.64,
            "net_income": 4256,
            "net_income_4q": null,
            "revenue": 127870,
            "revenue_4q": null,
            "common_shares": 935159,
            "book_valuer_per_share": 8.19,
            "book_valuer_per_share_4q_avg": 8.29,
            "equity": 765566,
            "current_ratio": 291.6,
            "debt_ratio": 28.94,
            "inventory_turnover_ratio": 3.06,
            "account_receivable_turnover_ratio": 1.07,
            "reinvestment_rate": null,
            "research_to_sale_ratio": 0.68,
            "price_fair": 20.3,
            "eps_avg_yearly": 0.58,
            "eps_latest_yearly": 0.68,
            "eps_growth_yearly": 363.33
        },
        "20183": {
            "year_quarter": 20183,
            "year": 2018,
            "quarter": 3,
            "eps": -0.2,
            "eps_growth_year": null,
            "eps_4q": -0.54,
            "eps_4q_growth_year": null,
            "roe": -2.54,
            "roe_4q": -6.65,
            "gross_profit": 8320,
            "gross_margin": 7.81,
            "gross_margin_4q_avg": 11.04,
            "net_income": -19296,
            "net_income_4q": null,
            "revenue": 106551,
            "revenue_4q": null,
            "common_shares": 935159,
            "book_valuer_per_share": 7.97,
            "book_valuer_per_share_4q_avg": 8.15,
            "equity": 755019,
            "current_ratio": 292.69,
            "debt_ratio": 28.6,
            "inventory_turnover_ratio": 2.66,
            "account_receivable_turnover_ratio": 0.84,
            "reinvestment_rate": null,
            "research_to_sale_ratio": 0.94,
            "price_fair": 23.8,
            "eps_avg_yearly": 0.68,
            "eps_latest_yearly": 0.68,
            "eps_growth_yearly": 166.67
        },
        "20184": {
            "year_quarter": 20184,
            "year": 2018,
            "quarter": 4,
            "eps": -0.38,
            "eps_growth_year": null,
            "eps_4q": -0.77,
            "eps_4q_growth_year": null,
            "roe": -5.1,
            "roe_4q": -9.85,
            "gross_profit": 4317,
            "gross_margin": 4.08,
            "gross_margin_4q_avg": 9.32,
            "net_income": -37666,
            "net_income_4q": null,
            "revenue": 105869,
            "revenue_4q": null,
            "common_shares": 935159,
            "book_valuer_per_share": 7.63,
            "book_valuer_per_share_4q_avg": 7.98,
            "equity": 720931,
            "current_ratio": 287.29,
            "debt_ratio": 29.99,
            "inventory_turnover_ratio": 2.81,
            "account_receivable_turnover_ratio": 0.91,
            "reinvestment_rate": null,
            "research_to_sale_ratio": 1.05,
            "price_fair": 0,
            "eps_avg_yearly": 0,
            "eps_latest_yearly": 0,
            "eps_growth_yearly": 0
        },
        "20191": {
            "year_quarter": 20191,
            "year": 2019,
            "quarter": 1,
            "eps": -0.24,
            "eps_growth_year": null,
            "eps_4q": -0.79,
            "eps_4q_growth_year": null,
            "roe": -3.45,
            "roe_4q": -10.53,
            "gross_profit": 6199,
            "gross_margin": 6.41,
            "gross_margin_4q_avg": 7.62,
            "net_income": -24463,
            "net_income_4q": null,
            "revenue": 96722,
            "revenue_4q": null,
            "common_shares": 935159,
            "book_valuer_per_share": 7.38,
            "book_valuer_per_share_4q_avg": 7.79,
            "equity": 696352,
            "current_ratio": 253.88,
            "debt_ratio": 32.13,
            "inventory_turnover_ratio": 2.66,
            "account_receivable_turnover_ratio": 0.87,
            "reinvestment_rate": null,
            "research_to_sale_ratio": 1.06,
            "price_fair": 0,
            "eps_avg_yearly": 0,
            "eps_latest_yearly": 0,
            "eps_growth_yearly": 0
        },
        "20192": {
            "year_quarter": 20192,
            "year": 2019,
            "quarter": 2,
            "eps": -0.48,
            "eps_growth_year": -1060,
            "eps_4q": -1.31,
            "eps_4q_growth_year": null,
            "roe": -6.99,
            "roe_4q": -18.080000000000002,
            "gross_profit": 16312,
            "gross_margin": 13,
            "gross_margin_4q_avg": 7.83,
            "net_income": -47444,
            "net_income_4q": null,
            "revenue": 125510,
            "revenue_4q": null,
            "common_shares": 935159,
            "book_valuer_per_share": 6.9,
            "book_valuer_per_share_4q_avg": 7.47,
            "equity": 661689,
            "current_ratio": 256.23,
            "debt_ratio": 34.02,
            "inventory_turnover_ratio": 2.54,
            "account_receivable_turnover_ratio": 1.12,
            "reinvestment_rate": null,
            "research_to_sale_ratio": 3.57,
            "price_fair": 0,
            "eps_avg_yearly": 0,
            "eps_latest_yearly": 0,
            "eps_growth_yearly": 0
        },
        "20193": {
            "year_quarter": 20193,
            "year": 2019,
            "quarter": 3,
            "eps": -0.31,
            "eps_growth_year": null,
            "eps_4q": -1.42,
            "eps_4q_growth_year": null,
            "roe": -4.42,
            "roe_4q": -19.96,
            "gross_profit": 25026,
            "gross_margin": 13.39,
            "gross_margin_4q_avg": 9.22,
            "net_income": -28568,
            "net_income_4q": null,
            "revenue": 186877,
            "revenue_4q": null,
            "common_shares": 935159,
            "book_valuer_per_share": 6.59,
            "book_valuer_per_share_4q_avg": 7.13,
            "equity": 632237,
            "current_ratio": 223.94,
            "debt_ratio": 36.66,
            "inventory_turnover_ratio": 3,
            "account_receivable_turnover_ratio": 1.44,
            "reinvestment_rate": null,
            "research_to_sale_ratio": 1.67,
            "price_fair": 0,
            "eps_avg_yearly": 0,
            "eps_latest_yearly": 0,
            "eps_growth_yearly": 0
        },
        "20194": {
            "year_quarter": 20194,
            "year": 2019,
            "quarter": 4,
            "eps": -0.6,
            "eps_growth_year": null,
            "eps_4q": -1.63,
            "eps_4q_growth_year": null,
            "roe": -10.06,
            "roe_4q": -24.919999999999998,
            "gross_profit": 14608,
            "gross_margin": 9.44,
            "gross_margin_4q_avg": 10.56,
            "net_income": -61168,
            "net_income_4q": null,
            "revenue": 154728,
            "revenue_4q": null,
            "common_shares": 935159,
            "book_valuer_per_share": 5.98,
            "book_valuer_per_share_4q_avg": 6.71,
            "equity": 583987,
            "current_ratio": 223.78,
            "debt_ratio": 34.16,
            "inventory_turnover_ratio": 2.46,
            "account_receivable_turnover_ratio": 1,
            "reinvestment_rate": null,
            "research_to_sale_ratio": 1.44,
            "price_fair": 0,
            "eps_avg_yearly": 0,
            "eps_latest_yearly": 0,
            "eps_growth_yearly": 0
        },
        "20201": {
            "year_quarter": 20201,
            "year": 2020,
            "quarter": 1,
            "eps": -0.58,
            "eps_growth_year": null,
            "eps_4q": -1.97,
            "eps_4q_growth_year": null,
            "roe": -10.56,
            "roe_4q": -32.03,
            "gross_profit": -1199,
            "gross_margin": -1.22,
            "gross_margin_4q_avg": 8.65,
            "net_income": -58568,
            "net_income_4q": null,
            "revenue": 98415,
            "revenue_4q": null,
            "common_shares": 935159,
            "book_valuer_per_share": 5.4,
            "book_valuer_per_share_4q_avg": 6.22,
            "equity": 525344,
            "current_ratio": 196.99,
            "debt_ratio": 35.01,
            "inventory_turnover_ratio": 1.85,
            "account_receivable_turnover_ratio": 0.66,
            "reinvestment_rate": null,
            "research_to_sale_ratio": 3.26,
            "price_fair": 0,
            "eps_avg_yearly": 0,
            "eps_latest_yearly": 0,
            "eps_growth_yearly": 0
        },
        "20202": {
            "year_quarter": 20202,
            "year": 2020,
            "quarter": 2,
            "eps": -0.28,
            "eps_growth_year": null,
            "eps_4q": -1.77,
            "eps_4q_growth_year": null,
            "roe": -5.22,
            "roe_4q": -30.260000000000005,
            "gross_profit": 10333,
            "gross_margin": 8.56,
            "gross_margin_4q_avg": 7.54,
            "net_income": -26696,
            "net_income_4q": null,
            "revenue": 120648,
            "revenue_4q": null,
            "common_shares": 935159,
            "book_valuer_per_share": 5.11,
            "book_valuer_per_share_4q_avg": 5.77,
            "equity": 497452,
            "current_ratio": 191.97,
            "debt_ratio": 36.62,
            "inventory_turnover_ratio": 2.32,
            "account_receivable_turnover_ratio": 0.88,
            "reinvestment_rate": null,
            "research_to_sale_ratio": 1.89,
            "price_fair": 0,
            "eps_avg_yearly": 0,
            "eps_latest_yearly": 0,
            "eps_growth_yearly": 0
        },
        "20203": {
            "year_quarter": 20203,
            "year": 2020,
            "quarter": 3,
            "eps": -0.39,
            "eps_growth_year": null,
            "eps_4q": -1.85,
            "eps_4q_growth_year": null,
            "roe": -8.39,
            "roe_4q": -34.230000000000004,
            "gross_profit": 3425,
            "gross_margin": 3.87,
            "gross_margin_4q_avg": 5.16,
            "net_income": -40021,
            "net_income_4q": null,
            "revenue": 88554,
            "revenue_4q": null,
            "common_shares": 935159,
            "book_valuer_per_share": 4.72,
            "book_valuer_per_share_4q_avg": 5.3,
            "equity": 456761,
            "current_ratio": 181.22,
            "debt_ratio": 37.87,
            "inventory_turnover_ratio": 2.06,
            "account_receivable_turnover_ratio": 0.69,
            "reinvestment_rate": null,
            "research_to_sale_ratio": 1.36,
            "price_fair": 0,
            "eps_avg_yearly": 0,
            "eps_latest_yearly": 0,
            "eps_growth_yearly": 0
        },
        "20204": {
            "year_quarter": 20204,
            "year": 2020,
            "quarter": 4,
            "eps": -1.02,
            "eps_growth_year": null,
            "eps_4q": -2.27,
            "eps_4q_growth_year": null,
            "roe": -26.03,
            "roe_4q": -50.2,
            "gross_profit": -4504,
            "gross_margin": -5.41,
            "gross_margin_4q_avg": 1.45,
            "net_income": -104999,
            "net_income_4q": null,
            "revenue": 83251,
            "revenue_4q": null,
            "common_shares": 935159,
            "book_valuer_per_share": 3.69,
            "book_valuer_per_share_4q_avg": 4.73,
            "equity": 349997,
            "current_ratio": 146.71,
            "debt_ratio": 45.69,
            "inventory_turnover_ratio": 2.81,
            "account_receivable_turnover_ratio": 0.73,
            "reinvestment_rate": null,
            "research_to_sale_ratio": 1.19,
            "price_fair": 0,
            "eps_avg_yearly": 0,
            "eps_latest_yearly": 0,
            "eps_growth_yearly": 0
        },
        "20211": {
            "year_quarter": 20211,
            "year": 2021,
            "quarter": 1,
            "eps": -0.05,
            "eps_growth_year": null,
            "eps_4q": -1.74,
            "eps_4q_growth_year": null,
            "roe": -1.95,
            "roe_4q": -41.59,
            "gross_profit": 12974,
            "gross_margin": 12.61,
            "gross_margin_4q_avg": 4.91,
            "net_income": -6752,
            "net_income_4q": null,
            "revenue": 102915,
            "revenue_4q": null,
            "common_shares": 935159,
            "book_valuer_per_share": 3.64,
            "book_valuer_per_share_4q_avg": 4.29,
            "equity": 343663,
            "current_ratio": 147.94,
            "debt_ratio": 47.03,
            "inventory_turnover_ratio": 3.09,
            "account_receivable_turnover_ratio": 0.94,
            "reinvestment_rate": null,
            "research_to_sale_ratio": 0,
            "price_fair": 0,
            "eps_avg_yearly": 0,
            "eps_latest_yearly": 0,
            "eps_growth_yearly": 0
        },
        "20212": {
            "year_quarter": 20212,
            "year": 2021,
            "quarter": 2,
            "eps": -0.29,
            "eps_growth_year": null,
            "eps_4q": -1.75,
            "eps_4q_growth_year": null,
            "roe": -8.67,
            "roe_4q": -45.04,
            "gross_profit": 12364,
            "gross_margin": 10.84,
            "gross_margin_4q_avg": 5.48,
            "net_income": -28535,
            "net_income_4q": null,
            "revenue": 114083,
            "revenue_4q": null,
            "common_shares": 935159,
            "book_valuer_per_share": 3.35,
            "book_valuer_per_share_4q_avg": 3.85,
            "equity": 314722,
            "current_ratio": 131.55,
            "debt_ratio": 51.08,
            "inventory_turnover_ratio": 2.47,
            "account_receivable_turnover_ratio": 1.06,
            "reinvestment_rate": null,
            "research_to_sale_ratio": 0,
            "price_fair": 0,
            "eps_avg_yearly": 0,
            "eps_latest_yearly": 0,
            "eps_growth_yearly": 0
        },
        "20213": {
            "year_quarter": 20213,
            "year": 2021,
            "quarter": 3,
            "eps": 0.08,
            "eps_growth_year": null,
            "eps_4q": -1.28,
            "eps_4q_growth_year": null,
            "roe": 3.07,
            "roe_4q": -33.58,
            "gross_profit": 11690,
            "gross_margin": 9.8,
            "gross_margin_4q_avg": 6.96,
            "net_income": 9801,
            "net_income_4q": null,
            "revenue": 119294,
            "revenue_4q": null,
            "common_shares": 935159,
            "book_valuer_per_share": 3.42,
            "book_valuer_per_share_4q_avg": 3.53,
            "equity": 323956,
            "current_ratio": 157.12,
            "debt_ratio": 47.67,
            "inventory_turnover_ratio": 2.19,
            "account_receivable_turnover_ratio": 1.1,
            "reinvestment_rate": null,
            "research_to_sale_ratio": -0.01,
            "price_fair": 0,
            "eps_avg_yearly": 0,
            "eps_latest_yearly": 0,
            "eps_growth_yearly": 0
        },
        "20214": {
            "year_quarter": 20214,
            "year": 2021,
            "quarter": 4,
            "eps": -0.96,
            "eps_growth_year": null,
            "eps_4q": -1.72,
            "eps_4q_growth_year": null,
            "roe": -13,
            "roe_4q": -20.55,
            "gross_profit": 6071,
            "gross_margin": 5.83,
            "gross_margin_4q_avg": 9.77,
            "net_income": -39577,
            "net_income_4q": null,
            "revenue": 104144,
            "revenue_4q": null,
            "common_shares": 322630,
            "book_valuer_per_share": 8.97,
            "book_valuer_per_share_4q_avg": 4.85,
            "equity": 284891,
            "current_ratio": 167.36,
            "debt_ratio": 46.57,
            "inventory_turnover_ratio": 2.3,
            "account_receivable_turnover_ratio": 0.93,
            "reinvestment_rate": null,
            "research_to_sale_ratio": 0,
            "price_fair": 0,
            "eps_avg_yearly": 0,
            "eps_latest_yearly": 0,
            "eps_growth_yearly": 0
        },
        "20221": {
            "year_quarter": 20221,
            "year": 2022,
            "quarter": 1,
            "eps": -0.26,
            "eps_growth_year": null,
            "eps_4q": -0.94,
            "eps_4q_growth_year": null,
            "roe": -1.97,
            "roe_4q": -20.57,
            "gross_profit": 6885,
            "gross_margin": 7.29,
            "gross_margin_4q_avg": 8.44,
            "net_income": -9336,
            "net_income_4q": null,
            "revenue": 94394,
            "revenue_4q": null,
            "common_shares": 642630,
            "book_valuer_per_share": 10.41,
            "book_valuer_per_share_4q_avg": 6.54,
            "equity": 664153,
            "current_ratio": 488.37,
            "debt_ratio": 14.02,
            "inventory_turnover_ratio": 2.31,
            "account_receivable_turnover_ratio": 0.88,
            "reinvestment_rate": null,
            "research_to_sale_ratio": 0.84,
            "price_fair": 0,
            "eps_avg_yearly": 0,
            "eps_latest_yearly": 0,
            "eps_growth_yearly": 0
        },
        "20222": {
            "year_quarter": 20222,
            "year": 2022,
            "quarter": 2,
            "eps": -0.05,
            "eps_growth_year": null,
            "eps_4q": -0.57,
            "eps_4q_growth_year": null,
            "roe": 0.28,
            "roe_4q": -11.62,
            "gross_profit": 13057,
            "gross_margin": 5.75,
            "gross_margin_4q_avg": 7.17,
            "net_income": 1871,
            "net_income_4q": null,
            "revenue": 227157,
            "revenue_4q": null,
            "common_shares": 642630,
            "book_valuer_per_share": 10.36,
            "book_valuer_per_share_4q_avg": 8.29,
            "equity": 665988,
            "current_ratio": 197.96,
            "debt_ratio": 36.29,
            "inventory_turnover_ratio": 2.76,
            "account_receivable_turnover_ratio": 1,
            "reinvestment_rate": null,
            "research_to_sale_ratio": 0.32,
            "price_fair": 0,
            "eps_avg_yearly": 0,
            "eps_latest_yearly": 0,
            "eps_growth_yearly": 0
        },
        "20223": {
            "year_quarter": 20223,
            "year": 2022,
            "quarter": 3,
            "eps": -0.09,
            "eps_growth_year": -212.5,
            "eps_4q": -0.77,
            "eps_4q_growth_year": null,
            "roe": -0.9,
            "roe_4q": -15.59,
            "gross_profit": 4941,
            "gross_margin": 1.88,
            "gross_margin_4q_avg": 5.19,
            "net_income": -5986,
            "net_income_4q": null,
            "revenue": 262573,
            "revenue_4q": null,
            "common_shares": 642630,
            "book_valuer_per_share": 10.26,
            "book_valuer_per_share_4q_avg": 10,
            "equity": 659740,
            "current_ratio": 213.17,
            "debt_ratio": 33.19,
            "inventory_turnover_ratio": 2.15,
            "account_receivable_turnover_ratio": 0.83,
            "reinvestment_rate": null,
            "research_to_sale_ratio": 0.24,
            "price_fair": 0,
            "eps_avg_yearly": 0,
            "eps_latest_yearly": 0,
            "eps_growth_yearly": 0
        },
        "20224": {
            "year_quarter": 20224,
            "year": 2022,
            "quarter": 4,
            "eps": -0.3,
            "eps_growth_year": null,
            "eps_4q": -0.59,
            "eps_4q_growth_year": null,
            "roe": -3,
            "roe_4q": -5.59,
            "gross_profit": 13670,
            "gross_margin": 5.81,
            "gross_margin_4q_avg": 5.18,
            "net_income": -19518,
            "net_income_4q": null,
            "revenue": 235461,
            "revenue_4q": null,
            "common_shares": 642630,
            "book_valuer_per_share": 9.95,
            "book_valuer_per_share_4q_avg": 10.25,
            "equity": 639864,
            "current_ratio": 209.65,
            "debt_ratio": 33.54,
            "inventory_turnover_ratio": 1.65,
            "account_receivable_turnover_ratio": 0.88,
            "reinvestment_rate": null,
            "research_to_sale_ratio": 0.36,
            "price_fair": 0,
            "eps_avg_yearly": 0,
            "eps_latest_yearly": 0,
            "eps_growth_yearly": 0
        },
        "20231": {
            "year_quarter": 20231,
            "year": 2023,
            "quarter": 1,
            "eps": 0.01,
            "eps_growth_year": null,
            "eps_4q": -0.44,
            "eps_4q_growth_year": null,
            "roe": 0.02,
            "roe_4q": -3.5999999999999996,
            "gross_profit": 22200,
            "gross_margin": 8.73,
            "gross_margin_4q_avg": 5.54,
            "net_income": 145,
            "net_income_4q": null,
            "revenue": 254206,
            "revenue_4q": null,
            "common_shares": 642630,
            "book_valuer_per_share": 9.96,
            "book_valuer_per_share_4q_avg": 10.13,
            "equity": 640000,
            "current_ratio": 218.92,
            "debt_ratio": 32.3,
            "inventory_turnover_ratio": 1.88,
            "account_receivable_turnover_ratio": 1.02,
            "reinvestment_rate": null,
            "research_to_sale_ratio": 0.22,
            "price_fair": 0,
            "eps_avg_yearly": 0,
            "eps_latest_yearly": 0,
            "eps_growth_yearly": 0
        },
        "20232": {
            "year_quarter": 20232,
            "year": 2023,
            "quarter": 2,
            "eps": -0.23,
            "eps_growth_year": null,
            "eps_4q": -0.63,
            "eps_4q_growth_year": null,
            "roe": -2.38,
            "roe_4q": -6.26,
            "gross_profit": 4057,
            "gross_margin": 1.79,
            "gross_margin_4q_avg": 4.55,
            "net_income": -15065,
            "net_income_4q": null,
            "revenue": 226304,
            "revenue_4q": null,
            "common_shares": 642630,
            "book_valuer_per_share": 9.78,
            "book_valuer_per_share_4q_avg": 9.99,
            "equity": 628318,
            "current_ratio": 219.54,
            "debt_ratio": 32.73,
            "inventory_turnover_ratio": 1.83,
            "account_receivable_turnover_ratio": 0.96,
            "reinvestment_rate": null,
            "research_to_sale_ratio": 0.21,
            "price_fair": 0,
            "eps_avg_yearly": 0,
            "eps_latest_yearly": 0,
            "eps_growth_yearly": 0
        }
    },
    "months": {
        "2004-02": {
            "month": "2004-02",
            "price": "33.83",
            "revenue": 47085
        },
        "2004-03": {
            "month": "2004-03",
            "price": "34.44",
            "revenue": 53726
        },
        "2004-04": {
            "month": "2004-04",
            "price": "32.14",
            "revenue": 51926
        },
        "2004-05": {
            "month": "2004-05",
            "price": "33.86",
            "revenue": 46587
        },
        "2004-06": {
            "month": "2004-06",
            "price": "34.30",
            "revenue": 46488
        },
        "2004-07": {
            "month": "2004-07",
            "price": "29.36",
            "revenue": 54018
        },
        "2004-08": {
            "month": "2004-08",
            "price": "29.42",
            "revenue": 55749
        },
        "2004-09": {
            "month": "2004-09",
            "price": "25.62",
            "revenue": 56450
        },
        "2004-10": {
            "month": "2004-10",
            "price": "23.80",
            "revenue": 58731
        },
        "2004-11": {
            "month": "2004-11",
            "price": "25.35",
            "revenue": 62201
        },
        "2004-12": {
            "month": "2004-12",
            "price": "24.59",
            "revenue": 48941
        },
        "2005-01": {
            "month": "2005-01",
            "price": "23.83",
            "revenue": 61336
        },
        "2005-02": {
            "month": "2005-02",
            "price": "23.78",
            "revenue": 42404
        },
        "2005-03": {
            "month": "2005-03",
            "price": "26.24",
            "revenue": 69840
        },
        "2005-04": {
            "month": "2005-04",
            "price": "23.82",
            "revenue": 54337
        },
        "2005-05": {
            "month": "2005-05",
            "price": "21.86",
            "revenue": 57398
        },
        "2005-06": {
            "month": "2005-06",
            "price": "22.52",
            "revenue": 57218
        },
        "2005-07": {
            "month": "2005-07",
            "price": "24.04",
            "revenue": 62814
        },
        "2005-08": {
            "month": "2005-08",
            "price": "23.65",
            "revenue": 62724
        },
        "2005-09": {
            "month": "2005-09",
            "price": "22.66",
            "revenue": 59345
        },
        "2005-10": {
            "month": "2005-10",
            "price": "21.98",
            "revenue": 64319
        },
        "2005-11": {
            "month": "2005-11",
            "price": "21.45",
            "revenue": 64836
        },
        "2005-12": {
            "month": "2005-12",
            "price": "24.53",
            "revenue": 53566
        },
        "2006-01": {
            "month": "2006-01",
            "price": "25.26",
            "revenue": 62386
        },
        "2006-02": {
            "month": "2006-02",
            "price": "25.01",
            "revenue": 49923
        },
        "2006-03": {
            "month": "2006-03",
            "price": "24.12",
            "revenue": 73268
        },
        "2006-04": {
            "month": "2006-04",
            "price": "25.97",
            "revenue": 63822
        },
        "2006-05": {
            "month": "2006-05",
            "price": "25.25",
            "revenue": 70973
        },
        "2006-06": {
            "month": "2006-06",
            "price": "23.96",
            "revenue": 76586
        },
        "2006-07": {
            "month": "2006-07",
            "price": "23.91",
            "revenue": 64348
        },
        "2006-08": {
            "month": "2006-08",
            "price": "21.78",
            "revenue": 73556
        },
        "2006-09": {
            "month": "2006-09",
            "price": "20.39",
            "revenue": 64324
        },
        "2006-10": {
            "month": "2006-10",
            "price": "20.48",
            "revenue": 79054
        },
        "2006-11": {
            "month": "2006-11",
            "price": "19.78",
            "revenue": 76451
        },
        "2006-12": {
            "month": "2006-12",
            "price": "20.52",
            "revenue": 62420
        },
        "2007-01": {
            "month": "2007-01",
            "price": "21.10",
            "revenue": 82491
        },
        "2007-02": {
            "month": "2007-02",
            "price": "20.50",
            "revenue": 60996
        },
        "2007-03": {
            "month": "2007-03",
            "price": "22.70",
            "revenue": 92387
        },
        "2007-04": {
            "month": "2007-04",
            "price": "27.86",
            "revenue": 82344
        },
        "2007-05": {
            "month": "2007-05",
            "price": "28.20",
            "revenue": 81156
        },
        "2007-06": {
            "month": "2007-06",
            "price": "30.66",
            "revenue": 73213
        },
        "2007-07": {
            "month": "2007-07",
            "price": "36.20",
            "revenue": 63932
        },
        "2007-08": {
            "month": "2007-08",
            "price": "32.08",
            "revenue": 68541
        },
        "2007-09": {
            "month": "2007-09",
            "price": "26.97",
            "revenue": 63316
        },
        "2007-10": {
            "month": "2007-10",
            "price": "24.45",
            "revenue": 71805
        },
        "2007-11": {
            "month": "2007-11",
            "price": "19.85",
            "revenue": 72395
        },
        "2007-12": {
            "month": "2007-12",
            "price": "18.19",
            "revenue": 55325
        },
        "2008-01": {
            "month": "2008-01",
            "price": "17.35",
            "revenue": 68894
        },
        "2008-02": {
            "month": "2008-02",
            "price": "16.60",
            "revenue": 77664
        },
        "2008-03": {
            "month": "2008-03",
            "price": "18.33",
            "revenue": 109544
        },
        "2008-04": {
            "month": "2008-04",
            "price": "19.60",
            "revenue": 101763
        },
        "2008-05": {
            "month": "2008-05",
            "price": "18.77",
            "revenue": 108417
        },
        "2008-06": {
            "month": "2008-06",
            "price": "15.86",
            "revenue": 98260
        },
        "2008-07": {
            "month": "2008-07",
            "price": "12.97",
            "revenue": 117763
        },
        "2008-08": {
            "month": "2008-08",
            "price": "12.83",
            "revenue": 116905
        },
        "2008-09": {
            "month": "2008-09",
            "price": "10.91",
            "revenue": 112697
        },
        "2008-10": {
            "month": "2008-10",
            "price": "10.42",
            "revenue": 120657
        },
        "2008-11": {
            "month": "2008-11",
            "price": "9.10",
            "revenue": 83415
        },
        "2008-12": {
            "month": "2008-12",
            "price": "8.81",
            "revenue": 73988
        },
        "2009-01": {
            "month": "2009-01",
            "price": "8.60",
            "revenue": 63567
        },
        "2009-02": {
            "month": "2009-02",
            "price": "8.22",
            "revenue": 76113
        },
        "2009-03": {
            "month": "2009-03",
            "price": "9.14",
            "revenue": 88306
        },
        "2009-04": {
            "month": "2009-04",
            "price": "10.43",
            "revenue": 92164
        },
        "2009-05": {
            "month": "2009-05",
            "price": "10.65",
            "revenue": 68884
        },
        "2009-06": {
            "month": "2009-06",
            "price": "10.72",
            "revenue": 78420
        },
        "2009-07": {
            "month": "2009-07",
            "price": "10.91",
            "revenue": 96093
        },
        "2009-08": {
            "month": "2009-08",
            "price": "11.68",
            "revenue": 102194
        },
        "2009-09": {
            "month": "2009-09",
            "price": "13.27",
            "revenue": 92899
        },
        "2009-10": {
            "month": "2009-10",
            "price": "13.25",
            "revenue": 79661
        },
        "2009-11": {
            "month": "2009-11",
            "price": "13.54",
            "revenue": 99500
        },
        "2009-12": {
            "month": "2009-12",
            "price": "17.30",
            "revenue": 80969
        },
        "2010-01": {
            "month": "2010-01",
            "price": "16.27",
            "revenue": 97624
        },
        "2010-02": {
            "month": "2010-02",
            "price": "13.71",
            "revenue": 76318
        },
        "2010-03": {
            "month": "2010-03",
            "price": "14.91",
            "revenue": 119526
        },
        "2010-04": {
            "month": "2010-04",
            "price": "17.01",
            "revenue": 112850
        },
        "2010-05": {
            "month": "2010-05",
            "price": "15.39",
            "revenue": 129152
        },
        "2010-06": {
            "month": "2010-06",
            "price": "15.24",
            "revenue": 138009
        },
        "2010-07": {
            "month": "2010-07",
            "price": "15.82",
            "revenue": 119075
        },
        "2010-08": {
            "month": "2010-08",
            "price": "17.15",
            "revenue": 121152
        },
        "2010-09": {
            "month": "2010-09",
            "price": "16.18",
            "revenue": 127792
        },
        "2010-10": {
            "month": "2010-10",
            "price": "15.85",
            "revenue": 107323
        },
        "2010-11": {
            "month": "2010-11",
            "price": "13.48",
            "revenue": 98970
        },
        "2010-12": {
            "month": "2010-12",
            "price": "13.89",
            "revenue": 98106
        },
        "2011-01": {
            "month": "2011-01",
            "price": "13.88",
            "revenue": 106566
        },
        "2011-02": {
            "month": "2011-02",
            "price": "13.87",
            "revenue": 83922
        },
        "2011-03": {
            "month": "2011-03",
            "price": "13.44",
            "revenue": 122978
        },
        "2011-04": {
            "month": "2011-04",
            "price": "14.09",
            "revenue": 105127
        },
        "2011-05": {
            "month": "2011-05",
            "price": "13.47",
            "revenue": 89543
        },
        "2011-06": {
            "month": "2011-06",
            "price": "12.87",
            "revenue": 93001
        },
        "2011-07": {
            "month": "2011-07",
            "price": "11.60",
            "revenue": 100840
        },
        "2011-08": {
            "month": "2011-08",
            "price": "9.42",
            "revenue": 88855
        },
        "2011-09": {
            "month": "2011-09",
            "price": "8.98",
            "revenue": 85802
        },
        "2011-10": {
            "month": "2011-10",
            "price": "8.38",
            "revenue": 76206
        },
        "2011-11": {
            "month": "2011-11",
            "price": "8.23",
            "revenue": 71274
        },
        "2011-12": {
            "month": "2011-12",
            "price": "7.43",
            "revenue": 67867
        },
        "2012-01": {
            "month": "2012-01",
            "price": "7.27",
            "revenue": 55212
        },
        "2012-02": {
            "month": "2012-02",
            "price": "8.60",
            "revenue": 65970
        },
        "2012-03": {
            "month": "2012-03",
            "price": "8.81",
            "revenue": 75527
        },
        "2012-04": {
            "month": "2012-04",
            "price": "9.31",
            "revenue": 80132
        },
        "2012-05": {
            "month": "2012-05",
            "price": "8.50",
            "revenue": 75611
        },
        "2012-06": {
            "month": "2012-06",
            "price": "7.51",
            "revenue": 56727
        },
        "2012-07": {
            "month": "2012-07",
            "price": "7.51",
            "revenue": 68174
        },
        "2012-08": {
            "month": "2012-08",
            "price": "7.13",
            "revenue": 53970
        },
        "2012-09": {
            "month": "2012-09",
            "price": "7.40",
            "revenue": 49919
        },
        "2012-10": {
            "month": "2012-10",
            "price": "7.32",
            "revenue": 51913
        },
        "2012-11": {
            "month": "2012-11",
            "price": "7.00",
            "revenue": 48183
        },
        "2012-12": {
            "month": "2012-12",
            "price": "7.08",
            "revenue": 44761
        },
        "2013-01": {
            "month": "2013-01",
            "price": "7.35",
            "revenue": 55651
        },
        "2013-02": {
            "month": "2013-02",
            "price": "8.03",
            "revenue": 41589
        },
        "2013-03": {
            "month": "2013-03",
            "price": "7.84",
            "revenue": 59541
        },
        "2013-04": {
            "month": "2013-04",
            "price": "9.07",
            "revenue": 51298
        },
        "2013-05": {
            "month": "2013-05",
            "price": "11.24",
            "revenue": 55917
        },
        "2013-06": {
            "month": "2013-06",
            "price": "13.47",
            "revenue": 41023
        },
        "2013-07": {
            "month": "2013-07",
            "price": "18.18",
            "revenue": 53701
        },
        "2013-08": {
            "month": "2013-08",
            "price": "19.46",
            "revenue": 53635
        },
        "2013-09": {
            "month": "2013-09",
            "price": "34.26",
            "revenue": 47460
        },
        "2013-10": {
            "month": "2013-10",
            "price": "44.04",
            "revenue": 57154
        },
        "2013-11": {
            "month": "2013-11",
            "price": "40.39",
            "revenue": 60769
        },
        "2013-12": {
            "month": "2013-12",
            "price": "38.25",
            "revenue": 119161
        },
        "2014-01": {
            "month": "2014-01",
            "price": "39.81",
            "revenue": 110492
        },
        "2014-02": {
            "month": "2014-02",
            "price": "43.16",
            "revenue": 51015
        },
        "2014-03": {
            "month": "2014-03",
            "price": "43.07",
            "revenue": 127577
        },
        "2014-04": {
            "month": "2014-04",
            "price": "54.70",
            "revenue": 52905
        },
        "2014-05": {
            "month": "2014-05",
            "price": "47.55",
            "revenue": 68193
        },
        "2014-06": {
            "month": "2014-06",
            "price": "49.16",
            "revenue": 49965
        },
        "2014-07": {
            "month": "2014-07",
            "price": "45.09",
            "revenue": 67491
        },
        "2014-08": {
            "month": "2014-08",
            "price": "43.55",
            "revenue": 59669
        },
        "2014-09": {
            "month": "2014-09",
            "price": "41.68",
            "revenue": 42285
        },
        "2014-10": {
            "month": "2014-10",
            "price": "34.29",
            "revenue": 46462
        },
        "2014-11": {
            "month": "2014-11",
            "price": "35.63",
            "revenue": 50217
        },
        "2014-12": {
            "month": "2014-12",
            "price": "37.12",
            "revenue": 87269
        },
        "2015-01": {
            "month": "2015-01",
            "price": "35.10",
            "revenue": 67436
        },
        "2015-02": {
            "month": "2015-02",
            "price": "31.98",
            "revenue": 40065
        },
        "2015-03": {
            "month": "2015-03",
            "price": "33.35",
            "revenue": 61786
        },
        "2015-04": {
            "month": "2015-04",
            "price": "35.92",
            "revenue": 63959
        },
        "2015-05": {
            "month": "2015-05",
            "price": "32.62",
            "revenue": 102895
        },
        "2015-06": {
            "month": "2015-06",
            "price": "32.68",
            "revenue": 72382
        },
        "2015-07": {
            "month": "2015-07",
            "price": "29.38",
            "revenue": 60050
        },
        "2015-08": {
            "month": "2015-08",
            "price": "20.94",
            "revenue": 76480
        },
        "2015-09": {
            "month": "2015-09",
            "price": "21.13",
            "revenue": 49120
        },
        "2015-10": {
            "month": "2015-10",
            "price": "19.62",
            "revenue": 60401
        },
        "2015-11": {
            "month": "2015-11",
            "price": "18.42",
            "revenue": 43308
        },
        "2015-12": {
            "month": "2015-12",
            "price": "14.76",
            "revenue": 62945
        },
        "2016-01": {
            "month": "2016-01",
            "price": "13.35",
            "revenue": 44535
        },
        "2016-02": {
            "month": "2016-02",
            "price": "13.58",
            "revenue": 44647
        },
        "2016-03": {
            "month": "2016-03",
            "price": "17.22",
            "revenue": 52701
        },
        "2016-04": {
            "month": "2016-04",
            "price": "17.40",
            "revenue": 45413
        },
        "2016-05": {
            "month": "2016-05",
            "price": "14.37",
            "revenue": 39480
        },
        "2016-06": {
            "month": "2016-06",
            "price": "15.43",
            "revenue": 62366
        },
        "2016-07": {
            "month": "2016-07",
            "price": "15.26",
            "revenue": 34145
        },
        "2016-08": {
            "month": "2016-08",
            "price": "13.81",
            "revenue": 35490
        },
        "2016-09": {
            "month": "2016-09",
            "price": "12.38",
            "revenue": 32454
        },
        "2016-10": {
            "month": "2016-10",
            "price": "12.33",
            "revenue": 33288
        },
        "2016-11": {
            "month": "2016-11",
            "price": "11.85",
            "revenue": 44283
        },
        "2016-12": {
            "month": "2016-12",
            "price": "11.52",
            "revenue": 34327
        },
        "2017-01": {
            "month": "2017-01",
            "price": "11.17",
            "revenue": 36072
        },
        "2017-02": {
            "month": "2017-02",
            "price": "10.81",
            "revenue": 36550
        },
        "2017-03": {
            "month": "2017-03",
            "price": "10.32",
            "revenue": 50400
        },
        "2017-04": {
            "month": "2017-04",
            "price": "10.02",
            "revenue": 37939
        },
        "2017-05": {
            "month": "2017-05",
            "price": "13.23",
            "revenue": 40682
        },
        "2017-06": {
            "month": "2017-06",
            "price": "22.63",
            "revenue": 44222
        },
        "2017-07": {
            "month": "2017-07",
            "price": "21.25",
            "revenue": 46753
        },
        "2017-08": {
            "month": "2017-08",
            "price": "19.23",
            "revenue": 39683
        },
        "2017-09": {
            "month": "2017-09",
            "price": "18.81",
            "revenue": 36629
        },
        "2017-10": {
            "month": "2017-10",
            "price": "17.10",
            "revenue": 34297
        },
        "2017-11": {
            "month": "2017-11",
            "price": "20.43",
            "revenue": 33889
        },
        "2017-12": {
            "month": "2017-12",
            "price": "18.22",
            "revenue": 32115
        },
        "2018-01": {
            "month": "2018-01",
            "price": "18.73",
            "revenue": 45588
        },
        "2018-02": {
            "month": "2018-02",
            "price": "18.15",
            "revenue": 28373
        },
        "2018-03": {
            "month": "2018-03",
            "price": "19.14",
            "revenue": 45192
        },
        "2018-04": {
            "month": "2018-04",
            "price": "17.84",
            "revenue": 42402
        },
        "2018-05": {
            "month": "2018-05",
            "price": "16.93",
            "revenue": 41856
        },
        "2018-06": {
            "month": "2018-06",
            "price": "17.52",
            "revenue": 43612
        },
        "2018-07": {
            "month": "2018-07",
            "price": "17.35",
            "revenue": 33747
        },
        "2018-08": {
            "month": "2018-08",
            "price": "16.97",
            "revenue": 49309
        },
        "2018-09": {
            "month": "2018-09",
            "price": "17.83",
            "revenue": 30255
        },
        "2018-10": {
            "month": "2018-10",
            "price": "17.78",
            "revenue": 36064
        },
        "2018-11": {
            "month": "2018-11",
            "price": "17.75",
            "revenue": 38776
        },
        "2018-12": {
            "month": "2018-12",
            "price": "19.43",
            "revenue": 29702
        },
        "2019-01": {
            "month": "2019-01",
            "price": "17.95",
            "revenue": 34163
        },
        "2019-02": {
            "month": "2019-02",
            "price": "17.31",
            "revenue": 27525
        },
        "2019-03": {
            "month": "2019-03",
            "price": "17.06",
            "revenue": 35035
        },
        "2019-04": {
            "month": "2019-04",
            "price": "15.28",
            "revenue": 43242
        },
        "2019-05": {
            "month": "2019-05",
            "price": "12.91",
            "revenue": 45317
        },
        "2019-06": {
            "month": "2019-06",
            "price": "13.05",
            "revenue": 36619
        },
        "2019-07": {
            "month": "2019-07",
            "price": "12.49",
            "revenue": 38474
        },
        "2019-08": {
            "month": "2019-08",
            "price": "12.35",
            "revenue": 87238
        },
        "2019-09": {
            "month": "2019-09",
            "price": "15.58",
            "revenue": 61164
        },
        "2019-10": {
            "month": "2019-10",
            "price": "13.89",
            "revenue": 35782
        },
        "2019-11": {
            "month": "2019-11",
            "price": "13.01",
            "revenue": 31946
        },
        "2019-12": {
            "month": "2019-12",
            "price": "12.52",
            "revenue": 87538
        },
        "2020-01": {
            "month": "2020-01",
            "price": "12.95",
            "revenue": 23771
        },
        "2020-02": {
            "month": "2020-02",
            "price": "11.75",
            "revenue": 33453
        },
        "2020-03": {
            "month": "2020-03",
            "price": "10.11",
            "revenue": 40976
        },
        "2020-04": {
            "month": "2020-04",
            "price": "9.07",
            "revenue": 34490
        },
        "2020-05": {
            "month": "2020-05",
            "price": "9.26",
            "revenue": 47097
        },
        "2020-06": {
            "month": "2020-06",
            "price": "10.36",
            "revenue": 39275
        },
        "2020-07": {
            "month": "2020-07",
            "price": "10.40",
            "revenue": 31697
        },
        "2020-08": {
            "month": "2020-08",
            "price": "9.98",
            "revenue": 24517
        },
        "2020-09": {
            "month": "2020-09",
            "price": "9.82",
            "revenue": 32340
        },
        "2020-10": {
            "month": "2020-10",
            "price": "9.35",
            "revenue": 24441
        },
        "2020-11": {
            "month": "2020-11",
            "price": "8.02",
            "revenue": 28924
        },
        "2020-12": {
            "month": "2020-12",
            "price": "5.73",
            "revenue": 29887
        },
        "2021-01": {
            "month": "2021-01",
            "price": "5.47",
            "revenue": 37782
        },
        "2021-02": {
            "month": "2021-02",
            "price": "5.22",
            "revenue": 22461
        },
        "2021-03": {
            "month": "2021-03",
            "price": "6.80",
            "revenue": 42672
        },
        "2021-04": {
            "month": "2021-04",
            "price": "7.00",
            "revenue": 38066
        },
        "2021-05": {
            "month": "2021-05",
            "price": "6.44",
            "revenue": 38808
        },
        "2021-06": {
            "month": "2021-06",
            "price": "6.20",
            "revenue": 37209
        },
        "2021-07": {
            "month": "2021-07",
            "price": "6.59",
            "revenue": 40785
        },
        "2021-08": {
            "month": "2021-08",
            "price": "6.52",
            "revenue": 41130
        },
        "2021-09": {
            "month": "2021-09",
            "price": "6.83",
            "revenue": 37379
        },
        "2021-10": {
            "month": "2021-10",
            "price": "6.93",
            "revenue": 40114
        },
        "2021-11": {
            "month": "2021-11",
            "price": "6.72",
            "revenue": 33487
        },
        "2021-12": {
            "month": "2021-12",
            "price": "6.61",
            "revenue": 30542
        },
        "2022-01": {
            "month": "2022-01",
            "price": "15.73",
            "revenue": 30582
        },
        "2022-02": {
            "month": "2022-02",
            "price": "14.81",
            "revenue": 25228
        },
        "2022-03": {
            "month": "2022-03",
            "price": "18.24",
            "revenue": 38584
        },
        "2022-04": {
            "month": "2022-04",
            "price": "21.09",
            "revenue": 55356
        },
        "2022-05": {
            "month": "2022-05",
            "price": "20.87",
            "revenue": 50854
        },
        "2022-06": {
            "month": "2022-06",
            "price": "20.03",
            "revenue": 120948
        },
        "2022-07": {
            "month": "2022-07",
            "price": "20.80",
            "revenue": 92877
        },
        "2022-08": {
            "month": "2022-08",
            "price": "26.91",
            "revenue": 82120
        },
        "2022-09": {
            "month": "2022-09",
            "price": "24.89",
            "revenue": 87576
        },
        "2022-10": {
            "month": "2022-10",
            "price": "21.73",
            "revenue": 85764
        },
        "2022-11": {
            "month": "2022-11",
            "price": "19.89",
            "revenue": 75298
        },
        "2022-12": {
            "month": "2022-12",
            "price": "19.76",
            "revenue": 74399
        },
        "2023-01": {
            "month": "2023-01",
            "price": "19.54",
            "revenue": 62614
        },
        "2023-02": {
            "month": "2023-02",
            "price": "19.70",
            "revenue": 85571
        },
        "2023-03": {
            "month": "2023-03",
            "price": "19.86",
            "revenue": 106021
        },
        "2023-04": {
            "month": "2023-04",
            "price": "19.86",
            "revenue": 79279
        },
        "2023-05": {
            "month": "2023-05",
            "price": "19.51",
            "revenue": 70231
        },
        "2023-06": {
            "month": "2023-06",
            "price": "19.24",
            "revenue": 76794
        },
        "2023-07": {
            "month": "2023-07",
            "price": "18.20",
            "revenue": 65180
        },
        "2023-08": {
            "month": "2023-08",
            "price": "15.05",
            "revenue": 83022
        },
        "2023-09": {
            "month": "2023-09",
            "price": "14.62",
            "revenue": 75885
        }
    }
}
