{
    "summary": {
        "stock_name": "錦明",
        "stock_id": "3230",
        "category": "光電",
        "main_business": "五金及鎂合金製品(LCD  及NB等零組件)之製造加工買賣業務<br>塑膠射出成型製品製造加工買賣業務<br>TFT LCD TV &amp; Monitor之Base 與Hinge之研究開發製造加工及買賣",
        "website_url": "http://www.jmg.com.tw",
        "ceo": "簡豪廷",
        "pe_ratio": -4,
        "report_year_from": 2002,
        "report_year_to": 2023,
        "age": 22,
        "eps_negative_percentage": 68,
        "eps_growth_avg": {
            "last_all": -69.64,
            "last_2y": -100,
            "last_4y": -100,
            "last_8y": -100,
            "last_12y": -100,
            "last_16y": -78.11,
            "last_20y": null,
            "at_2006_last_3y": null,
            "at_2007_last_3y": null,
            "at_2008_last_3y": null,
            "at_2009_last_3y": -54.46,
            "at_2010_last_3y": -63.51,
            "at_2011_last_3y": -68.23,
            "at_2012_last_3y": -100,
            "at_2013_last_3y": null,
            "at_2014_last_3y": -100,
            "at_2015_last_3y": -100,
            "at_2016_last_3y": -100,
            "at_2017_last_3y": -100,
            "at_2018_last_3y": null,
            "at_2019_last_3y": null,
            "at_2020_last_3y": null,
            "at_2021_last_3y": -100,
            "at_2022_last_3y": -100,
            "at_2023_last_3y": -100,
            "at_2024_last_3y": -100,
            "at_2006_last_all": null,
            "at_2007_last_all": -40.68,
            "at_2008_last_all": -39.28,
            "at_2009_last_all": -54.46,
            "at_2010_last_all": -54.46,
            "at_2011_last_all": -54.46,
            "at_2012_last_all": -54.46,
            "at_2013_last_all": -54.46,
            "at_2014_last_all": -63.57,
            "at_2015_last_all": -63.57,
            "at_2016_last_all": -63.57,
            "at_2017_last_all": -63.57,
            "at_2018_last_all": -63.57,
            "at_2019_last_all": -63.57,
            "at_2020_last_all": -63.57,
            "at_2021_last_all": -69.64,
            "at_2022_last_all": -69.64,
            "at_2023_last_all": -69.64,
            "at_2024_last_all": -69.64
        },
        "latest_eps": -3.22,
        "latest_price": 12.3,
        "latest_roe": -31.37,
        "latest_gross_margin": 3.86,
        "latest_equity": 608887,
        "latest_revenue": 211370,
        "latest_gross_profit": 8164,
        "latest_net_income": -62401,
        "latest_debt_ratio": 59.94,
        "latest_current_ratio": 147.91,
        "latest_account_receivable_turnover_ratio": 0.62,
        "latest_inventory_turnover_ratio": 3.01,
        "latest_reinvestment_rate": null,
        "latest_research_to_sale_ratio": 1.77
    },
    "eps_dividends": {
        "2001": {
            "cash": 0,
            "stock": 0,
            "eps": 0
        },
        "2002": {
            "cash": 0,
            "stock": 0,
            "eps": 0
        },
        "2003": {
            "cash": 0,
            "stock": 0,
            "eps": 0
        },
        "2004": {
            "cash": 0,
            "stock": 0,
            "eps": 0
        },
        "2005": {
            "cash": 0.55,
            "stock": 1.45,
            "eps": 5.42
        },
        "2006": {
            "cash": 2.63,
            "stock": 1.1,
            "eps": 3.94
        },
        "2007": {
            "cash": 2.81,
            "stock": 0.06,
            "eps": 1.81
        },
        "2008": {
            "cash": 0.2,
            "stock": 0.8,
            "eps": 1.15
        },
        "2009": {
            "cash": 0,
            "stock": 0.6,
            "eps": -0.47
        },
        "2010": {
            "cash": 0,
            "stock": 0,
            "eps": -2.52
        },
        "2011": {
            "cash": 0,
            "stock": 0,
            "eps": -1.25
        },
        "2012": {
            "cash": 0,
            "stock": 0,
            "eps": -2.42
        },
        "2013": {
            "cash": 0,
            "stock": 0,
            "eps": 0.2
        },
        "2014": {
            "cash": 0,
            "stock": 0,
            "eps": -1.31
        },
        "2015": {
            "cash": 0,
            "stock": 0,
            "eps": -0.74
        },
        "2016": {
            "cash": 0,
            "stock": 0,
            "eps": -0.96
        },
        "2017": {
            "cash": 0,
            "stock": 0,
            "eps": -1.8
        },
        "2018": {
            "cash": 0,
            "stock": 0,
            "eps": -1.59
        },
        "2019": {
            "cash": 0,
            "stock": 0,
            "eps": -0.63
        },
        "2020": {
            "cash": 0,
            "stock": 0,
            "eps": 0.11
        },
        "2021": {
            "cash": 0,
            "stock": 0,
            "eps": -0.42
        },
        "2022": {
            "cash": 0,
            "stock": 0,
            "eps": -1.86
        },
        "2023": {
            "cash": 0,
            "stock": 0,
            "eps": -2.45
        }
    },
    "dividends": {
        "2005-04-28": {
            "cash": 0.55,
            "stock": 1.45
        },
        "2006-03-07": {
            "cash": 2.63,
            "stock": 1.1
        },
        "2007-03-26": {
            "cash": 2.81,
            "stock": 0.06
        },
        "2008-04-30": {
            "cash": 0.2,
            "stock": 0.8
        },
        "2009-04-27": {
            "cash": 0,
            "stock": 0.6
        }
    },
    "prices": {
        "200101": "無",
        "200102": "無",
        "200103": "無",
        "200104": "無",
        "200105": "無",
        "200106": "無",
        "200107": "無",
        "200108": "無",
        "200109": "無",
        "200110": "無",
        "200111": "無",
        "200112": "無",
        "200201": "無",
        "200202": "無",
        "200203": "無",
        "200204": "無",
        "200205": "無",
        "200206": "無",
        "200207": "無",
        "200208": "無",
        "200209": "無",
        "200210": "無",
        "200211": "無",
        "200212": "無",
        "200301": "無",
        "200302": "無",
        "200303": "無",
        "200304": "無",
        "200305": "無",
        "200306": "無",
        "200307": "無",
        "200308": "無",
        "200309": "無",
        "200310": "無",
        "200311": "無",
        "200312": "無",
        "200401": "無",
        "200402": "無",
        "200403": "無",
        "200404": "無",
        "200405": "無",
        "200406": "無",
        "200407": "無",
        "200408": "無",
        "200409": "31.26",
        "200410": "30.34",
        "200411": "28.50",
        "200412": "29.11",
        "200501": "無",
        "200502": "30.27",
        "200503": "31.14",
        "200504": "30.68",
        "200505": "無",
        "200506": "無",
        "200507": "36.96",
        "200508": "42.30",
        "200509": "50.07",
        "200510": "49.90",
        "200511": "44.39",
        "200512": "46.99",
        "200601": "58.59",
        "200602": "76.02",
        "200603": "74.71",
        "200604": "79.27",
        "200605": "66.91",
        "200606": "54.43",
        "200607": "48.87",
        "200608": "51.39",
        "200609": "53.94",
        "200610": "51.38",
        "200611": "49.22",
        "200612": "49.60",
        "200701": "52.49",
        "200702": "48.60",
        "200703": "48.74",
        "200704": "52.91",
        "200705": "53.88",
        "200706": "56.96",
        "200707": "63.85",
        "200708": "55.86",
        "200709": "52.29",
        "200710": "43.58",
        "200711": "30.95",
        "200712": "25.95",
        "200801": "22.33",
        "200802": "19.64",
        "200803": "21.69",
        "200804": "24.14",
        "200805": "21.95",
        "200806": "19.19",
        "200807": "16.47",
        "200808": "16.71",
        "200809": "12.42",
        "200810": "10.13",
        "200811": "9.17",
        "200812": "6.97",
        "200901": "6.78",
        "200902": "7.24",
        "200903": "9.04",
        "200904": "10.36",
        "200905": "10.37",
        "200906": "11.12",
        "200907": "12.23",
        "200908": "13.06",
        "200909": "14.20",
        "200910": "14.37",
        "200911": "13.03",
        "200912": "14.08",
        "201001": "14.84",
        "201002": "12.62",
        "201003": "13.97",
        "201004": "17.80",
        "201005": "15.93",
        "201006": "16.08",
        "201007": "15.52",
        "201008": "15.46",
        "201009": "14.30",
        "201010": "12.67",
        "201011": "11.38",
        "201012": "12.38",
        "201101": "12.44",
        "201102": "14.62",
        "201103": "13.97",
        "201104": "13.58",
        "201105": "12.01",
        "201106": "11.82",
        "201107": "11.63",
        "201108": "9.48",
        "201109": "8.86",
        "201110": "9.14",
        "201111": "7.89",
        "201112": "6.06",
        "201201": "6.10",
        "201202": "7.79",
        "201203": "7.35",
        "201204": "6.86",
        "201205": "5.80",
        "201206": "5.32",
        "201207": "5.45",
        "201208": "5.30",
        "201209": "5.57",
        "201210": "5.19",
        "201211": "4.72",
        "201212": "5.18",
        "201301": "6.80",
        "201302": "6.47",
        "201303": "6.50",
        "201304": "5.99",
        "201305": "6.41",
        "201306": "6.39",
        "201307": "6.22",
        "201308": "6.15",
        "201309": "6.80",
        "201310": "6.88",
        "201311": "6.98",
        "201312": "7.34",
        "201401": "8.92",
        "201402": "11.31",
        "201403": "10.88",
        "201404": "9.81",
        "201405": "8.94",
        "201406": "8.95",
        "201407": "9.61",
        "201408": "9.56",
        "201409": "9.32",
        "201410": "8.51",
        "201411": "7.69",
        "201412": "8.43",
        "201501": "8.97",
        "201502": "8.82",
        "201503": "8.50",
        "201504": "8.01",
        "201505": "7.85",
        "201506": "6.68",
        "201507": "5.76",
        "201508": "4.87",
        "201509": "5.36",
        "201510": "6.43",
        "201511": "6.38",
        "201512": "5.87",
        "201601": "5.73",
        "201602": "5.73",
        "201603": "5.87",
        "201604": "5.62",
        "201605": "5.24",
        "201606": "5.14",
        "201607": "5.61",
        "201608": "5.66",
        "201609": "5.58",
        "201610": "5.75",
        "201611": "5.52",
        "201612": "5.38",
        "201701": "5.54",
        "201702": "6.13",
        "201703": "6.13",
        "201704": "7.55",
        "201705": "7.29",
        "201706": "7.45",
        "201707": "7.16",
        "201708": "6.35",
        "201709": "6.40",
        "201710": "6.37",
        "201711": "6.29",
        "201712": "6.05",
        "201801": "6.19",
        "201802": "6.12",
        "201803": "6.86",
        "201804": "6.90",
        "201805": "6.52",
        "201806": "6.68",
        "201807": "6.26",
        "201808": "6.30",
        "201809": "6.13",
        "201810": "5.13",
        "201811": "4.93",
        "201812": "5.05",
        "201901": "5.04",
        "201902": "5.05",
        "201903": "5.29",
        "201904": "5.01",
        "201905": "4.87",
        "201906": "4.99",
        "201907": "4.93",
        "201908": "5.20",
        "201909": "5.30",
        "201910": "5.92",
        "201911": "5.75",
        "201912": "5.55",
        "202001": "6.09",
        "202002": "5.72",
        "202003": "4.63",
        "202004": "4.80",
        "202005": "5.46",
        "202006": "5.67",
        "202007": "6.44",
        "202008": "6.54",
        "202009": "6.89",
        "202010": "6.88",
        "202011": "6.75",
        "202012": "6.73",
        "202101": "6.54",
        "202102": "6.54",
        "202103": "10.79",
        "202104": "21.26",
        "202105": "16.15",
        "202106": "16.54",
        "202107": "16.91",
        "202108": "16.98",
        "202109": "20.93",
        "202110": "19.36",
        "202111": "20.09",
        "202112": "19.12",
        "202201": "18.29",
        "202202": "17.10",
        "202203": "16.59",
        "202204": "18.14",
        "202205": "17.40",
        "202206": "16.35",
        "202207": "16.77",
        "202208": "16.69",
        "202209": "15.05",
        "202210": "13.00",
        "202211": "14.31",
        "202212": "13.40",
        "202301": "12.65",
        "202302": "12.40",
        "202303": "12.25",
        "202304": "13.37",
        "202305": "14.71",
        "202306": "14.69",
        "202307": "12.92",
        "202308": "11.54",
        "202309": "10.56",
        "202310": "8.93",
        "202311": "9.55",
        "202312": "9.68"
    },
    "quarters": {
        "20011": {
            "year_quarter": 20011,
            "year": 2001,
            "quarter": 1,
            "eps": null,
            "eps_growth_year": null,
            "eps_4q": null,
            "eps_4q_growth_year": null,
            "roe": null,
            "roe_4q": 0,
            "gross_profit": null,
            "gross_margin": null,
            "gross_margin_4q_avg": 0,
            "net_income": null,
            "net_income_4q": null,
            "revenue": null,
            "revenue_4q": null,
            "common_shares": null,
            "book_valuer_per_share": null,
            "book_valuer_per_share_4q_avg": 0,
            "equity": null,
            "current_ratio": null,
            "debt_ratio": null,
            "inventory_turnover_ratio": null,
            "account_receivable_turnover_ratio": null,
            "reinvestment_rate": null,
            "research_to_sale_ratio": null,
            "price_fair": 0,
            "eps_avg_yearly": 0,
            "eps_latest_yearly": 0,
            "eps_growth_yearly": 0
        },
        "20012": {
            "year_quarter": 20012,
            "year": 2001,
            "quarter": 2,
            "eps": null,
            "eps_growth_year": null,
            "eps_4q": null,
            "eps_4q_growth_year": null,
            "roe": null,
            "roe_4q": 0,
            "gross_profit": null,
            "gross_margin": null,
            "gross_margin_4q_avg": 0,
            "net_income": null,
            "net_income_4q": null,
            "revenue": null,
            "revenue_4q": null,
            "common_shares": null,
            "book_valuer_per_share": null,
            "book_valuer_per_share_4q_avg": 0,
            "equity": null,
            "current_ratio": null,
            "debt_ratio": null,
            "inventory_turnover_ratio": null,
            "account_receivable_turnover_ratio": null,
            "reinvestment_rate": null,
            "research_to_sale_ratio": null,
            "price_fair": 0,
            "eps_avg_yearly": 0,
            "eps_latest_yearly": 0,
            "eps_growth_yearly": 0
        },
        "20013": {
            "year_quarter": 20013,
            "year": 2001,
            "quarter": 3,
            "eps": null,
            "eps_growth_year": null,
            "eps_4q": null,
            "eps_4q_growth_year": null,
            "roe": null,
            "roe_4q": 0,
            "gross_profit": null,
            "gross_margin": null,
            "gross_margin_4q_avg": 0,
            "net_income": null,
            "net_income_4q": null,
            "revenue": null,
            "revenue_4q": null,
            "common_shares": null,
            "book_valuer_per_share": null,
            "book_valuer_per_share_4q_avg": 0,
            "equity": null,
            "current_ratio": null,
            "debt_ratio": null,
            "inventory_turnover_ratio": null,
            "account_receivable_turnover_ratio": null,
            "reinvestment_rate": null,
            "research_to_sale_ratio": null,
            "price_fair": 0,
            "eps_avg_yearly": 0,
            "eps_latest_yearly": 0,
            "eps_growth_yearly": 0
        },
        "20014": {
            "year_quarter": 20014,
            "year": 2001,
            "quarter": 4,
            "eps": null,
            "eps_growth_year": null,
            "eps_4q": null,
            "eps_4q_growth_year": null,
            "roe": null,
            "roe_4q": 0,
            "gross_profit": null,
            "gross_margin": null,
            "gross_margin_4q_avg": 0,
            "net_income": null,
            "net_income_4q": null,
            "revenue": null,
            "revenue_4q": null,
            "common_shares": 300000,
            "book_valuer_per_share": 16.17,
            "book_valuer_per_share_4q_avg": 4.04,
            "equity": 485184,
            "current_ratio": 72.87,
            "debt_ratio": 51.4,
            "inventory_turnover_ratio": null,
            "account_receivable_turnover_ratio": null,
            "reinvestment_rate": null,
            "research_to_sale_ratio": null,
            "price_fair": 0,
            "eps_avg_yearly": 0,
            "eps_latest_yearly": 0,
            "eps_growth_yearly": 0
        },
        "20021": {
            "year_quarter": 20021,
            "year": 2002,
            "quarter": 1,
            "eps": null,
            "eps_growth_year": null,
            "eps_4q": null,
            "eps_4q_growth_year": null,
            "roe": null,
            "roe_4q": 0,
            "gross_profit": null,
            "gross_margin": null,
            "gross_margin_4q_avg": 0,
            "net_income": null,
            "net_income_4q": null,
            "revenue": null,
            "revenue_4q": null,
            "common_shares": null,
            "book_valuer_per_share": null,
            "book_valuer_per_share_4q_avg": 4.04,
            "equity": null,
            "current_ratio": null,
            "debt_ratio": null,
            "inventory_turnover_ratio": null,
            "account_receivable_turnover_ratio": null,
            "reinvestment_rate": null,
            "research_to_sale_ratio": null,
            "price_fair": 0,
            "eps_avg_yearly": 0,
            "eps_latest_yearly": 0,
            "eps_growth_yearly": 0
        },
        "20022": {
            "year_quarter": 20022,
            "year": 2002,
            "quarter": 2,
            "eps": null,
            "eps_growth_year": null,
            "eps_4q": null,
            "eps_4q_growth_year": null,
            "roe": null,
            "roe_4q": 0,
            "gross_profit": null,
            "gross_margin": null,
            "gross_margin_4q_avg": 0,
            "net_income": null,
            "net_income_4q": null,
            "revenue": null,
            "revenue_4q": null,
            "common_shares": null,
            "book_valuer_per_share": null,
            "book_valuer_per_share_4q_avg": 4.04,
            "equity": null,
            "current_ratio": null,
            "debt_ratio": null,
            "inventory_turnover_ratio": null,
            "account_receivable_turnover_ratio": null,
            "reinvestment_rate": null,
            "research_to_sale_ratio": null,
            "price_fair": 0,
            "eps_avg_yearly": 0,
            "eps_latest_yearly": 0,
            "eps_growth_yearly": 0
        },
        "20023": {
            "year_quarter": 20023,
            "year": 2002,
            "quarter": 3,
            "eps": null,
            "eps_growth_year": null,
            "eps_4q": null,
            "eps_4q_growth_year": null,
            "roe": null,
            "roe_4q": 0,
            "gross_profit": null,
            "gross_margin": null,
            "gross_margin_4q_avg": 0,
            "net_income": null,
            "net_income_4q": null,
            "revenue": null,
            "revenue_4q": null,
            "common_shares": null,
            "book_valuer_per_share": null,
            "book_valuer_per_share_4q_avg": 4.04,
            "equity": null,
            "current_ratio": null,
            "debt_ratio": null,
            "inventory_turnover_ratio": null,
            "account_receivable_turnover_ratio": null,
            "reinvestment_rate": null,
            "research_to_sale_ratio": null,
            "price_fair": 0,
            "eps_avg_yearly": 0,
            "eps_latest_yearly": 0,
            "eps_growth_yearly": 0
        },
        "20024": {
            "year_quarter": 20024,
            "year": 2002,
            "quarter": 4,
            "eps": null,
            "eps_growth_year": null,
            "eps_4q": null,
            "eps_4q_growth_year": null,
            "roe": null,
            "roe_4q": 0,
            "gross_profit": null,
            "gross_margin": null,
            "gross_margin_4q_avg": 0,
            "net_income": null,
            "net_income_4q": null,
            "revenue": null,
            "revenue_4q": null,
            "common_shares": 486000,
            "book_valuer_per_share": 16.71,
            "book_valuer_per_share_4q_avg": 4.18,
            "equity": 812196,
            "current_ratio": 158.06,
            "debt_ratio": 34.44,
            "inventory_turnover_ratio": null,
            "account_receivable_turnover_ratio": null,
            "reinvestment_rate": null,
            "research_to_sale_ratio": null,
            "price_fair": 0,
            "eps_avg_yearly": 0,
            "eps_latest_yearly": 0,
            "eps_growth_yearly": 0
        },
        "20031": {
            "year_quarter": 20031,
            "year": 2003,
            "quarter": 1,
            "eps": null,
            "eps_growth_year": null,
            "eps_4q": null,
            "eps_4q_growth_year": null,
            "roe": null,
            "roe_4q": 0,
            "gross_profit": null,
            "gross_margin": null,
            "gross_margin_4q_avg": 0,
            "net_income": null,
            "net_income_4q": null,
            "revenue": null,
            "revenue_4q": null,
            "common_shares": null,
            "book_valuer_per_share": null,
            "book_valuer_per_share_4q_avg": 4.18,
            "equity": null,
            "current_ratio": null,
            "debt_ratio": null,
            "inventory_turnover_ratio": null,
            "account_receivable_turnover_ratio": null,
            "reinvestment_rate": null,
            "research_to_sale_ratio": null,
            "price_fair": 0,
            "eps_avg_yearly": 0,
            "eps_latest_yearly": 0,
            "eps_growth_yearly": 0
        },
        "20032": {
            "year_quarter": 20032,
            "year": 2003,
            "quarter": 2,
            "eps": null,
            "eps_growth_year": null,
            "eps_4q": null,
            "eps_4q_growth_year": null,
            "roe": null,
            "roe_4q": 0,
            "gross_profit": null,
            "gross_margin": null,
            "gross_margin_4q_avg": 0,
            "net_income": null,
            "net_income_4q": null,
            "revenue": null,
            "revenue_4q": null,
            "common_shares": null,
            "book_valuer_per_share": null,
            "book_valuer_per_share_4q_avg": 4.18,
            "equity": null,
            "current_ratio": null,
            "debt_ratio": null,
            "inventory_turnover_ratio": null,
            "account_receivable_turnover_ratio": null,
            "reinvestment_rate": null,
            "research_to_sale_ratio": null,
            "price_fair": 0,
            "eps_avg_yearly": 0,
            "eps_latest_yearly": 0,
            "eps_growth_yearly": 0
        },
        "20033": {
            "year_quarter": 20033,
            "year": 2003,
            "quarter": 3,
            "eps": null,
            "eps_growth_year": null,
            "eps_4q": null,
            "eps_4q_growth_year": null,
            "roe": null,
            "roe_4q": 0,
            "gross_profit": null,
            "gross_margin": null,
            "gross_margin_4q_avg": 0,
            "net_income": null,
            "net_income_4q": null,
            "revenue": null,
            "revenue_4q": null,
            "common_shares": null,
            "book_valuer_per_share": null,
            "book_valuer_per_share_4q_avg": 4.18,
            "equity": null,
            "current_ratio": null,
            "debt_ratio": null,
            "inventory_turnover_ratio": null,
            "account_receivable_turnover_ratio": null,
            "reinvestment_rate": null,
            "research_to_sale_ratio": null,
            "price_fair": 0,
            "eps_avg_yearly": 0,
            "eps_latest_yearly": 0,
            "eps_growth_yearly": 0
        },
        "20034": {
            "year_quarter": 20034,
            "year": 2003,
            "quarter": 4,
            "eps": null,
            "eps_growth_year": null,
            "eps_4q": null,
            "eps_4q_growth_year": null,
            "roe": null,
            "roe_4q": 0,
            "gross_profit": null,
            "gross_margin": null,
            "gross_margin_4q_avg": 0,
            "net_income": null,
            "net_income_4q": null,
            "revenue": null,
            "revenue_4q": null,
            "common_shares": 500000,
            "book_valuer_per_share": 14.79,
            "book_valuer_per_share_4q_avg": 3.7,
            "equity": 784338,
            "current_ratio": 87.88,
            "debt_ratio": 45.48,
            "inventory_turnover_ratio": null,
            "account_receivable_turnover_ratio": null,
            "reinvestment_rate": null,
            "research_to_sale_ratio": null,
            "price_fair": 0,
            "eps_avg_yearly": 0,
            "eps_latest_yearly": 0,
            "eps_growth_yearly": 0
        },
        "20041": {
            "year_quarter": 20041,
            "year": 2004,
            "quarter": 1,
            "eps": null,
            "eps_growth_year": null,
            "eps_4q": null,
            "eps_4q_growth_year": null,
            "roe": null,
            "roe_4q": 0,
            "gross_profit": null,
            "gross_margin": null,
            "gross_margin_4q_avg": 0,
            "net_income": null,
            "net_income_4q": null,
            "revenue": null,
            "revenue_4q": null,
            "common_shares": null,
            "book_valuer_per_share": null,
            "book_valuer_per_share_4q_avg": 3.7,
            "equity": null,
            "current_ratio": null,
            "debt_ratio": null,
            "inventory_turnover_ratio": null,
            "account_receivable_turnover_ratio": null,
            "reinvestment_rate": null,
            "research_to_sale_ratio": null,
            "price_fair": 0,
            "eps_avg_yearly": 0,
            "eps_latest_yearly": 0,
            "eps_growth_yearly": 0
        },
        "20042": {
            "year_quarter": 20042,
            "year": 2004,
            "quarter": 2,
            "eps": null,
            "eps_growth_year": null,
            "eps_4q": null,
            "eps_4q_growth_year": null,
            "roe": null,
            "roe_4q": 0,
            "gross_profit": null,
            "gross_margin": null,
            "gross_margin_4q_avg": 0,
            "net_income": null,
            "net_income_4q": null,
            "revenue": null,
            "revenue_4q": null,
            "common_shares": null,
            "book_valuer_per_share": null,
            "book_valuer_per_share_4q_avg": 3.7,
            "equity": null,
            "current_ratio": null,
            "debt_ratio": null,
            "inventory_turnover_ratio": null,
            "account_receivable_turnover_ratio": null,
            "reinvestment_rate": null,
            "research_to_sale_ratio": null,
            "price_fair": 0,
            "eps_avg_yearly": 0,
            "eps_latest_yearly": 0,
            "eps_growth_yearly": 0
        },
        "20043": {
            "year_quarter": 20043,
            "year": 2004,
            "quarter": 3,
            "eps": null,
            "eps_growth_year": null,
            "eps_4q": null,
            "eps_4q_growth_year": null,
            "roe": null,
            "roe_4q": 0,
            "gross_profit": null,
            "gross_margin": null,
            "gross_margin_4q_avg": 0,
            "net_income": null,
            "net_income_4q": null,
            "revenue": null,
            "revenue_4q": null,
            "common_shares": null,
            "book_valuer_per_share": null,
            "book_valuer_per_share_4q_avg": 3.7,
            "equity": null,
            "current_ratio": null,
            "debt_ratio": null,
            "inventory_turnover_ratio": null,
            "account_receivable_turnover_ratio": null,
            "reinvestment_rate": null,
            "research_to_sale_ratio": null,
            "price_fair": 0,
            "eps_avg_yearly": 0,
            "eps_latest_yearly": 0,
            "eps_growth_yearly": 0
        },
        "20044": {
            "year_quarter": 20044,
            "year": 2004,
            "quarter": 4,
            "eps": null,
            "eps_growth_year": null,
            "eps_4q": null,
            "eps_4q_growth_year": null,
            "roe": null,
            "roe_4q": 0,
            "gross_profit": null,
            "gross_margin": null,
            "gross_margin_4q_avg": 0,
            "net_income": null,
            "net_income_4q": null,
            "revenue": null,
            "revenue_4q": null,
            "common_shares": 500000,
            "book_valuer_per_share": 16.71,
            "book_valuer_per_share_4q_avg": 4.18,
            "equity": 893471,
            "current_ratio": 85.87,
            "debt_ratio": 59.09,
            "inventory_turnover_ratio": null,
            "account_receivable_turnover_ratio": null,
            "reinvestment_rate": null,
            "research_to_sale_ratio": null,
            "price_fair": 0,
            "eps_avg_yearly": 0,
            "eps_latest_yearly": 0,
            "eps_growth_yearly": 0
        },
        "20051": {
            "year_quarter": 20051,
            "year": 2005,
            "quarter": 1,
            "eps": 1.15,
            "eps_growth_year": null,
            "eps_4q": null,
            "eps_4q_growth_year": null,
            "roe": 6.06,
            "roe_4q": 6.06,
            "gross_profit": 41591,
            "gross_margin": 19.03,
            "gross_margin_4q_avg": 4.76,
            "net_income": 53976,
            "net_income_4q": null,
            "revenue": 218507,
            "revenue_4q": null,
            "common_shares": 500000,
            "book_valuer_per_share": 17.75,
            "book_valuer_per_share_4q_avg": 8.62,
            "equity": 887454,
            "current_ratio": 106.56,
            "debt_ratio": 41.83,
            "inventory_turnover_ratio": 1.48,
            "account_receivable_turnover_ratio": null,
            "reinvestment_rate": null,
            "research_to_sale_ratio": null,
            "price_fair": 0,
            "eps_avg_yearly": 0,
            "eps_latest_yearly": 0,
            "eps_growth_yearly": 0
        },
        "20052": {
            "year_quarter": 20052,
            "year": 2005,
            "quarter": 2,
            "eps": 1.03,
            "eps_growth_year": null,
            "eps_4q": null,
            "eps_4q_growth_year": null,
            "roe": 5.71,
            "roe_4q": 11.77,
            "gross_profit": 50085,
            "gross_margin": 19.58,
            "gross_margin_4q_avg": 9.65,
            "net_income": 51335,
            "net_income_4q": null,
            "revenue": 255848,
            "revenue_4q": null,
            "common_shares": 500000,
            "book_valuer_per_share": 18.2,
            "book_valuer_per_share_4q_avg": 13.17,
            "equity": 909881,
            "current_ratio": 102.58,
            "debt_ratio": 43.34,
            "inventory_turnover_ratio": 4.63,
            "account_receivable_turnover_ratio": null,
            "reinvestment_rate": null,
            "research_to_sale_ratio": null,
            "price_fair": 12.36,
            "eps_avg_yearly": 4.12,
            "eps_latest_yearly": 4.12,
            "eps_growth_yearly": -41.74
        },
        "20053": {
            "year_quarter": 20053,
            "year": 2005,
            "quarter": 3,
            "eps": 1.71,
            "eps_growth_year": null,
            "eps_4q": null,
            "eps_4q_growth_year": null,
            "roe": 8.85,
            "roe_4q": 20.619999999999997,
            "gross_profit": 68428,
            "gross_margin": 21.17,
            "gross_margin_4q_avg": 14.95,
            "net_income": 85724,
            "net_income_4q": null,
            "revenue": 323240,
            "revenue_4q": null,
            "common_shares": 500000,
            "book_valuer_per_share": 20.55,
            "book_valuer_per_share_4q_avg": 18.3,
            "equity": 1027511,
            "current_ratio": 103.46,
            "debt_ratio": 44.52,
            "inventory_turnover_ratio": 4.86,
            "account_receivable_turnover_ratio": null,
            "reinvestment_rate": null,
            "research_to_sale_ratio": null,
            "price_fair": 191.8,
            "eps_avg_yearly": 5.48,
            "eps_latest_yearly": 6.84,
            "eps_growth_yearly": 111.17
        },
        "20054": {
            "year_quarter": 20054,
            "year": 2005,
            "quarter": 4,
            "eps": 1.53,
            "eps_growth_year": null,
            "eps_4q": 4.82,
            "eps_4q_growth_year": null,
            "roe": 7.36,
            "roe_4q": 27.98,
            "gross_profit": 65176,
            "gross_margin": 21.61,
            "gross_margin_4q_avg": 20.35,
            "net_income": 88763,
            "net_income_4q": null,
            "revenue": 301561,
            "revenue_4q": null,
            "common_shares": 625000,
            "book_valuer_per_share": 20.78,
            "book_valuer_per_share_4q_avg": 19.32,
            "equity": 1384848,
            "current_ratio": 113.38,
            "debt_ratio": 53.14,
            "inventory_turnover_ratio": 1.61,
            "account_receivable_turnover_ratio": null,
            "reinvestment_rate": null,
            "research_to_sale_ratio": null,
            "price_fair": 199.27,
            "eps_avg_yearly": 5.69,
            "eps_latest_yearly": 6.12,
            "eps_growth_yearly": 60.08
        },
        "20061": {
            "year_quarter": 20061,
            "year": 2006,
            "quarter": 1,
            "eps": 0.9,
            "eps_growth_year": -21.74,
            "eps_4q": 4.5,
            "eps_4q_growth_year": null,
            "roe": 4.13,
            "roe_4q": 26.05,
            "gross_profit": 62484,
            "gross_margin": 22.89,
            "gross_margin_4q_avg": 21.31,
            "net_income": 56503,
            "net_income_4q": null,
            "revenue": 272969,
            "revenue_4q": null,
            "common_shares": 625000,
            "book_valuer_per_share": 21.64,
            "book_valuer_per_share_4q_avg": 20.29,
            "equity": 1352220,
            "current_ratio": 107.91,
            "debt_ratio": 39.26,
            "inventory_turnover_ratio": 1.37,
            "account_receivable_turnover_ratio": null,
            "reinvestment_rate": null,
            "research_to_sale_ratio": null,
            "price_fair": 71.77,
            "eps_avg_yearly": 5.17,
            "eps_latest_yearly": 3.6,
            "eps_growth_yearly": 3.88
        },
        "20062": {
            "year_quarter": 20062,
            "year": 2006,
            "quarter": 2,
            "eps": 1.06,
            "eps_growth_year": 2.91,
            "eps_4q": 4.75,
            "eps_4q_growth_year": null,
            "roe": 5.11,
            "roe_4q": 25.450000000000003,
            "gross_profit": 47595,
            "gross_margin": 22.6,
            "gross_margin_4q_avg": 22.07,
            "net_income": 66266,
            "net_income_4q": null,
            "revenue": 210600,
            "revenue_4q": null,
            "common_shares": 625000,
            "book_valuer_per_share": 19.87,
            "book_valuer_per_share_4q_avg": 20.71,
            "equity": 1242182,
            "current_ratio": 63.9,
            "debt_ratio": 40.57,
            "inventory_turnover_ratio": 2.5,
            "account_receivable_turnover_ratio": null,
            "reinvestment_rate": null,
            "research_to_sale_ratio": null,
            "price_fair": 136.2,
            "eps_avg_yearly": 4.98,
            "eps_latest_yearly": 4.24,
            "eps_growth_yearly": 17.33
        },
        "20063": {
            "year_quarter": 20063,
            "year": 2006,
            "quarter": 3,
            "eps": 1,
            "eps_growth_year": -41.52,
            "eps_4q": 4.02,
            "eps_4q_growth_year": null,
            "roe": 4.75,
            "roe_4q": 21.349999999999998,
            "gross_profit": 53679,
            "gross_margin": 20.79,
            "gross_margin_4q_avg": 21.97,
            "net_income": 69989,
            "net_income_4q": null,
            "revenue": 258176,
            "revenue_4q": null,
            "common_shares": 787500,
            "book_valuer_per_share": 21.67,
            "book_valuer_per_share_4q_avg": 20.99,
            "equity": 1706319,
            "current_ratio": 124.45,
            "debt_ratio": 36.47,
            "inventory_turnover_ratio": 3.2,
            "account_receivable_turnover_ratio": null,
            "reinvestment_rate": null,
            "research_to_sale_ratio": null,
            "price_fair": 99.61,
            "eps_avg_yearly": 4.82,
            "eps_latest_yearly": 4,
            "eps_growth_yearly": 10.67
        },
        "20064": {
            "year_quarter": 20064,
            "year": 2006,
            "quarter": 4,
            "eps": 0.98,
            "eps_growth_year": -35.95,
            "eps_4q": 3.63,
            "eps_4q_growth_year": -24.77,
            "roe": 4.04,
            "roe_4q": 18.029999999999998,
            "gross_profit": 44707,
            "gross_margin": 13.57,
            "gross_margin_4q_avg": 19.96,
            "net_income": 71335,
            "net_income_4q": null,
            "revenue": 329338,
            "revenue_4q": null,
            "common_shares": 787500,
            "book_valuer_per_share": 23.16,
            "book_valuer_per_share_4q_avg": 21.59,
            "equity": 1823793,
            "current_ratio": 196.82,
            "debt_ratio": 52.79,
            "inventory_turnover_ratio": 1.98,
            "account_receivable_turnover_ratio": null,
            "reinvestment_rate": null,
            "research_to_sale_ratio": null,
            "price_fair": 84.44,
            "eps_avg_yearly": 4.69,
            "eps_latest_yearly": 3.92,
            "eps_growth_yearly": 8
        },
        "20071": {
            "year_quarter": 20071,
            "year": 2007,
            "quarter": 1,
            "eps": 0.54,
            "eps_growth_year": -40,
            "eps_4q": 3.15,
            "eps_4q_growth_year": -29.9,
            "roe": 2.31,
            "roe_4q": 16.21,
            "gross_profit": 29798,
            "gross_margin": 14.88,
            "gross_margin_4q_avg": 17.96,
            "net_income": 42909,
            "net_income_4q": null,
            "revenue": 200189,
            "revenue_4q": null,
            "common_shares": 787500,
            "book_valuer_per_share": 24.06,
            "book_valuer_per_share_4q_avg": 22.19,
            "equity": 1894922,
            "current_ratio": 215.75,
            "debt_ratio": 37.09,
            "inventory_turnover_ratio": 1.22,
            "account_receivable_turnover_ratio": null,
            "reinvestment_rate": null,
            "research_to_sale_ratio": null,
            "price_fair": 13.13,
            "eps_avg_yearly": 4.38,
            "eps_latest_yearly": 2.16,
            "eps_growth_yearly": -15.45
        },
        "20072": {
            "year_quarter": 20072,
            "year": 2007,
            "quarter": 2,
            "eps": 0.53,
            "eps_growth_year": -50,
            "eps_4q": 2.87,
            "eps_4q_growth_year": -39.68,
            "roe": 2.31,
            "roe_4q": 13.41,
            "gross_profit": 7994,
            "gross_margin": 4.27,
            "gross_margin_4q_avg": 13.38,
            "net_income": 41762,
            "net_income_4q": null,
            "revenue": 187421,
            "revenue_4q": null,
            "common_shares": 787500,
            "book_valuer_per_share": 21.85,
            "book_valuer_per_share_4q_avg": 22.69,
            "equity": 1721014,
            "current_ratio": 142.94,
            "debt_ratio": 42.56,
            "inventory_turnover_ratio": 3.06,
            "account_receivable_turnover_ratio": null,
            "reinvestment_rate": null,
            "research_to_sale_ratio": null,
            "price_fair": 12.37,
            "eps_avg_yearly": 4.12,
            "eps_latest_yearly": 2.12,
            "eps_growth_yearly": -14.56
        },
        "20073": {
            "year_quarter": 20073,
            "year": 2007,
            "quarter": 3,
            "eps": 0.48,
            "eps_growth_year": -52,
            "eps_4q": 2.41,
            "eps_4q_growth_year": -39.97,
            "roe": 2.22,
            "roe_4q": 10.879999999999999,
            "gross_profit": 31796,
            "gross_margin": 8.86,
            "gross_margin_4q_avg": 10.4,
            "net_income": 38703,
            "net_income_4q": null,
            "revenue": 358706,
            "revenue_4q": null,
            "common_shares": 798173,
            "book_valuer_per_share": 22.17,
            "book_valuer_per_share_4q_avg": 22.81,
            "equity": 1769394,
            "current_ratio": 135.2,
            "debt_ratio": 45.95,
            "inventory_turnover_ratio": 4.48,
            "account_receivable_turnover_ratio": null,
            "reinvestment_rate": null,
            "research_to_sale_ratio": null,
            "price_fair": 11.71,
            "eps_avg_yearly": 3.9,
            "eps_latest_yearly": 1.92,
            "eps_growth_yearly": -16.87
        },
        "20074": {
            "year_quarter": 20074,
            "year": 2007,
            "quarter": 4,
            "eps": 0.26,
            "eps_growth_year": -73.47,
            "eps_4q": 1.78,
            "eps_4q_growth_year": -50.99,
            "roe": 1.1,
            "roe_4q": 7.940000000000001,
            "gross_profit": 58758,
            "gross_margin": 13.66,
            "gross_margin_4q_avg": 10.42,
            "net_income": 21131,
            "net_income_4q": null,
            "revenue": 430219,
            "revenue_4q": null,
            "common_shares": 798173,
            "book_valuer_per_share": 22.83,
            "book_valuer_per_share_4q_avg": 22.73,
            "equity": 2059530,
            "current_ratio": 81.19,
            "debt_ratio": 61.8,
            "inventory_turnover_ratio": 1.3,
            "account_receivable_turnover_ratio": null,
            "reinvestment_rate": null,
            "research_to_sale_ratio": null,
            "price_fair": 10.93,
            "eps_avg_yearly": 3.64,
            "eps_latest_yearly": 1.04,
            "eps_growth_yearly": -32.01
        },
        "20081": {
            "year_quarter": 20081,
            "year": 2008,
            "quarter": 1,
            "eps": -0.2,
            "eps_growth_year": -137.04,
            "eps_4q": 1.08,
            "eps_4q_growth_year": -65.63,
            "roe": -0.78,
            "roe_4q": 4.85,
            "gross_profit": 87564,
            "gross_margin": 13.34,
            "gross_margin_4q_avg": 10.03,
            "net_income": -15744,
            "net_income_4q": null,
            "revenue": 656170,
            "revenue_4q": null,
            "common_shares": 798173,
            "book_valuer_per_share": 22.08,
            "book_valuer_per_share_4q_avg": 22.23,
            "equity": 1994981,
            "current_ratio": 83.8,
            "debt_ratio": 58.27,
            "inventory_turnover_ratio": 1.14,
            "account_receivable_turnover_ratio": null,
            "reinvestment_rate": null,
            "research_to_sale_ratio": null,
            "price_fair": 10.93,
            "eps_avg_yearly": 3.64,
            "eps_latest_yearly": 1.04,
            "eps_growth_yearly": -32.01
        },
        "20082": {
            "year_quarter": 20082,
            "year": 2008,
            "quarter": 2,
            "eps": -0.09,
            "eps_growth_year": -116.98,
            "eps_4q": 0.45,
            "eps_4q_growth_year": -84.25,
            "roe": 0.05,
            "roe_4q": 2.5900000000000003,
            "gross_profit": 99148,
            "gross_margin": 13.48,
            "gross_margin_4q_avg": 12.34,
            "net_income": 1018,
            "net_income_4q": null,
            "revenue": 735619,
            "revenue_4q": null,
            "common_shares": 798173,
            "book_valuer_per_share": 22.31,
            "book_valuer_per_share_4q_avg": 22.35,
            "equity": 2026831,
            "current_ratio": 80.9,
            "debt_ratio": 57.18,
            "inventory_turnover_ratio": 1.4,
            "account_receivable_turnover_ratio": null,
            "reinvestment_rate": null,
            "research_to_sale_ratio": null,
            "price_fair": 10.93,
            "eps_avg_yearly": 3.64,
            "eps_latest_yearly": 1.04,
            "eps_growth_yearly": -32.01
        },
        "20083": {
            "year_quarter": 20083,
            "year": 2008,
            "quarter": 3,
            "eps": 1.39,
            "eps_growth_year": 189.58,
            "eps_4q": 1.27,
            "eps_4q_growth_year": -47.35,
            "roe": 5.51,
            "roe_4q": 5.879999999999999,
            "gross_profit": 220511,
            "gross_margin": 22.25,
            "gross_margin_4q_avg": 15.68,
            "net_income": 118205,
            "net_income_4q": null,
            "revenue": 990902,
            "revenue_4q": null,
            "common_shares": 798173,
            "book_valuer_per_share": 24.97,
            "book_valuer_per_share_4q_avg": 23.05,
            "equity": 2262581,
            "current_ratio": 87.63,
            "debt_ratio": 56.46,
            "inventory_turnover_ratio": 2.06,
            "account_receivable_turnover_ratio": null,
            "reinvestment_rate": null,
            "research_to_sale_ratio": null,
            "price_fair": 10.93,
            "eps_avg_yearly": 3.64,
            "eps_latest_yearly": 1.04,
            "eps_growth_yearly": -32.01
        },
        "20084": {
            "year_quarter": 20084,
            "year": 2008,
            "quarter": 4,
            "eps": 0.05,
            "eps_growth_year": -80.77,
            "eps_4q": 0.72,
            "eps_4q_growth_year": -59.39,
            "roe": -0.28,
            "roe_4q": 4.499999999999999,
            "gross_profit": 43451,
            "gross_margin": 8.35,
            "gross_margin_4q_avg": 14.36,
            "net_income": -6316,
            "net_income_4q": null,
            "revenue": 520477,
            "revenue_4q": null,
            "common_shares": 861029,
            "book_valuer_per_share": 23.48,
            "book_valuer_per_share_4q_avg": 23.21,
            "equity": 2284367,
            "current_ratio": 91.11,
            "debt_ratio": 51.75,
            "inventory_turnover_ratio": 1.6,
            "account_receivable_turnover_ratio": 0.84,
            "reinvestment_rate": 184.4,
            "research_to_sale_ratio": null,
            "price_fair": 10.07,
            "eps_avg_yearly": 3.36,
            "eps_latest_yearly": 0.2,
            "eps_growth_yearly": -61.47
        },
        "20091": {
            "year_quarter": 20091,
            "year": 2009,
            "quarter": 1,
            "eps": -0.51,
            "eps_growth_year": null,
            "eps_4q": 0.74,
            "eps_4q_growth_year": -31.85,
            "roe": -2.58,
            "roe_4q": 2.6999999999999993,
            "gross_profit": -11444,
            "gross_margin": -3.15,
            "gross_margin_4q_avg": 10.23,
            "net_income": -58923,
            "net_income_4q": null,
            "revenue": 363132,
            "revenue_4q": null,
            "common_shares": 861029,
            "book_valuer_per_share": 23.62,
            "book_valuer_per_share_4q_avg": 23.6,
            "equity": 2290079,
            "current_ratio": 86.6,
            "debt_ratio": 46.63,
            "inventory_turnover_ratio": 1.78,
            "account_receivable_turnover_ratio": 0.37,
            "reinvestment_rate": 300.55,
            "research_to_sale_ratio": null,
            "price_fair": 10.07,
            "eps_avg_yearly": 3.36,
            "eps_latest_yearly": 0.2,
            "eps_growth_yearly": -61.47
        },
        "20092": {
            "year_quarter": 20092,
            "year": 2009,
            "quarter": 2,
            "eps": -0.24,
            "eps_growth_year": null,
            "eps_4q": 0.59,
            "eps_4q_growth_year": 30.4,
            "roe": -1.28,
            "roe_4q": 1.3699999999999992,
            "gross_profit": 35042,
            "gross_margin": 8.85,
            "gross_margin_4q_avg": 9.08,
            "net_income": -28558,
            "net_income_4q": null,
            "revenue": 395776,
            "revenue_4q": null,
            "common_shares": 861029,
            "book_valuer_per_share": 22.61,
            "book_valuer_per_share_4q_avg": 23.67,
            "equity": 2185053,
            "current_ratio": 91.94,
            "debt_ratio": 44.9,
            "inventory_turnover_ratio": 2.03,
            "account_receivable_turnover_ratio": 0.57,
            "reinvestment_rate": 313.8,
            "research_to_sale_ratio": null,
            "price_fair": 9.86,
            "eps_avg_yearly": 3.29,
            "eps_latest_yearly": 0.2,
            "eps_growth_yearly": -63.27
        },
        "20093": {
            "year_quarter": 20093,
            "year": 2009,
            "quarter": 3,
            "eps": -0.12,
            "eps_growth_year": -108.63,
            "eps_4q": -0.8,
            "eps_4q_growth_year": -162.58,
            "roe": -0.03,
            "roe_4q": -4.17,
            "gross_profit": 86776,
            "gross_margin": 15.17,
            "gross_margin_4q_avg": 7.31,
            "net_income": -686,
            "net_income_4q": null,
            "revenue": 572183,
            "revenue_4q": null,
            "common_shares": 883811,
            "book_valuer_per_share": 22.19,
            "book_valuer_per_share_4q_avg": 22.98,
            "equity": 2204520,
            "current_ratio": 112.66,
            "debt_ratio": 47.54,
            "inventory_turnover_ratio": 2.48,
            "account_receivable_turnover_ratio": 0.75,
            "reinvestment_rate": 336.99,
            "research_to_sale_ratio": null,
            "price_fair": 8.8,
            "eps_avg_yearly": 2.93,
            "eps_latest_yearly": 0.2,
            "eps_growth_yearly": -96
        },
        "20094": {
            "year_quarter": 20094,
            "year": 2009,
            "quarter": 4,
            "eps": 0.4,
            "eps_growth_year": 700,
            "eps_4q": -0.39,
            "eps_4q_growth_year": -153.57,
            "roe": 2.69,
            "roe_4q": -1.2,
            "gross_profit": 121109,
            "gross_margin": 19.14,
            "gross_margin_4q_avg": 10,
            "net_income": 60434,
            "net_income_4q": null,
            "revenue": 632893,
            "revenue_4q": null,
            "common_shares": 965958,
            "book_valuer_per_share": 20.85,
            "book_valuer_per_share_4q_avg": 22.32,
            "equity": 2281121,
            "current_ratio": 112.9,
            "debt_ratio": 49.25,
            "inventory_turnover_ratio": 2.49,
            "account_receivable_turnover_ratio": 1.03,
            "reinvestment_rate": 536.52,
            "research_to_sale_ratio": null,
            "price_fair": 7.73,
            "eps_avg_yearly": 2.58,
            "eps_latest_yearly": 0.2,
            "eps_growth_yearly": -101.99
        },
        "20101": {
            "year_quarter": 20101,
            "year": 2010,
            "quarter": 1,
            "eps": -0.63,
            "eps_growth_year": null,
            "eps_4q": -0.56,
            "eps_4q_growth_year": -176.46,
            "roe": -2.61,
            "roe_4q": -1.23,
            "gross_profit": -2620,
            "gross_margin": -0.49,
            "gross_margin_4q_avg": 10.67,
            "net_income": -58826,
            "net_income_4q": null,
            "revenue": 539408,
            "revenue_4q": null,
            "common_shares": 988259,
            "book_valuer_per_share": 19.84,
            "book_valuer_per_share_4q_avg": 21.37,
            "equity": 2224688,
            "current_ratio": 102.26,
            "debt_ratio": 48.24,
            "inventory_turnover_ratio": 2.67,
            "account_receivable_turnover_ratio": 0.47,
            "reinvestment_rate": 938.9,
            "research_to_sale_ratio": 0.44,
            "price_fair": 7.35,
            "eps_avg_yearly": 2.45,
            "eps_latest_yearly": 0.2,
            "eps_growth_yearly": -94.15
        },
        "20102": {
            "year_quarter": 20102,
            "year": 2010,
            "quarter": 2,
            "eps": -0.63,
            "eps_growth_year": null,
            "eps_4q": -0.98,
            "eps_4q_growth_year": -265.91,
            "roe": -2.91,
            "roe_4q": -2.8599999999999994,
            "gross_profit": 3883,
            "gross_margin": 0.73,
            "gross_margin_4q_avg": 8.64,
            "net_income": -64574,
            "net_income_4q": null,
            "revenue": 530039,
            "revenue_4q": null,
            "common_shares": 1006910,
            "book_valuer_per_share": 19.39,
            "book_valuer_per_share_4q_avg": 20.57,
            "equity": 2219174,
            "current_ratio": 105.24,
            "debt_ratio": 47.8,
            "inventory_turnover_ratio": 2.36,
            "account_receivable_turnover_ratio": 0.49,
            "reinvestment_rate": 1522.88,
            "research_to_sale_ratio": 0.37,
            "price_fair": 6.58,
            "eps_avg_yearly": 2.19,
            "eps_latest_yearly": 0.2,
            "eps_growth_yearly": -117.76
        },
        "20103": {
            "year_quarter": 20103,
            "year": 2010,
            "quarter": 3,
            "eps": -0.37,
            "eps_growth_year": null,
            "eps_4q": -1.23,
            "eps_4q_growth_year": null,
            "roe": -1.76,
            "roe_4q": -4.59,
            "gross_profit": 50014,
            "gross_margin": 8.51,
            "gross_margin_4q_avg": 6.97,
            "net_income": -38785,
            "net_income_4q": null,
            "revenue": 587753,
            "revenue_4q": null,
            "common_shares": 1027783,
            "book_valuer_per_share": 18.56,
            "book_valuer_per_share_4q_avg": 19.66,
            "equity": 2179703,
            "current_ratio": 106.16,
            "debt_ratio": 47.46,
            "inventory_turnover_ratio": 2.39,
            "account_receivable_turnover_ratio": 0.55,
            "reinvestment_rate": 2916.76,
            "research_to_sale_ratio": 0.21,
            "price_fair": 5.68,
            "eps_avg_yearly": 1.89,
            "eps_latest_yearly": 0.2,
            "eps_growth_yearly": -133.61
        },
        "20104": {
            "year_quarter": 20104,
            "year": 2010,
            "quarter": 4,
            "eps": -0.89,
            "eps_growth_year": -321.63,
            "eps_4q": -2.43,
            "eps_4q_growth_year": null,
            "roe": -4.49,
            "roe_4q": -11.77,
            "gross_profit": 40532,
            "gross_margin": 6.32,
            "gross_margin_4q_avg": 3.77,
            "net_income": -94064,
            "net_income_4q": null,
            "revenue": 641170,
            "revenue_4q": null,
            "common_shares": 1059529,
            "book_valuer_per_share": 16.55,
            "book_valuer_per_share_4q_avg": 18.59,
            "equity": 2011257,
            "current_ratio": 95.28,
            "debt_ratio": 49.99,
            "inventory_turnover_ratio": 3.02,
            "account_receivable_turnover_ratio": 0.62,
            "reinvestment_rate": null,
            "research_to_sale_ratio": 0.3,
            "price_fair": 4.46,
            "eps_avg_yearly": 1.49,
            "eps_latest_yearly": 0.2,
            "eps_growth_yearly": -158.74
        },
        "20111": {
            "year_quarter": 20111,
            "year": 2011,
            "quarter": 1,
            "eps": -0.65,
            "eps_growth_year": null,
            "eps_4q": -2.49,
            "eps_4q_growth_year": null,
            "roe": -3,
            "roe_4q": -12.16,
            "gross_profit": 81757,
            "gross_margin": 12.16,
            "gross_margin_4q_avg": 6.93,
            "net_income": -59905,
            "net_income_4q": null,
            "revenue": 672114,
            "revenue_4q": null,
            "common_shares": 1061434,
            "book_valuer_per_share": 16.12,
            "book_valuer_per_share_4q_avg": 17.66,
            "equity": 1980370,
            "current_ratio": 103.84,
            "debt_ratio": 53.6,
            "inventory_turnover_ratio": 2.53,
            "account_receivable_turnover_ratio": 0.63,
            "reinvestment_rate": null,
            "research_to_sale_ratio": 0.67,
            "price_fair": 3.96,
            "eps_avg_yearly": 1.32,
            "eps_latest_yearly": 0.2,
            "eps_growth_yearly": -153.52
        },
        "20112": {
            "year_quarter": 20112,
            "year": 2011,
            "quarter": 2,
            "eps": -0.62,
            "eps_growth_year": null,
            "eps_4q": -2.51,
            "eps_4q_growth_year": null,
            "roe": -3.09,
            "roe_4q": -12.34,
            "gross_profit": 100324,
            "gross_margin": 11.01,
            "gross_margin_4q_avg": 9.5,
            "net_income": -60049,
            "net_income_4q": null,
            "revenue": 911316,
            "revenue_4q": null,
            "common_shares": 1061434,
            "book_valuer_per_share": 15.36,
            "book_valuer_per_share_4q_avg": 16.65,
            "equity": 1903438,
            "current_ratio": 105.64,
            "debt_ratio": 56.31,
            "inventory_turnover_ratio": 2.83,
            "account_receivable_turnover_ratio": 0.72,
            "reinvestment_rate": null,
            "research_to_sale_ratio": 0.97,
            "price_fair": 3.16,
            "eps_avg_yearly": 1.05,
            "eps_latest_yearly": 0.2,
            "eps_growth_yearly": -202.23
        },
        "20113": {
            "year_quarter": 20113,
            "year": 2011,
            "quarter": 3,
            "eps": 0.12,
            "eps_growth_year": null,
            "eps_4q": -2.04,
            "eps_4q_growth_year": null,
            "roe": 0.86,
            "roe_4q": -9.72,
            "gross_profit": 135290,
            "gross_margin": 13.92,
            "gross_margin_4q_avg": 10.85,
            "net_income": 17014,
            "net_income_4q": null,
            "revenue": 971831,
            "revenue_4q": null,
            "common_shares": 1061434,
            "book_valuer_per_share": 16.77,
            "book_valuer_per_share_4q_avg": 16.2,
            "equity": 2065378,
            "current_ratio": 102.5,
            "debt_ratio": 56.32,
            "inventory_turnover_ratio": 3.05,
            "account_receivable_turnover_ratio": 0.64,
            "reinvestment_rate": null,
            "research_to_sale_ratio": 0.7,
            "price_fair": 1.86,
            "eps_avg_yearly": 0.62,
            "eps_latest_yearly": 0.2,
            "eps_growth_yearly": -284.47
        },
        "20114": {
            "year_quarter": 20114,
            "year": 2011,
            "quarter": 4,
            "eps": -0.1,
            "eps_growth_year": null,
            "eps_4q": -1.2,
            "eps_4q_growth_year": null,
            "roe": -0.91,
            "roe_4q": -6.14,
            "gross_profit": 101106,
            "gross_margin": 11.6,
            "gross_margin_4q_avg": 12.17,
            "net_income": -19060,
            "net_income_4q": null,
            "revenue": 871639,
            "revenue_4q": null,
            "common_shares": 1107465,
            "book_valuer_per_share": 16.56,
            "book_valuer_per_share_4q_avg": 16.2,
            "equity": 2108660,
            "current_ratio": 108.03,
            "debt_ratio": 53.77,
            "inventory_turnover_ratio": 3.03,
            "account_receivable_turnover_ratio": 0.59,
            "reinvestment_rate": null,
            "research_to_sale_ratio": 0.78,
            "price_fair": 0.6,
            "eps_avg_yearly": 0.2,
            "eps_latest_yearly": 0.2,
            "eps_growth_yearly": -385.61
        },
        "20121": {
            "year_quarter": 20121,
            "year": 2012,
            "quarter": 1,
            "eps": -0.31,
            "eps_growth_year": null,
            "eps_4q": -0.88,
            "eps_4q_growth_year": null,
            "roe": -1.88,
            "roe_4q": -5.02,
            "gross_profit": 91388,
            "gross_margin": 11.98,
            "gross_margin_4q_avg": 12.13,
            "net_income": -38673,
            "net_income_4q": null,
            "revenue": 762736,
            "revenue_4q": null,
            "common_shares": 1107465,
            "book_valuer_per_share": 15.84,
            "book_valuer_per_share_4q_avg": 16.13,
            "equity": 2016180,
            "current_ratio": 108.55,
            "debt_ratio": 52.99,
            "inventory_turnover_ratio": 2.72,
            "account_receivable_turnover_ratio": 0.58,
            "reinvestment_rate": null,
            "research_to_sale_ratio": 0.71,
            "price_fair": 0.6,
            "eps_avg_yearly": 0.2,
            "eps_latest_yearly": 0.2,
            "eps_growth_yearly": -385.61
        },
        "20122": {
            "year_quarter": 20122,
            "year": 2012,
            "quarter": 2,
            "eps": -0.31,
            "eps_growth_year": null,
            "eps_4q": -0.59,
            "eps_4q_growth_year": null,
            "roe": -1.81,
            "roe_4q": -3.7399999999999998,
            "gross_profit": 52513,
            "gross_margin": 7.01,
            "gross_margin_4q_avg": 11.13,
            "net_income": -36349,
            "net_income_4q": null,
            "revenue": 748673,
            "revenue_4q": null,
            "common_shares": 1107465,
            "book_valuer_per_share": 15.7,
            "book_valuer_per_share_4q_avg": 16.22,
            "equity": 2000964,
            "current_ratio": 105.63,
            "debt_ratio": 55.82,
            "inventory_turnover_ratio": 2.41,
            "account_receivable_turnover_ratio": 0.55,
            "reinvestment_rate": null,
            "research_to_sale_ratio": 0.88,
            "price_fair": 0.6,
            "eps_avg_yearly": 0.2,
            "eps_latest_yearly": 0.2,
            "eps_growth_yearly": -385.61
        },
        "20123": {
            "year_quarter": 20123,
            "year": 2012,
            "quarter": 3,
            "eps": -0.26,
            "eps_growth_year": -314.59,
            "eps_4q": -0.97,
            "eps_4q_growth_year": null,
            "roe": -1.42,
            "roe_4q": -6.02,
            "gross_profit": 60065,
            "gross_margin": 7.97,
            "gross_margin_4q_avg": 9.64,
            "net_income": -27824,
            "net_income_4q": null,
            "revenue": 753939,
            "revenue_4q": null,
            "common_shares": 1107465,
            "book_valuer_per_share": 15.06,
            "book_valuer_per_share_4q_avg": 15.79,
            "equity": 1925321,
            "current_ratio": 105.81,
            "debt_ratio": 54.68,
            "inventory_turnover_ratio": 2.08,
            "account_receivable_turnover_ratio": 0.56,
            "reinvestment_rate": null,
            "research_to_sale_ratio": 1.09,
            "price_fair": 0.6,
            "eps_avg_yearly": 0.2,
            "eps_latest_yearly": 0.2,
            "eps_growth_yearly": -385.61
        },
        "20124": {
            "year_quarter": 20124,
            "year": 2012,
            "quarter": 4,
            "eps": -1.54,
            "eps_growth_year": null,
            "eps_4q": -2.41,
            "eps_4q_growth_year": null,
            "roe": -9.76,
            "roe_4q": -14.870000000000001,
            "gross_profit": -55024,
            "gross_margin": -7.59,
            "gross_margin_4q_avg": 4.84,
            "net_income": -177387,
            "net_income_4q": null,
            "revenue": 724560,
            "revenue_4q": null,
            "common_shares": 1107465,
            "book_valuer_per_share": 13.68,
            "book_valuer_per_share_4q_avg": 15.07,
            "equity": 1710111,
            "current_ratio": 105.3,
            "debt_ratio": 56.93,
            "inventory_turnover_ratio": 3.07,
            "account_receivable_turnover_ratio": 0.58,
            "reinvestment_rate": null,
            "research_to_sale_ratio": 1.38,
            "price_fair": 0,
            "eps_avg_yearly": 0,
            "eps_latest_yearly": 0,
            "eps_growth_yearly": 0
        },
        "20131": {
            "year_quarter": 20131,
            "year": 2013,
            "quarter": 1,
            "eps": -0.24,
            "eps_growth_year": null,
            "eps_4q": -2.39,
            "eps_4q_growth_year": null,
            "roe": -1.51,
            "roe_4q": -14.5,
            "gross_profit": 37773,
            "gross_margin": 8.28,
            "gross_margin_4q_avg": 3.92,
            "net_income": -25906,
            "net_income_4q": null,
            "revenue": 456239,
            "revenue_4q": null,
            "common_shares": 1107465,
            "book_valuer_per_share": 13.97,
            "book_valuer_per_share_4q_avg": 14.6,
            "equity": 1720602,
            "current_ratio": 104.05,
            "debt_ratio": 54.52,
            "inventory_turnover_ratio": 2.61,
            "account_receivable_turnover_ratio": 0.44,
            "reinvestment_rate": null,
            "research_to_sale_ratio": 1.82,
            "price_fair": 0,
            "eps_avg_yearly": 0,
            "eps_latest_yearly": 0,
            "eps_growth_yearly": 0
        },
        "20132": {
            "year_quarter": 20132,
            "year": 2013,
            "quarter": 2,
            "eps": -0.62,
            "eps_growth_year": null,
            "eps_4q": -2.69,
            "eps_4q_growth_year": null,
            "roe": -4.34,
            "roe_4q": -17.03,
            "gross_profit": 2810,
            "gross_margin": 0.61,
            "gross_margin_4q_avg": 2.32,
            "net_income": -73642,
            "net_income_4q": null,
            "revenue": 462908,
            "revenue_4q": null,
            "common_shares": 1107465,
            "book_valuer_per_share": 13.56,
            "book_valuer_per_share_4q_avg": 14.07,
            "equity": 1673184,
            "current_ratio": 109.96,
            "debt_ratio": 52.79,
            "inventory_turnover_ratio": 3.27,
            "account_receivable_turnover_ratio": 0.56,
            "reinvestment_rate": null,
            "research_to_sale_ratio": 1.79,
            "price_fair": 0,
            "eps_avg_yearly": 0,
            "eps_latest_yearly": 0,
            "eps_growth_yearly": 0
        },
        "20133": {
            "year_quarter": 20133,
            "year": 2013,
            "quarter": 3,
            "eps": 0.97,
            "eps_growth_year": null,
            "eps_4q": -1.46,
            "eps_4q_growth_year": null,
            "roe": 6.18,
            "roe_4q": -9.43,
            "gross_profit": 63271,
            "gross_margin": 11.15,
            "gross_margin_4q_avg": 3.11,
            "net_income": 106147,
            "net_income_4q": null,
            "revenue": 567217,
            "revenue_4q": null,
            "common_shares": 1107465,
            "book_valuer_per_share": 14.38,
            "book_valuer_per_share_4q_avg": 13.9,
            "equity": 1760290,
            "current_ratio": 124.04,
            "debt_ratio": 46.26,
            "inventory_turnover_ratio": 3.49,
            "account_receivable_turnover_ratio": 0.66,
            "reinvestment_rate": null,
            "research_to_sale_ratio": 1.69,
            "price_fair": 0,
            "eps_avg_yearly": 0,
            "eps_latest_yearly": 0,
            "eps_growth_yearly": 0
        },
        "20134": {
            "year_quarter": 20134,
            "year": 2013,
            "quarter": 4,
            "eps": 0.09,
            "eps_growth_year": null,
            "eps_4q": 0.2,
            "eps_4q_growth_year": null,
            "roe": 0.51,
            "roe_4q": 0.8399999999999996,
            "gross_profit": 72903,
            "gross_margin": 12.34,
            "gross_margin_4q_avg": 8.1,
            "net_income": 9081,
            "net_income_4q": null,
            "revenue": 590654,
            "revenue_4q": null,
            "common_shares": 1107465,
            "book_valuer_per_share": 14.7,
            "book_valuer_per_share_4q_avg": 14.15,
            "equity": 1798373,
            "current_ratio": 132.75,
            "debt_ratio": 44.2,
            "inventory_turnover_ratio": 3.4,
            "account_receivable_turnover_ratio": 0.61,
            "reinvestment_rate": null,
            "research_to_sale_ratio": 1.39,
            "price_fair": 1.08,
            "eps_avg_yearly": 0.36,
            "eps_latest_yearly": 0.36,
            "eps_growth_yearly": -362.89
        },
        "20141": {
            "year_quarter": 20141,
            "year": 2014,
            "quarter": 1,
            "eps": -0.06,
            "eps_growth_year": null,
            "eps_4q": 0.37,
            "eps_4q_growth_year": null,
            "roe": -0.4,
            "roe_4q": 1.9500000000000002,
            "gross_profit": 48698,
            "gross_margin": 9.73,
            "gross_margin_4q_avg": 8.46,
            "net_income": -7116,
            "net_income_4q": null,
            "revenue": 500700,
            "revenue_4q": null,
            "common_shares": 1107465,
            "book_valuer_per_share": 14.59,
            "book_valuer_per_share_4q_avg": 14.31,
            "equity": 1785373,
            "current_ratio": 134.7,
            "debt_ratio": 43.39,
            "inventory_turnover_ratio": 3.15,
            "account_receivable_turnover_ratio": 0.5,
            "reinvestment_rate": null,
            "research_to_sale_ratio": 1.52,
            "price_fair": 1.08,
            "eps_avg_yearly": 0.36,
            "eps_latest_yearly": 0.36,
            "eps_growth_yearly": -362.89
        },
        "20142": {
            "year_quarter": 20142,
            "year": 2014,
            "quarter": 2,
            "eps": -0.27,
            "eps_growth_year": null,
            "eps_4q": 0.72,
            "eps_4q_growth_year": null,
            "roe": -1.64,
            "roe_4q": 4.6499999999999995,
            "gross_profit": 66645,
            "gross_margin": 12.01,
            "gross_margin_4q_avg": 11.31,
            "net_income": -27389,
            "net_income_4q": null,
            "revenue": 554792,
            "revenue_4q": null,
            "common_shares": 1107465,
            "book_valuer_per_share": 14.4,
            "book_valuer_per_share_4q_avg": 14.52,
            "equity": 1551721,
            "current_ratio": 119.23,
            "debt_ratio": 49.94,
            "inventory_turnover_ratio": 3.56,
            "account_receivable_turnover_ratio": 0.56,
            "reinvestment_rate": null,
            "research_to_sale_ratio": 1.35,
            "price_fair": 1.08,
            "eps_avg_yearly": 0.36,
            "eps_latest_yearly": 0.36,
            "eps_growth_yearly": -362.89
        },
        "20143": {
            "year_quarter": 20143,
            "year": 2014,
            "quarter": 3,
            "eps": -0.06,
            "eps_growth_year": -106.19,
            "eps_4q": -0.31,
            "eps_4q_growth_year": null,
            "roe": -0.43,
            "roe_4q": -1.9599999999999997,
            "gross_profit": 79825,
            "gross_margin": 13.83,
            "gross_margin_4q_avg": 11.98,
            "net_income": -6725,
            "net_income_4q": null,
            "revenue": 577035,
            "revenue_4q": null,
            "common_shares": 1107465,
            "book_valuer_per_share": 14.69,
            "book_valuer_per_share_4q_avg": 14.6,
            "equity": 1583180,
            "current_ratio": 120.98,
            "debt_ratio": 48.71,
            "inventory_turnover_ratio": 3.23,
            "account_receivable_turnover_ratio": 0.59,
            "reinvestment_rate": null,
            "research_to_sale_ratio": 1.3,
            "price_fair": 1.08,
            "eps_avg_yearly": 0.36,
            "eps_latest_yearly": 0.36,
            "eps_growth_yearly": -362.89
        },
        "20144": {
            "year_quarter": 20144,
            "year": 2014,
            "quarter": 4,
            "eps": -0.92,
            "eps_growth_year": -1126.83,
            "eps_4q": -1.31,
            "eps_4q_growth_year": -768.7,
            "roe": -6.34,
            "roe_4q": -8.81,
            "gross_profit": 52075,
            "gross_margin": 9.12,
            "gross_margin_4q_avg": 11.17,
            "net_income": -98832,
            "net_income_4q": null,
            "revenue": 570709,
            "revenue_4q": null,
            "common_shares": 1097465,
            "book_valuer_per_share": 14.22,
            "book_valuer_per_share_4q_avg": 14.48,
            "equity": 1532304,
            "current_ratio": 118.25,
            "debt_ratio": 50.59,
            "inventory_turnover_ratio": 2.96,
            "account_receivable_turnover_ratio": 0.56,
            "reinvestment_rate": null,
            "research_to_sale_ratio": 1.32,
            "price_fair": 1.08,
            "eps_avg_yearly": 0.36,
            "eps_latest_yearly": 0.36,
            "eps_growth_yearly": -362.89
        },
        "20151": {
            "year_quarter": 20151,
            "year": 2015,
            "quarter": 1,
            "eps": -0.07,
            "eps_growth_year": null,
            "eps_4q": -1.32,
            "eps_4q_growth_year": -452.04,
            "roe": -0.47,
            "roe_4q": -8.879999999999999,
            "gross_profit": 60481,
            "gross_margin": 12.54,
            "gross_margin_4q_avg": 11.88,
            "net_income": -7181,
            "net_income_4q": null,
            "revenue": 482379,
            "revenue_4q": null,
            "common_shares": 1097465,
            "book_valuer_per_share": 14.01,
            "book_valuer_per_share_4q_avg": 14.33,
            "equity": 1509558,
            "current_ratio": 124.24,
            "debt_ratio": 47.71,
            "inventory_turnover_ratio": 2.67,
            "account_receivable_turnover_ratio": 0.48,
            "reinvestment_rate": null,
            "research_to_sale_ratio": 1.39,
            "price_fair": 1.08,
            "eps_avg_yearly": 0.36,
            "eps_latest_yearly": 0.36,
            "eps_growth_yearly": -362.89
        },
        "20152": {
            "year_quarter": 20152,
            "year": 2015,
            "quarter": 2,
            "eps": -0.26,
            "eps_growth_year": null,
            "eps_4q": -1.31,
            "eps_4q_growth_year": -281.24,
            "roe": -1.9,
            "roe_4q": -9.14,
            "gross_profit": 33805,
            "gross_margin": 8.58,
            "gross_margin_4q_avg": 11.02,
            "net_income": -28200,
            "net_income_4q": null,
            "revenue": 394229,
            "revenue_4q": null,
            "common_shares": 1097465,
            "book_valuer_per_share": 13.55,
            "book_valuer_per_share_4q_avg": 14.12,
            "equity": 1459855,
            "current_ratio": 129.29,
            "debt_ratio": 44.33,
            "inventory_turnover_ratio": 2.89,
            "account_receivable_turnover_ratio": 0.47,
            "reinvestment_rate": null,
            "research_to_sale_ratio": 1.42,
            "price_fair": 1.08,
            "eps_avg_yearly": 0.36,
            "eps_latest_yearly": 0.36,
            "eps_growth_yearly": -362.89
        },
        "20153": {
            "year_quarter": 20153,
            "year": 2015,
            "quarter": 3,
            "eps": -0.42,
            "eps_growth_year": null,
            "eps_4q": -1.67,
            "eps_4q_growth_year": null,
            "roe": -3.08,
            "roe_4q": -11.79,
            "gross_profit": 18757,
            "gross_margin": 5.3,
            "gross_margin_4q_avg": 8.89,
            "net_income": -45207,
            "net_income_4q": null,
            "revenue": 353993,
            "revenue_4q": null,
            "common_shares": 1097465,
            "book_valuer_per_share": 13.66,
            "book_valuer_per_share_4q_avg": 13.86,
            "equity": 1471902,
            "current_ratio": 134.05,
            "debt_ratio": 41.59,
            "inventory_turnover_ratio": 3,
            "account_receivable_turnover_ratio": 0.54,
            "reinvestment_rate": null,
            "research_to_sale_ratio": 2.2,
            "price_fair": 1.08,
            "eps_avg_yearly": 0.36,
            "eps_latest_yearly": 0.36,
            "eps_growth_yearly": -362.89
        },
        "20154": {
            "year_quarter": 20154,
            "year": 2015,
            "quarter": 4,
            "eps": 0.01,
            "eps_growth_year": null,
            "eps_4q": -0.74,
            "eps_4q_growth_year": null,
            "roe": 0.09,
            "roe_4q": -5.36,
            "gross_profit": 82530,
            "gross_margin": 20.46,
            "gross_margin_4q_avg": 11.72,
            "net_income": 1296,
            "net_income_4q": null,
            "revenue": 403386,
            "revenue_4q": null,
            "common_shares": 1097465,
            "book_valuer_per_share": 13.19,
            "book_valuer_per_share_4q_avg": 13.6,
            "equity": 1420841,
            "current_ratio": 142.89,
            "debt_ratio": 40.45,
            "inventory_turnover_ratio": 2.75,
            "account_receivable_turnover_ratio": 0.61,
            "reinvestment_rate": null,
            "research_to_sale_ratio": 1.63,
            "price_fair": 1.08,
            "eps_avg_yearly": 0.36,
            "eps_latest_yearly": 0.36,
            "eps_growth_yearly": -362.89
        },
        "20161": {
            "year_quarter": 20161,
            "year": 2016,
            "quarter": 1,
            "eps": -0.31,
            "eps_growth_year": null,
            "eps_4q": -0.98,
            "eps_4q_growth_year": null,
            "roe": -2.41,
            "roe_4q": -7.300000000000001,
            "gross_profit": 28232,
            "gross_margin": 12.61,
            "gross_margin_4q_avg": 11.74,
            "net_income": -33764,
            "net_income_4q": null,
            "revenue": 223819,
            "revenue_4q": null,
            "common_shares": 1077465,
            "book_valuer_per_share": 12.81,
            "book_valuer_per_share_4q_avg": 13.3,
            "equity": 1380160,
            "current_ratio": 152.93,
            "debt_ratio": 36.98,
            "inventory_turnover_ratio": 1.69,
            "account_receivable_turnover_ratio": 0.37,
            "reinvestment_rate": null,
            "research_to_sale_ratio": 3.43,
            "price_fair": 1.08,
            "eps_avg_yearly": 0.36,
            "eps_latest_yearly": 0.36,
            "eps_growth_yearly": -362.89
        },
        "20162": {
            "year_quarter": 20162,
            "year": 2016,
            "quarter": 2,
            "eps": -0.38,
            "eps_growth_year": null,
            "eps_4q": -1.1,
            "eps_4q_growth_year": null,
            "roe": -3.05,
            "roe_4q": -8.45,
            "gross_profit": 9328,
            "gross_margin": 4.44,
            "gross_margin_4q_avg": 10.7,
            "net_income": -41059,
            "net_income_4q": null,
            "revenue": 210163,
            "revenue_4q": null,
            "common_shares": 1077465,
            "book_valuer_per_share": 12.15,
            "book_valuer_per_share_4q_avg": 12.95,
            "equity": 1309331,
            "current_ratio": 165.41,
            "debt_ratio": 32.29,
            "inventory_turnover_ratio": 2.02,
            "account_receivable_turnover_ratio": 0.49,
            "reinvestment_rate": null,
            "research_to_sale_ratio": 3.12,
            "price_fair": 1.08,
            "eps_avg_yearly": 0.36,
            "eps_latest_yearly": 0.36,
            "eps_growth_yearly": -362.89
        },
        "20163": {
            "year_quarter": 20163,
            "year": 2016,
            "quarter": 3,
            "eps": -0.25,
            "eps_growth_year": null,
            "eps_4q": -0.93,
            "eps_4q_growth_year": null,
            "roe": -2.09,
            "roe_4q": -7.46,
            "gross_profit": 24112,
            "gross_margin": 9.1,
            "gross_margin_4q_avg": 11.65,
            "net_income": -26659,
            "net_income_4q": null,
            "revenue": 264843,
            "revenue_4q": null,
            "common_shares": 1077465,
            "book_valuer_per_share": 11.54,
            "book_valuer_per_share_4q_avg": 12.42,
            "equity": 1243438,
            "current_ratio": 168.79,
            "debt_ratio": 32.61,
            "inventory_turnover_ratio": 2.57,
            "account_receivable_turnover_ratio": 0.7,
            "reinvestment_rate": null,
            "research_to_sale_ratio": 2.14,
            "price_fair": 1.08,
            "eps_avg_yearly": 0.36,
            "eps_latest_yearly": 0.36,
            "eps_growth_yearly": -362.89
        },
        "20164": {
            "year_quarter": 20164,
            "year": 2016,
            "quarter": 4,
            "eps": -0.02,
            "eps_growth_year": -275.16,
            "eps_4q": -0.96,
            "eps_4q_growth_year": null,
            "roe": -0.18,
            "roe_4q": -7.73,
            "gross_profit": 11715,
            "gross_margin": 5,
            "gross_margin_4q_avg": 7.79,
            "net_income": -2270,
            "net_income_4q": null,
            "revenue": 234259,
            "revenue_4q": null,
            "common_shares": 1077465,
            "book_valuer_per_share": 11.35,
            "book_valuer_per_share_4q_avg": 11.96,
            "equity": 1223313,
            "current_ratio": 180.77,
            "debt_ratio": 33.7,
            "inventory_turnover_ratio": 2.19,
            "account_receivable_turnover_ratio": 0.58,
            "reinvestment_rate": null,
            "research_to_sale_ratio": 2.06,
            "price_fair": 1.08,
            "eps_avg_yearly": 0.36,
            "eps_latest_yearly": 0.36,
            "eps_growth_yearly": -362.89
        },
        "20171": {
            "year_quarter": 20171,
            "year": 2017,
            "quarter": 1,
            "eps": -0.17,
            "eps_growth_year": null,
            "eps_4q": -0.82,
            "eps_4q_growth_year": null,
            "roe": -1.59,
            "roe_4q": -6.91,
            "gross_profit": 39727,
            "gross_margin": 17.08,
            "gross_margin_4q_avg": 8.91,
            "net_income": -18850,
            "net_income_4q": null,
            "revenue": 232576,
            "revenue_4q": null,
            "common_shares": 1077465,
            "book_valuer_per_share": 10.71,
            "book_valuer_per_share_4q_avg": 11.44,
            "equity": 1153759,
            "current_ratio": 197.52,
            "debt_ratio": 31.5,
            "inventory_turnover_ratio": 1.91,
            "account_receivable_turnover_ratio": 0.58,
            "reinvestment_rate": null,
            "research_to_sale_ratio": 1.86,
            "price_fair": 1.08,
            "eps_avg_yearly": 0.36,
            "eps_latest_yearly": 0.36,
            "eps_growth_yearly": -362.89
        },
        "20172": {
            "year_quarter": 20172,
            "year": 2017,
            "quarter": 2,
            "eps": -0.21,
            "eps_growth_year": null,
            "eps_4q": -0.65,
            "eps_4q_growth_year": null,
            "roe": -1.92,
            "roe_4q": -5.779999999999999,
            "gross_profit": 24295,
            "gross_margin": 9.76,
            "gross_margin_4q_avg": 10.24,
            "net_income": -22100,
            "net_income_4q": null,
            "revenue": 248952,
            "revenue_4q": null,
            "common_shares": 1077465,
            "book_valuer_per_share": 10.66,
            "book_valuer_per_share_4q_avg": 11.07,
            "equity": 1148152,
            "current_ratio": 190.42,
            "debt_ratio": 33.17,
            "inventory_turnover_ratio": 2.75,
            "account_receivable_turnover_ratio": 0.62,
            "reinvestment_rate": null,
            "research_to_sale_ratio": 1.43,
            "price_fair": 1.08,
            "eps_avg_yearly": 0.36,
            "eps_latest_yearly": 0.36,
            "eps_growth_yearly": -362.89
        },
        "20173": {
            "year_quarter": 20173,
            "year": 2017,
            "quarter": 3,
            "eps": -0.44,
            "eps_growth_year": null,
            "eps_4q": -0.84,
            "eps_4q_growth_year": null,
            "roe": -4.2,
            "roe_4q": -7.89,
            "gross_profit": -1366,
            "gross_margin": -0.7,
            "gross_margin_4q_avg": 7.79,
            "net_income": -47414,
            "net_income_4q": null,
            "revenue": 194218,
            "revenue_4q": null,
            "common_shares": 1077465,
            "book_valuer_per_share": 10.32,
            "book_valuer_per_share_4q_avg": 10.76,
            "equity": 1112009,
            "current_ratio": 189.77,
            "debt_ratio": 32.78,
            "inventory_turnover_ratio": 2.75,
            "account_receivable_turnover_ratio": 0.52,
            "reinvestment_rate": null,
            "research_to_sale_ratio": 2.01,
            "price_fair": 1.08,
            "eps_avg_yearly": 0.36,
            "eps_latest_yearly": 0.36,
            "eps_growth_yearly": -362.89
        },
        "20174": {
            "year_quarter": 20174,
            "year": 2017,
            "quarter": 4,
            "eps": -0.98,
            "eps_growth_year": null,
            "eps_4q": -1.8,
            "eps_4q_growth_year": null,
            "roe": -9.99,
            "roe_4q": -17.7,
            "gross_profit": -21871,
            "gross_margin": -15.13,
            "gross_margin_4q_avg": 2.75,
            "net_income": -105993,
            "net_income_4q": null,
            "revenue": 144596,
            "revenue_4q": null,
            "common_shares": 1077465,
            "book_valuer_per_share": 9.36,
            "book_valuer_per_share_4q_avg": 10.26,
            "equity": 1008953,
            "current_ratio": 183.53,
            "debt_ratio": 31.76,
            "inventory_turnover_ratio": 2.39,
            "account_receivable_turnover_ratio": 0.48,
            "reinvestment_rate": null,
            "research_to_sale_ratio": 2.23,
            "price_fair": 0,
            "eps_avg_yearly": 0,
            "eps_latest_yearly": 0,
            "eps_growth_yearly": 0
        },
        "20181": {
            "year_quarter": 20181,
            "year": 2018,
            "quarter": 1,
            "eps": -0.48,
            "eps_growth_year": null,
            "eps_4q": -2.11,
            "eps_4q_growth_year": null,
            "roe": -5.22,
            "roe_4q": -21.33,
            "gross_profit": -13618,
            "gross_margin": -8.72,
            "gross_margin_4q_avg": -3.7,
            "net_income": -51642,
            "net_income_4q": null,
            "revenue": 156164,
            "revenue_4q": null,
            "common_shares": 1077465,
            "book_valuer_per_share": 9.01,
            "book_valuer_per_share_4q_avg": 9.84,
            "equity": 970495,
            "current_ratio": 189.75,
            "debt_ratio": 31.03,
            "inventory_turnover_ratio": 2.49,
            "account_receivable_turnover_ratio": 0.6,
            "reinvestment_rate": null,
            "research_to_sale_ratio": 1.85,
            "price_fair": 0,
            "eps_avg_yearly": 0,
            "eps_latest_yearly": 0,
            "eps_growth_yearly": 0
        },
        "20182": {
            "year_quarter": 20182,
            "year": 2018,
            "quarter": 2,
            "eps": -0.41,
            "eps_growth_year": null,
            "eps_4q": -2.32,
            "eps_4q_growth_year": null,
            "roe": -4.73,
            "roe_4q": -24.139999999999997,
            "gross_profit": -20175,
            "gross_margin": -10.96,
            "gross_margin_4q_avg": -8.88,
            "net_income": -44653,
            "net_income_4q": null,
            "revenue": 184037,
            "revenue_4q": null,
            "common_shares": 1077465,
            "book_valuer_per_share": 8.51,
            "book_valuer_per_share_4q_avg": 9.3,
            "equity": 916940,
            "current_ratio": 143.84,
            "debt_ratio": 36.37,
            "inventory_turnover_ratio": 2.91,
            "account_receivable_turnover_ratio": 0.69,
            "reinvestment_rate": null,
            "research_to_sale_ratio": 1.42,
            "price_fair": 0,
            "eps_avg_yearly": 0,
            "eps_latest_yearly": 0,
            "eps_growth_yearly": 0
        },
        "20183": {
            "year_quarter": 20183,
            "year": 2018,
            "quarter": 3,
            "eps": 0.01,
            "eps_growth_year": null,
            "eps_4q": -1.87,
            "eps_4q_growth_year": null,
            "roe": 0.15,
            "roe_4q": -19.79,
            "gross_profit": 6777,
            "gross_margin": 3.57,
            "gross_margin_4q_avg": -7.81,
            "net_income": 1333,
            "net_income_4q": null,
            "revenue": 189983,
            "revenue_4q": null,
            "common_shares": 1077465,
            "book_valuer_per_share": 8.31,
            "book_valuer_per_share_4q_avg": 8.8,
            "equity": 895448,
            "current_ratio": 166.62,
            "debt_ratio": 28.86,
            "inventory_turnover_ratio": 2.42,
            "account_receivable_turnover_ratio": 0.68,
            "reinvestment_rate": null,
            "research_to_sale_ratio": 1.11,
            "price_fair": 0,
            "eps_avg_yearly": 0,
            "eps_latest_yearly": 0,
            "eps_growth_yearly": 0
        },
        "20184": {
            "year_quarter": 20184,
            "year": 2018,
            "quarter": 4,
            "eps": -0.71,
            "eps_growth_year": null,
            "eps_4q": -1.59,
            "eps_4q_growth_year": null,
            "roe": -8.86,
            "roe_4q": -18.66,
            "gross_profit": -11962,
            "gross_margin": -6.6,
            "gross_margin_4q_avg": -5.68,
            "net_income": -76263,
            "net_income_4q": null,
            "revenue": 181305,
            "revenue_4q": null,
            "common_shares": 1077465,
            "book_valuer_per_share": 7.67,
            "book_valuer_per_share_4q_avg": 8.38,
            "equity": 826669,
            "current_ratio": 166.87,
            "debt_ratio": 28.2,
            "inventory_turnover_ratio": 2.63,
            "account_receivable_turnover_ratio": 0.62,
            "reinvestment_rate": null,
            "research_to_sale_ratio": 1.2,
            "price_fair": 0,
            "eps_avg_yearly": 0,
            "eps_latest_yearly": 0,
            "eps_growth_yearly": 0
        },
        "20191": {
            "year_quarter": 20191,
            "year": 2019,
            "quarter": 1,
            "eps": -0.16,
            "eps_growth_year": null,
            "eps_4q": -1.27,
            "eps_4q_growth_year": null,
            "roe": -2.07,
            "roe_4q": -15.51,
            "gross_profit": 10922,
            "gross_margin": 5.8,
            "gross_margin_4q_avg": -2.05,
            "net_income": -17049,
            "net_income_4q": null,
            "revenue": 188284,
            "revenue_4q": null,
            "common_shares": 1077465,
            "book_valuer_per_share": 7.65,
            "book_valuer_per_share_4q_avg": 8.04,
            "equity": 823969,
            "current_ratio": 164.15,
            "debt_ratio": 28.08,
            "inventory_turnover_ratio": 2.82,
            "account_receivable_turnover_ratio": 0.63,
            "reinvestment_rate": null,
            "research_to_sale_ratio": 0.97,
            "price_fair": 0,
            "eps_avg_yearly": 0,
            "eps_latest_yearly": 0,
            "eps_growth_yearly": 0
        },
        "20192": {
            "year_quarter": 20192,
            "year": 2019,
            "quarter": 2,
            "eps": -0.51,
            "eps_growth_year": null,
            "eps_4q": -1.36,
            "eps_4q_growth_year": null,
            "roe": -6.89,
            "roe_4q": -17.67,
            "gross_profit": 20271,
            "gross_margin": 9.62,
            "gross_margin_4q_avg": 3.1,
            "net_income": -54601,
            "net_income_4q": null,
            "revenue": 210624,
            "revenue_4q": null,
            "common_shares": 1077465,
            "book_valuer_per_share": 7.07,
            "book_valuer_per_share_4q_avg": 7.68,
            "equity": 761616,
            "current_ratio": 154.65,
            "debt_ratio": 34.68,
            "inventory_turnover_ratio": 2.68,
            "account_receivable_turnover_ratio": 0.67,
            "reinvestment_rate": null,
            "research_to_sale_ratio": 1.17,
            "price_fair": 0,
            "eps_avg_yearly": 0,
            "eps_latest_yearly": 0,
            "eps_growth_yearly": 0
        },
        "20193": {
            "year_quarter": 20193,
            "year": 2019,
            "quarter": 3,
            "eps": 0.12,
            "eps_growth_year": 1100,
            "eps_4q": -1.25,
            "eps_4q_growth_year": null,
            "roe": 1.76,
            "roe_4q": -16.06,
            "gross_profit": 43173,
            "gross_margin": 14.58,
            "gross_margin_4q_avg": 5.85,
            "net_income": 13286,
            "net_income_4q": null,
            "revenue": 296047,
            "revenue_4q": null,
            "common_shares": 1077465,
            "book_valuer_per_share": 6.98,
            "book_valuer_per_share_4q_avg": 7.34,
            "equity": 751535,
            "current_ratio": 159.57,
            "debt_ratio": 43.44,
            "inventory_turnover_ratio": 2.88,
            "account_receivable_turnover_ratio": 0.77,
            "reinvestment_rate": null,
            "research_to_sale_ratio": 0.7,
            "price_fair": 0,
            "eps_avg_yearly": 0,
            "eps_latest_yearly": 0,
            "eps_growth_yearly": 0
        },
        "20194": {
            "year_quarter": 20194,
            "year": 2019,
            "quarter": 4,
            "eps": -0.08,
            "eps_growth_year": null,
            "eps_4q": -0.63,
            "eps_4q_growth_year": null,
            "roe": -1.21,
            "roe_4q": -8.41,
            "gross_profit": 30965,
            "gross_margin": 10.63,
            "gross_margin_4q_avg": 10.16,
            "net_income": -9037,
            "net_income_4q": null,
            "revenue": 291277,
            "revenue_4q": null,
            "common_shares": 1077465,
            "book_valuer_per_share": 6.85,
            "book_valuer_per_share_4q_avg": 7.14,
            "equity": 737562,
            "current_ratio": 165.3,
            "debt_ratio": 41.04,
            "inventory_turnover_ratio": 2.73,
            "account_receivable_turnover_ratio": 0.69,
            "reinvestment_rate": null,
            "research_to_sale_ratio": 0.73,
            "price_fair": 0,
            "eps_avg_yearly": 0,
            "eps_latest_yearly": 0,
            "eps_growth_yearly": 0
        },
        "20201": {
            "year_quarter": 20201,
            "year": 2020,
            "quarter": 1,
            "eps": -0.04,
            "eps_growth_year": null,
            "eps_4q": -0.51,
            "eps_4q_growth_year": null,
            "roe": -0.62,
            "roe_4q": -6.96,
            "gross_profit": 20113,
            "gross_margin": 9.57,
            "gross_margin_4q_avg": 11.1,
            "net_income": -4525,
            "net_income_4q": null,
            "revenue": 210069,
            "revenue_4q": null,
            "common_shares": 1077465,
            "book_valuer_per_share": 6.74,
            "book_valuer_per_share_4q_avg": 6.91,
            "equity": 726237,
            "current_ratio": 172.26,
            "debt_ratio": 40.63,
            "inventory_turnover_ratio": 2.01,
            "account_receivable_turnover_ratio": 0.53,
            "reinvestment_rate": null,
            "research_to_sale_ratio": 0.62,
            "price_fair": 0,
            "eps_avg_yearly": 0,
            "eps_latest_yearly": 0,
            "eps_growth_yearly": 0
        },
        "20202": {
            "year_quarter": 20202,
            "year": 2020,
            "quarter": 2,
            "eps": 0.1,
            "eps_growth_year": null,
            "eps_4q": 0.09,
            "eps_4q_growth_year": null,
            "roe": 1.44,
            "roe_4q": 1.37,
            "gross_profit": 47271,
            "gross_margin": 14.45,
            "gross_margin_4q_avg": 12.31,
            "net_income": 10472,
            "net_income_4q": null,
            "revenue": 327230,
            "revenue_4q": null,
            "common_shares": 1077465,
            "book_valuer_per_share": 6.74,
            "book_valuer_per_share_4q_avg": 6.83,
            "equity": 726244,
            "current_ratio": 167.57,
            "debt_ratio": 41.74,
            "inventory_turnover_ratio": 3.25,
            "account_receivable_turnover_ratio": 0.77,
            "reinvestment_rate": null,
            "research_to_sale_ratio": 0.45,
            "price_fair": 0,
            "eps_avg_yearly": 0,
            "eps_latest_yearly": 0,
            "eps_growth_yearly": 0
        },
        "20203": {
            "year_quarter": 20203,
            "year": 2020,
            "quarter": 3,
            "eps": 0,
            "eps_growth_year": -100,
            "eps_4q": -0.02,
            "eps_4q_growth_year": null,
            "roe": 0.06,
            "roe_4q": -0.32999999999999996,
            "gross_profit": 47942,
            "gross_margin": 13.99,
            "gross_margin_4q_avg": 12.16,
            "net_income": 434,
            "net_income_4q": null,
            "revenue": 342644,
            "revenue_4q": null,
            "common_shares": 1077465,
            "book_valuer_per_share": 6.86,
            "book_valuer_per_share_4q_avg": 6.8,
            "equity": 738626,
            "current_ratio": 163.4,
            "debt_ratio": 44.37,
            "inventory_turnover_ratio": 3.61,
            "account_receivable_turnover_ratio": 0.7,
            "reinvestment_rate": null,
            "research_to_sale_ratio": 0.54,
            "price_fair": 0,
            "eps_avg_yearly": 0,
            "eps_latest_yearly": 0,
            "eps_growth_yearly": 0
        },
        "20204": {
            "year_quarter": 20204,
            "year": 2020,
            "quarter": 4,
            "eps": 0.05,
            "eps_growth_year": null,
            "eps_4q": 0.11,
            "eps_4q_growth_year": null,
            "roe": 0.79,
            "roe_4q": 1.67,
            "gross_profit": 54319,
            "gross_margin": 16.08,
            "gross_margin_4q_avg": 13.52,
            "net_income": 5888,
            "net_income_4q": null,
            "revenue": 337864,
            "revenue_4q": null,
            "common_shares": 1077465,
            "book_valuer_per_share": 7.06,
            "book_valuer_per_share_4q_avg": 6.85,
            "equity": 760824,
            "current_ratio": 170.9,
            "debt_ratio": 41.65,
            "inventory_turnover_ratio": 3.19,
            "account_receivable_turnover_ratio": 0.67,
            "reinvestment_rate": null,
            "research_to_sale_ratio": 0.54,
            "price_fair": 0,
            "eps_avg_yearly": 0,
            "eps_latest_yearly": 0,
            "eps_growth_yearly": 0
        },
        "20211": {
            "year_quarter": 20211,
            "year": 2021,
            "quarter": 1,
            "eps": -0.04,
            "eps_growth_year": null,
            "eps_4q": 0.24,
            "eps_4q_growth_year": null,
            "roe": -0.33,
            "roe_4q": 1.96,
            "gross_profit": 32882,
            "gross_margin": 9.75,
            "gross_margin_4q_avg": 13.57,
            "net_income": -2473,
            "net_income_4q": null,
            "revenue": 337392,
            "revenue_4q": null,
            "common_shares": 590109,
            "book_valuer_per_share": 12.75,
            "book_valuer_per_share_4q_avg": 8.35,
            "equity": 752261,
            "current_ratio": 159.11,
            "debt_ratio": 45.21,
            "inventory_turnover_ratio": 3.31,
            "account_receivable_turnover_ratio": 0.68,
            "reinvestment_rate": null,
            "research_to_sale_ratio": 0.53,
            "price_fair": 0,
            "eps_avg_yearly": 0,
            "eps_latest_yearly": 0,
            "eps_growth_yearly": 0
        },
        "20212": {
            "year_quarter": 20212,
            "year": 2021,
            "quarter": 2,
            "eps": 0.23,
            "eps_growth_year": 130,
            "eps_4q": 0.3,
            "eps_4q_growth_year": 212.15,
            "roe": 1.79,
            "roe_4q": 2.31,
            "gross_profit": 69826,
            "gross_margin": 17.94,
            "gross_margin_4q_avg": 14.44,
            "net_income": 13582,
            "net_income_4q": null,
            "revenue": 389204,
            "revenue_4q": null,
            "common_shares": 590109,
            "book_valuer_per_share": 12.9,
            "book_valuer_per_share_4q_avg": 9.89,
            "equity": 761142,
            "current_ratio": 153.21,
            "debt_ratio": 49.69,
            "inventory_turnover_ratio": 3.25,
            "account_receivable_turnover_ratio": 0.74,
            "reinvestment_rate": null,
            "research_to_sale_ratio": 0.47,
            "price_fair": 0,
            "eps_avg_yearly": 0,
            "eps_latest_yearly": 0,
            "eps_growth_yearly": 0
        },
        "20213": {
            "year_quarter": 20213,
            "year": 2021,
            "quarter": 3,
            "eps": -0.04,
            "eps_growth_year": null,
            "eps_4q": 0.2,
            "eps_4q_growth_year": null,
            "roe": -0.3,
            "roe_4q": 1.95,
            "gross_profit": 50087,
            "gross_margin": 13.93,
            "gross_margin_4q_avg": 14.43,
            "net_income": -2528,
            "net_income_4q": null,
            "revenue": 359558,
            "revenue_4q": null,
            "common_shares": 710109,
            "book_valuer_per_share": 13.23,
            "book_valuer_per_share_4q_avg": 11.49,
            "equity": 939505,
            "current_ratio": 181.63,
            "debt_ratio": 43.3,
            "inventory_turnover_ratio": 2.86,
            "account_receivable_turnover_ratio": 0.65,
            "reinvestment_rate": null,
            "research_to_sale_ratio": 0.53,
            "price_fair": 0,
            "eps_avg_yearly": 0,
            "eps_latest_yearly": 0,
            "eps_growth_yearly": 0
        },
        "20214": {
            "year_quarter": 20214,
            "year": 2021,
            "quarter": 4,
            "eps": -0.57,
            "eps_growth_year": -1150.32,
            "eps_4q": -0.45,
            "eps_4q_growth_year": -497.94,
            "roe": -4.42,
            "roe_4q": -3.26,
            "gross_profit": 25688,
            "gross_margin": 8.07,
            "gross_margin_4q_avg": 12.42,
            "net_income": -40758,
            "net_income_4q": null,
            "revenue": 318355,
            "revenue_4q": null,
            "common_shares": 710109,
            "book_valuer_per_share": 12.72,
            "book_valuer_per_share_4q_avg": 12.9,
            "equity": 903551,
            "current_ratio": 163.8,
            "debt_ratio": 54.36,
            "inventory_turnover_ratio": 2.62,
            "account_receivable_turnover_ratio": 0.6,
            "reinvestment_rate": null,
            "research_to_sale_ratio": 2.34,
            "price_fair": 0,
            "eps_avg_yearly": 0,
            "eps_latest_yearly": 0,
            "eps_growth_yearly": 0
        },
        "20221": {
            "year_quarter": 20221,
            "year": 2022,
            "quarter": 1,
            "eps": -0.39,
            "eps_growth_year": null,
            "eps_4q": -0.81,
            "eps_4q_growth_year": -432,
            "roe": -3.05,
            "roe_4q": -5.9799999999999995,
            "gross_profit": 22026,
            "gross_margin": 7.64,
            "gross_margin_4q_avg": 11.9,
            "net_income": -27511,
            "net_income_4q": null,
            "revenue": 288421,
            "revenue_4q": null,
            "common_shares": 710109,
            "book_valuer_per_share": 12.71,
            "book_valuer_per_share_4q_avg": 12.89,
            "equity": 902682,
            "current_ratio": 154.46,
            "debt_ratio": 55.11,
            "inventory_turnover_ratio": 2.4,
            "account_receivable_turnover_ratio": 0.58,
            "reinvestment_rate": null,
            "research_to_sale_ratio": 1,
            "price_fair": 0,
            "eps_avg_yearly": 0,
            "eps_latest_yearly": 0,
            "eps_growth_yearly": 0
        },
        "20222": {
            "year_quarter": 20222,
            "year": 2022,
            "quarter": 2,
            "eps": -0.23,
            "eps_growth_year": -200,
            "eps_4q": -1.23,
            "eps_4q_growth_year": -515.47,
            "roe": -1.84,
            "roe_4q": -9.61,
            "gross_profit": 15438,
            "gross_margin": 6.01,
            "gross_margin_4q_avg": 8.91,
            "net_income": -16351,
            "net_income_4q": null,
            "revenue": 257015,
            "revenue_4q": null,
            "common_shares": 710109,
            "book_valuer_per_share": 12.33,
            "book_valuer_per_share_4q_avg": 12.75,
            "equity": 875394,
            "current_ratio": 150.95,
            "debt_ratio": 54.72,
            "inventory_turnover_ratio": 2.31,
            "account_receivable_turnover_ratio": 0.57,
            "reinvestment_rate": null,
            "research_to_sale_ratio": 0.99,
            "price_fair": 0,
            "eps_avg_yearly": 0,
            "eps_latest_yearly": 0,
            "eps_growth_yearly": 0
        },
        "20223": {
            "year_quarter": 20223,
            "year": 2022,
            "quarter": 3,
            "eps": -0.47,
            "eps_growth_year": null,
            "eps_4q": -1.66,
            "eps_4q_growth_year": -913.58,
            "roe": -3.84,
            "roe_4q": -13.15,
            "gross_profit": -972,
            "gross_margin": -0.42,
            "gross_margin_4q_avg": 5.33,
            "net_income": -33097,
            "net_income_4q": null,
            "revenue": 231094,
            "revenue_4q": null,
            "common_shares": 710109,
            "book_valuer_per_share": 11.92,
            "book_valuer_per_share_4q_avg": 12.42,
            "equity": 846758,
            "current_ratio": 147.62,
            "debt_ratio": 54.87,
            "inventory_turnover_ratio": 2.52,
            "account_receivable_turnover_ratio": 0.56,
            "reinvestment_rate": null,
            "research_to_sale_ratio": 1.02,
            "price_fair": 0,
            "eps_avg_yearly": 0,
            "eps_latest_yearly": 0,
            "eps_growth_yearly": 0
        },
        "20224": {
            "year_quarter": 20224,
            "year": 2022,
            "quarter": 4,
            "eps": -0.77,
            "eps_growth_year": null,
            "eps_4q": -1.85,
            "eps_4q_growth_year": null,
            "roe": -6.72,
            "roe_4q": -15.45,
            "gross_profit": -5940,
            "gross_margin": -3.02,
            "gross_margin_4q_avg": 2.55,
            "net_income": -54739,
            "net_income_4q": null,
            "revenue": 196754,
            "revenue_4q": null,
            "common_shares": 710109,
            "book_valuer_per_share": 11.03,
            "book_valuer_per_share_4q_avg": 12,
            "equity": 783093,
            "current_ratio": 135.6,
            "debt_ratio": 54.02,
            "inventory_turnover_ratio": 2.34,
            "account_receivable_turnover_ratio": 0.56,
            "reinvestment_rate": null,
            "research_to_sale_ratio": 0.73,
            "price_fair": 0,
            "eps_avg_yearly": 0,
            "eps_latest_yearly": 0,
            "eps_growth_yearly": 0
        },
        "20231": {
            "year_quarter": 20231,
            "year": 2023,
            "quarter": 1,
            "eps": -0.92,
            "eps_growth_year": null,
            "eps_4q": -2.38,
            "eps_4q_growth_year": null,
            "roe": -8.65,
            "roe_4q": -21.05,
            "gross_profit": -7478,
            "gross_margin": -5.11,
            "gross_margin_4q_avg": -0.64,
            "net_income": -65070,
            "net_income_4q": null,
            "revenue": 146248,
            "revenue_4q": null,
            "common_shares": 710109,
            "book_valuer_per_share": 10.15,
            "book_valuer_per_share_4q_avg": 11.36,
            "equity": 720890,
            "current_ratio": 123.48,
            "debt_ratio": 56.96,
            "inventory_turnover_ratio": 1.77,
            "account_receivable_turnover_ratio": 0.52,
            "reinvestment_rate": null,
            "research_to_sale_ratio": 0.88,
            "price_fair": 0,
            "eps_avg_yearly": 0,
            "eps_latest_yearly": 0,
            "eps_growth_yearly": 0
        },
        "20232": {
            "year_quarter": 20232,
            "year": 2023,
            "quarter": 2,
            "eps": -0.65,
            "eps_growth_year": null,
            "eps_4q": -2.8,
            "eps_4q_growth_year": null,
            "roe": -6.71,
            "roe_4q": -25.919999999999998,
            "gross_profit": 15539,
            "gross_margin": 6.66,
            "gross_margin_4q_avg": -0.47,
            "net_income": -46122,
            "net_income_4q": null,
            "revenue": 233226,
            "revenue_4q": null,
            "common_shares": 710109,
            "book_valuer_per_share": 9.22,
            "book_valuer_per_share_4q_avg": 10.58,
            "equity": 654793,
            "current_ratio": 122.4,
            "debt_ratio": 57.96,
            "inventory_turnover_ratio": 2.71,
            "account_receivable_turnover_ratio": 0.77,
            "reinvestment_rate": null,
            "research_to_sale_ratio": 0.56,
            "price_fair": 0,
            "eps_avg_yearly": 0,
            "eps_latest_yearly": 0,
            "eps_growth_yearly": 0
        },
        "20233": {
            "year_quarter": 20233,
            "year": 2023,
            "quarter": 3,
            "eps": -0.88,
            "eps_growth_year": null,
            "eps_4q": -3.22,
            "eps_4q_growth_year": null,
            "roe": -9.88,
            "roe_4q": -31.96,
            "gross_profit": 8164,
            "gross_margin": 3.86,
            "gross_margin_4q_avg": 0.6,
            "net_income": -62401,
            "net_income_4q": null,
            "revenue": 211370,
            "revenue_4q": null,
            "common_shares": 710109,
            "book_valuer_per_share": 8.57,
            "book_valuer_per_share_4q_avg": 9.74,
            "equity": 608887,
            "current_ratio": 147.91,
            "debt_ratio": 59.94,
            "inventory_turnover_ratio": 3.01,
            "account_receivable_turnover_ratio": 0.62,
            "reinvestment_rate": null,
            "research_to_sale_ratio": 1.77,
            "price_fair": 0,
            "eps_avg_yearly": 0,
            "eps_latest_yearly": 0,
            "eps_growth_yearly": 0
        }
    },
    "months": {
        "2004-09": {
            "month": "2004-09",
            "price": "31.26",
            "revenue": 100895
        },
        "2004-10": {
            "month": "2004-10",
            "price": "30.34",
            "revenue": 87805
        },
        "2004-11": {
            "month": "2004-11",
            "price": "28.50",
            "revenue": 114066
        },
        "2004-12": {
            "month": "2004-12",
            "price": "29.11",
            "revenue": 74351
        },
        "2005-02": {
            "month": "2005-02",
            "price": "30.27",
            "revenue": 53940
        },
        "2005-03": {
            "month": "2005-03",
            "price": "31.14",
            "revenue": 78087
        },
        "2005-04": {
            "month": "2005-04",
            "price": "30.68",
            "revenue": 78311
        },
        "2005-07": {
            "month": "2005-07",
            "price": "36.96",
            "revenue": 102467
        },
        "2005-08": {
            "month": "2005-08",
            "price": "42.30",
            "revenue": 110000
        },
        "2005-09": {
            "month": "2005-09",
            "price": "50.07",
            "revenue": 115467
        },
        "2005-10": {
            "month": "2005-10",
            "price": "49.90",
            "revenue": 115025
        },
        "2005-11": {
            "month": "2005-11",
            "price": "44.39",
            "revenue": 114161
        },
        "2005-12": {
            "month": "2005-12",
            "price": "46.99",
            "revenue": 88947
        },
        "2006-01": {
            "month": "2006-01",
            "price": "58.59",
            "revenue": 96811
        },
        "2006-02": {
            "month": "2006-02",
            "price": "76.02",
            "revenue": 88429
        },
        "2006-03": {
            "month": "2006-03",
            "price": "74.71",
            "revenue": 87349
        },
        "2006-04": {
            "month": "2006-04",
            "price": "79.27",
            "revenue": 75141
        },
        "2006-05": {
            "month": "2006-05",
            "price": "66.91",
            "revenue": 70733
        },
        "2006-06": {
            "month": "2006-06",
            "price": "54.43",
            "revenue": 65000
        },
        "2006-07": {
            "month": "2006-07",
            "price": "48.87",
            "revenue": 56399
        },
        "2006-08": {
            "month": "2006-08",
            "price": "51.39",
            "revenue": 93248
        },
        "2006-09": {
            "month": "2006-09",
            "price": "53.94",
            "revenue": 240892
        },
        "2006-10": {
            "month": "2006-10",
            "price": "51.38",
            "revenue": 238823
        },
        "2006-11": {
            "month": "2006-11",
            "price": "49.22",
            "revenue": 233113
        },
        "2006-12": {
            "month": "2006-12",
            "price": "49.60",
            "revenue": 228484
        },
        "2007-01": {
            "month": "2007-01",
            "price": "52.49",
            "revenue": 146260
        },
        "2007-02": {
            "month": "2007-02",
            "price": "48.60",
            "revenue": 147601
        },
        "2007-03": {
            "month": "2007-03",
            "price": "48.74",
            "revenue": 186775
        },
        "2007-04": {
            "month": "2007-04",
            "price": "52.91",
            "revenue": 221108
        },
        "2007-05": {
            "month": "2007-05",
            "price": "53.88",
            "revenue": 200136
        },
        "2007-06": {
            "month": "2007-06",
            "price": "56.96",
            "revenue": 277353
        },
        "2007-07": {
            "month": "2007-07",
            "price": "63.85",
            "revenue": 279461
        },
        "2007-08": {
            "month": "2007-08",
            "price": "55.86",
            "revenue": 403159
        },
        "2007-09": {
            "month": "2007-09",
            "price": "52.29",
            "revenue": 326413
        },
        "2007-10": {
            "month": "2007-10",
            "price": "43.58",
            "revenue": 349151
        },
        "2007-11": {
            "month": "2007-11",
            "price": "30.95",
            "revenue": 342596
        },
        "2007-12": {
            "month": "2007-12",
            "price": "25.95",
            "revenue": 283874
        },
        "2008-01": {
            "month": "2008-01",
            "price": "22.33",
            "revenue": 236194
        },
        "2008-02": {
            "month": "2008-02",
            "price": "19.64",
            "revenue": 190079
        },
        "2008-03": {
            "month": "2008-03",
            "price": "21.69",
            "revenue": 233114
        },
        "2008-04": {
            "month": "2008-04",
            "price": "24.14",
            "revenue": 257992
        },
        "2008-05": {
            "month": "2008-05",
            "price": "21.95",
            "revenue": 237768
        },
        "2008-06": {
            "month": "2008-06",
            "price": "19.19",
            "revenue": 250002
        },
        "2008-07": {
            "month": "2008-07",
            "price": "16.47",
            "revenue": 301836
        },
        "2008-08": {
            "month": "2008-08",
            "price": "16.71",
            "revenue": 352807
        },
        "2008-09": {
            "month": "2008-09",
            "price": "12.42",
            "revenue": 382955
        },
        "2008-10": {
            "month": "2008-10",
            "price": "10.13",
            "revenue": 271135
        },
        "2008-11": {
            "month": "2008-11",
            "price": "9.17",
            "revenue": 120339
        },
        "2008-12": {
            "month": "2008-12",
            "price": "6.97",
            "revenue": 103436
        },
        "2009-01": {
            "month": "2009-01",
            "price": "6.78",
            "revenue": 88774
        },
        "2009-02": {
            "month": "2009-02",
            "price": "7.24",
            "revenue": 140149
        },
        "2009-03": {
            "month": "2009-03",
            "price": "9.04",
            "revenue": 141014
        },
        "2009-04": {
            "month": "2009-04",
            "price": "10.36",
            "revenue": 126871
        },
        "2009-05": {
            "month": "2009-05",
            "price": "10.37",
            "revenue": 141043
        },
        "2009-06": {
            "month": "2009-06",
            "price": "11.12",
            "revenue": 127981
        },
        "2009-07": {
            "month": "2009-07",
            "price": "12.23",
            "revenue": 188154
        },
        "2009-08": {
            "month": "2009-08",
            "price": "13.06",
            "revenue": 201665
        },
        "2009-09": {
            "month": "2009-09",
            "price": "14.20",
            "revenue": 191179
        },
        "2009-10": {
            "month": "2009-10",
            "price": "14.37",
            "revenue": 210052
        },
        "2009-11": {
            "month": "2009-11",
            "price": "13.03",
            "revenue": 210251
        },
        "2009-12": {
            "month": "2009-12",
            "price": "14.08",
            "revenue": 221987
        },
        "2010-01": {
            "month": "2010-01",
            "price": "14.84",
            "revenue": 156791
        },
        "2010-02": {
            "month": "2010-02",
            "price": "12.62",
            "revenue": 125119
        },
        "2010-03": {
            "month": "2010-03",
            "price": "13.97",
            "revenue": 242604
        },
        "2010-04": {
            "month": "2010-04",
            "price": "17.80",
            "revenue": 173269
        },
        "2010-05": {
            "month": "2010-05",
            "price": "15.93",
            "revenue": 208899
        },
        "2010-06": {
            "month": "2010-06",
            "price": "16.08",
            "revenue": 169734
        },
        "2010-07": {
            "month": "2010-07",
            "price": "15.52",
            "revenue": 188027
        },
        "2010-08": {
            "month": "2010-08",
            "price": "15.46",
            "revenue": 208514
        },
        "2010-09": {
            "month": "2010-09",
            "price": "14.30",
            "revenue": 188046
        },
        "2010-10": {
            "month": "2010-10",
            "price": "12.67",
            "revenue": 188356
        },
        "2010-11": {
            "month": "2010-11",
            "price": "11.38",
            "revenue": 223763
        },
        "2010-12": {
            "month": "2010-12",
            "price": "12.38",
            "revenue": 217093
        },
        "2011-01": {
            "month": "2011-01",
            "price": "12.44",
            "revenue": 210041
        },
        "2011-02": {
            "month": "2011-02",
            "price": "14.62",
            "revenue": 180547
        },
        "2011-03": {
            "month": "2011-03",
            "price": "13.97",
            "revenue": 287020
        },
        "2011-04": {
            "month": "2011-04",
            "price": "13.58",
            "revenue": 295424
        },
        "2011-05": {
            "month": "2011-05",
            "price": "12.01",
            "revenue": 300991
        },
        "2011-06": {
            "month": "2011-06",
            "price": "11.82",
            "revenue": 304977
        },
        "2011-07": {
            "month": "2011-07",
            "price": "11.63",
            "revenue": 304582
        },
        "2011-08": {
            "month": "2011-08",
            "price": "9.48",
            "revenue": 332624
        },
        "2011-09": {
            "month": "2011-09",
            "price": "8.86",
            "revenue": 336673
        },
        "2011-10": {
            "month": "2011-10",
            "price": "9.14",
            "revenue": 312598
        },
        "2011-11": {
            "month": "2011-11",
            "price": "7.89",
            "revenue": 267390
        },
        "2011-12": {
            "month": "2011-12",
            "price": "6.06",
            "revenue": 278561
        },
        "2012-01": {
            "month": "2012-01",
            "price": "6.10",
            "revenue": 240516
        },
        "2012-02": {
            "month": "2012-02",
            "price": "7.79",
            "revenue": 235073
        },
        "2012-03": {
            "month": "2012-03",
            "price": "7.35",
            "revenue": 284501
        },
        "2012-04": {
            "month": "2012-04",
            "price": "6.86",
            "revenue": 227816
        },
        "2012-05": {
            "month": "2012-05",
            "price": "5.80",
            "revenue": 246859
        },
        "2012-06": {
            "month": "2012-06",
            "price": "5.32",
            "revenue": 231027
        },
        "2012-07": {
            "month": "2012-07",
            "price": "5.45",
            "revenue": 273095
        },
        "2012-08": {
            "month": "2012-08",
            "price": "5.30",
            "revenue": 237288
        },
        "2012-09": {
            "month": "2012-09",
            "price": "5.57",
            "revenue": 243776
        },
        "2012-10": {
            "month": "2012-10",
            "price": "5.19",
            "revenue": 233260
        },
        "2012-11": {
            "month": "2012-11",
            "price": "4.72",
            "revenue": 227362
        },
        "2012-12": {
            "month": "2012-12",
            "price": "5.18",
            "revenue": 261452
        },
        "2013-01": {
            "month": "2013-01",
            "price": "6.80",
            "revenue": 227222
        },
        "2013-02": {
            "month": "2013-02",
            "price": "6.47",
            "revenue": 81477
        },
        "2013-03": {
            "month": "2013-03",
            "price": "6.50",
            "revenue": 142370
        },
        "2013-04": {
            "month": "2013-04",
            "price": "5.99",
            "revenue": 137493
        },
        "2013-05": {
            "month": "2013-05",
            "price": "6.41",
            "revenue": 141110
        },
        "2013-06": {
            "month": "2013-06",
            "price": "6.39",
            "revenue": 190131
        },
        "2013-07": {
            "month": "2013-07",
            "price": "6.22",
            "revenue": 191957
        },
        "2013-08": {
            "month": "2013-08",
            "price": "6.15",
            "revenue": 198336
        },
        "2013-09": {
            "month": "2013-09",
            "price": "6.80",
            "revenue": 183665
        },
        "2013-10": {
            "month": "2013-10",
            "price": "6.88",
            "revenue": 190417
        },
        "2013-11": {
            "month": "2013-11",
            "price": "6.98",
            "revenue": 165934
        },
        "2013-12": {
            "month": "2013-12",
            "price": "7.34",
            "revenue": 232167
        },
        "2014-01": {
            "month": "2014-01",
            "price": "8.92",
            "revenue": 188463
        },
        "2014-02": {
            "month": "2014-02",
            "price": "11.31",
            "revenue": 144944
        },
        "2014-03": {
            "month": "2014-03",
            "price": "10.88",
            "revenue": 166401
        },
        "2014-04": {
            "month": "2014-04",
            "price": "9.81",
            "revenue": 187314
        },
        "2014-05": {
            "month": "2014-05",
            "price": "8.94",
            "revenue": 184255
        },
        "2014-06": {
            "month": "2014-06",
            "price": "8.95",
            "revenue": 195138
        },
        "2014-07": {
            "month": "2014-07",
            "price": "9.61",
            "revenue": 194236
        },
        "2014-08": {
            "month": "2014-08",
            "price": "9.56",
            "revenue": 196521
        },
        "2014-09": {
            "month": "2014-09",
            "price": "9.32",
            "revenue": 187429
        },
        "2014-10": {
            "month": "2014-10",
            "price": "8.51",
            "revenue": 204105
        },
        "2014-11": {
            "month": "2014-11",
            "price": "7.69",
            "revenue": 176081
        },
        "2014-12": {
            "month": "2014-12",
            "price": "8.43",
            "revenue": 200257
        },
        "2015-01": {
            "month": "2015-01",
            "price": "8.97",
            "revenue": 201926
        },
        "2015-02": {
            "month": "2015-02",
            "price": "8.82",
            "revenue": 94980
        },
        "2015-03": {
            "month": "2015-03",
            "price": "8.50",
            "revenue": 178384
        },
        "2015-04": {
            "month": "2015-04",
            "price": "8.01",
            "revenue": 176475
        },
        "2015-05": {
            "month": "2015-05",
            "price": "7.85",
            "revenue": 129117
        },
        "2015-06": {
            "month": "2015-06",
            "price": "6.68",
            "revenue": 95363
        },
        "2015-07": {
            "month": "2015-07",
            "price": "5.76",
            "revenue": 99904
        },
        "2015-08": {
            "month": "2015-08",
            "price": "4.87",
            "revenue": 119719
        },
        "2015-09": {
            "month": "2015-09",
            "price": "5.36",
            "revenue": 136776
        },
        "2015-10": {
            "month": "2015-10",
            "price": "6.43",
            "revenue": 136650
        },
        "2015-11": {
            "month": "2015-11",
            "price": "6.38",
            "revenue": 153551
        },
        "2015-12": {
            "month": "2015-12",
            "price": "5.87",
            "revenue": 117442
        },
        "2016-01": {
            "month": "2016-01",
            "price": "5.73",
            "revenue": 97665
        },
        "2016-02": {
            "month": "2016-02",
            "price": "5.73",
            "revenue": 57731
        },
        "2016-03": {
            "month": "2016-03",
            "price": "5.87",
            "revenue": 75159
        },
        "2016-04": {
            "month": "2016-04",
            "price": "5.62",
            "revenue": 62566
        },
        "2016-05": {
            "month": "2016-05",
            "price": "5.24",
            "revenue": 71318
        },
        "2016-06": {
            "month": "2016-06",
            "price": "5.14",
            "revenue": 72474
        },
        "2016-07": {
            "month": "2016-07",
            "price": "5.61",
            "revenue": 90207
        },
        "2016-08": {
            "month": "2016-08",
            "price": "5.66",
            "revenue": 94102
        },
        "2016-09": {
            "month": "2016-09",
            "price": "5.58",
            "revenue": 85263
        },
        "2016-10": {
            "month": "2016-10",
            "price": "5.75",
            "revenue": 56011
        },
        "2016-11": {
            "month": "2016-11",
            "price": "5.52",
            "revenue": 90625
        },
        "2016-12": {
            "month": "2016-12",
            "price": "5.38",
            "revenue": 100658
        },
        "2017-01": {
            "month": "2017-01",
            "price": "5.54",
            "revenue": 61256
        },
        "2017-02": {
            "month": "2017-02",
            "price": "6.13",
            "revenue": 69514
        },
        "2017-03": {
            "month": "2017-03",
            "price": "6.13",
            "revenue": 101288
        },
        "2017-04": {
            "month": "2017-04",
            "price": "7.55",
            "revenue": 92673
        },
        "2017-05": {
            "month": "2017-05",
            "price": "7.29",
            "revenue": 80604
        },
        "2017-06": {
            "month": "2017-06",
            "price": "7.45",
            "revenue": 77568
        },
        "2017-07": {
            "month": "2017-07",
            "price": "7.16",
            "revenue": 60113
        },
        "2017-08": {
            "month": "2017-08",
            "price": "6.35",
            "revenue": 70088
        },
        "2017-09": {
            "month": "2017-09",
            "price": "6.40",
            "revenue": 63430
        },
        "2017-10": {
            "month": "2017-10",
            "price": "6.37",
            "revenue": 52041
        },
        "2017-11": {
            "month": "2017-11",
            "price": "6.29",
            "revenue": 44741
        },
        "2017-12": {
            "month": "2017-12",
            "price": "6.05",
            "revenue": 59590
        },
        "2018-01": {
            "month": "2018-01",
            "price": "6.19",
            "revenue": 58060
        },
        "2018-02": {
            "month": "2018-02",
            "price": "6.12",
            "revenue": 40093
        },
        "2018-03": {
            "month": "2018-03",
            "price": "6.86",
            "revenue": 58012
        },
        "2018-04": {
            "month": "2018-04",
            "price": "6.90",
            "revenue": 60670
        },
        "2018-05": {
            "month": "2018-05",
            "price": "6.52",
            "revenue": 58320
        },
        "2018-06": {
            "month": "2018-06",
            "price": "6.68",
            "revenue": 66240
        },
        "2018-07": {
            "month": "2018-07",
            "price": "6.26",
            "revenue": 70784
        },
        "2018-08": {
            "month": "2018-08",
            "price": "6.30",
            "revenue": 62657
        },
        "2018-09": {
            "month": "2018-09",
            "price": "6.13",
            "revenue": 55333
        },
        "2018-10": {
            "month": "2018-10",
            "price": "5.13",
            "revenue": 61431
        },
        "2018-11": {
            "month": "2018-11",
            "price": "4.93",
            "revenue": 65773
        },
        "2018-12": {
            "month": "2018-12",
            "price": "5.05",
            "revenue": 60943
        },
        "2019-01": {
            "month": "2019-01",
            "price": "5.04",
            "revenue": 71546
        },
        "2019-02": {
            "month": "2019-02",
            "price": "5.05",
            "revenue": 49208
        },
        "2019-03": {
            "month": "2019-03",
            "price": "5.29",
            "revenue": 67458
        },
        "2019-04": {
            "month": "2019-04",
            "price": "5.01",
            "revenue": 58082
        },
        "2019-05": {
            "month": "2019-05",
            "price": "4.87",
            "revenue": 75775
        },
        "2019-06": {
            "month": "2019-06",
            "price": "4.99",
            "revenue": 82078
        },
        "2019-07": {
            "month": "2019-07",
            "price": "4.93",
            "revenue": 97511
        },
        "2019-08": {
            "month": "2019-08",
            "price": "5.20",
            "revenue": 97711
        },
        "2019-09": {
            "month": "2019-09",
            "price": "5.30",
            "revenue": 105146
        },
        "2019-10": {
            "month": "2019-10",
            "price": "5.92",
            "revenue": 93284
        },
        "2019-11": {
            "month": "2019-11",
            "price": "5.75",
            "revenue": 98322
        },
        "2019-12": {
            "month": "2019-12",
            "price": "5.55",
            "revenue": 103944
        },
        "2020-01": {
            "month": "2020-01",
            "price": "6.09",
            "revenue": 87795
        },
        "2020-02": {
            "month": "2020-02",
            "price": "5.72",
            "revenue": 35464
        },
        "2020-03": {
            "month": "2020-03",
            "price": "4.63",
            "revenue": 89471
        },
        "2020-04": {
            "month": "2020-04",
            "price": "4.80",
            "revenue": 113576
        },
        "2020-05": {
            "month": "2020-05",
            "price": "5.46",
            "revenue": 111909
        },
        "2020-06": {
            "month": "2020-06",
            "price": "5.67",
            "revenue": 104728
        },
        "2020-07": {
            "month": "2020-07",
            "price": "6.44",
            "revenue": 112129
        },
        "2020-08": {
            "month": "2020-08",
            "price": "6.54",
            "revenue": 116629
        },
        "2020-09": {
            "month": "2020-09",
            "price": "6.89",
            "revenue": 116188
        },
        "2020-10": {
            "month": "2020-10",
            "price": "6.88",
            "revenue": 119093
        },
        "2020-11": {
            "month": "2020-11",
            "price": "6.75",
            "revenue": 112597
        },
        "2020-12": {
            "month": "2020-12",
            "price": "6.73",
            "revenue": 113466
        },
        "2021-01": {
            "month": "2021-01",
            "price": "6.54",
            "revenue": 125663
        },
        "2021-02": {
            "month": "2021-02",
            "price": "6.54",
            "revenue": 77727
        },
        "2021-03": {
            "month": "2021-03",
            "price": "10.79",
            "revenue": 134002
        },
        "2021-04": {
            "month": "2021-04",
            "price": "21.26",
            "revenue": 139387
        },
        "2021-05": {
            "month": "2021-05",
            "price": "16.15",
            "revenue": 143581
        },
        "2021-06": {
            "month": "2021-06",
            "price": "16.54",
            "revenue": 102989
        },
        "2021-07": {
            "month": "2021-07",
            "price": "16.91",
            "revenue": 121360
        },
        "2021-08": {
            "month": "2021-08",
            "price": "16.98",
            "revenue": 125868
        },
        "2021-09": {
            "month": "2021-09",
            "price": "20.93",
            "revenue": 115578
        },
        "2021-10": {
            "month": "2021-10",
            "price": "19.36",
            "revenue": 113175
        },
        "2021-11": {
            "month": "2021-11",
            "price": "20.09",
            "revenue": 130199
        },
        "2021-12": {
            "month": "2021-12",
            "price": "19.12",
            "revenue": 96309
        },
        "2022-01": {
            "month": "2022-01",
            "price": "18.29",
            "revenue": 108917
        },
        "2022-02": {
            "month": "2022-02",
            "price": "17.10",
            "revenue": 82465
        },
        "2022-03": {
            "month": "2022-03",
            "price": "16.59",
            "revenue": 97040
        },
        "2022-04": {
            "month": "2022-04",
            "price": "18.14",
            "revenue": 81855
        },
        "2022-05": {
            "month": "2022-05",
            "price": "17.40",
            "revenue": 89119
        },
        "2022-06": {
            "month": "2022-06",
            "price": "16.35",
            "revenue": 86041
        },
        "2022-07": {
            "month": "2022-07",
            "price": "16.77",
            "revenue": 79543
        },
        "2022-08": {
            "month": "2022-08",
            "price": "16.69",
            "revenue": 83543
        },
        "2022-09": {
            "month": "2022-09",
            "price": "15.05",
            "revenue": 68008
        },
        "2022-10": {
            "month": "2022-10",
            "price": "13.00",
            "revenue": 59695
        },
        "2022-11": {
            "month": "2022-11",
            "price": "14.31",
            "revenue": 74824
        },
        "2022-12": {
            "month": "2022-12",
            "price": "13.40",
            "revenue": 62392
        },
        "2023-01": {
            "month": "2023-01",
            "price": "12.65",
            "revenue": 36255
        },
        "2023-02": {
            "month": "2023-02",
            "price": "12.40",
            "revenue": 52753
        },
        "2023-03": {
            "month": "2023-03",
            "price": "12.25",
            "revenue": 61417
        },
        "2023-04": {
            "month": "2023-04",
            "price": "13.37",
            "revenue": 81614
        },
        "2023-05": {
            "month": "2023-05",
            "price": "14.71",
            "revenue": 79382
        },
        "2023-06": {
            "month": "2023-06",
            "price": "14.69",
            "revenue": 72229
        },
        "2023-07": {
            "month": "2023-07",
            "price": "12.92",
            "revenue": 73739
        },
        "2023-08": {
            "month": "2023-08",
            "price": "11.54",
            "revenue": 71901
        },
        "2023-09": {
            "month": "2023-09",
            "price": "10.56",
            "revenue": 65264
        },
        "2023-10": {
            "month": "2023-10",
            "price": "8.93",
            "revenue": 67795
        },
        "2023-11": {
            "month": "2023-11",
            "price": "9.55",
            "revenue": 62842
        },
        "2023-12": {
            "month": "2023-12",
            "price": "9.68",
            "revenue": 52326
        }
    }
}
