{
    "summary": {
        "stock_name": "緯創",
        "stock_id": "3231",
        "category": "電腦及週邊設備",
        "main_business": "3C電子產品<br>其他",
        "website_url": "http://www.wistron.com",
        "ceo": "林建勳",
        "pe_ratio": 18,
        "report_year_from": 2002,
        "report_year_to": 2023,
        "age": 21,
        "eps_negative_percentage": 5,
        "eps_growth_avg": {
            "last_all": 2.3,
            "last_2y": 18.73,
            "last_4y": 22.29,
            "last_8y": 14.64,
            "last_12y": 5.13,
            "last_16y": 7.12,
            "last_20y": null,
            "at_2006_last_3y": -15.57,
            "at_2007_last_3y": -19.22,
            "at_2008_last_3y": 12.51,
            "at_2009_last_3y": 13.59,
            "at_2010_last_3y": 8.93,
            "at_2011_last_3y": -1.21,
            "at_2012_last_3y": -7.47,
            "at_2013_last_3y": -16.28,
            "at_2014_last_3y": -29.48,
            "at_2015_last_3y": -38.07,
            "at_2016_last_3y": -5.61,
            "at_2017_last_3y": 5.08,
            "at_2018_last_3y": 19.99,
            "at_2019_last_3y": 44.91,
            "at_2020_last_3y": 27.31,
            "at_2021_last_3y": 26.12,
            "at_2022_last_3y": 23.14,
            "at_2023_last_3y": 23.14,
            "at_2006_last_all": -15.57,
            "at_2007_last_all": -8.77,
            "at_2008_last_all": -7.98,
            "at_2009_last_all": -3.84,
            "at_2010_last_all": -1.57,
            "at_2011_last_all": -4.99,
            "at_2012_last_all": -7.75,
            "at_2013_last_all": -8.82,
            "at_2014_last_all": -11.72,
            "at_2015_last_all": -16.02,
            "at_2016_last_all": -7.09,
            "at_2017_last_all": -4.85,
            "at_2018_last_all": -3.26,
            "at_2019_last_all": -0.79,
            "at_2020_last_all": 1,
            "at_2021_last_all": 2.04,
            "at_2022_last_all": 2.3,
            "at_2023_last_all": 2.3
        },
        "latest_eps": 4.28,
        "latest_price": 78.4,
        "latest_roe": 18.51,
        "latest_gross_margin": 7.01,
        "latest_equity": 120961843,
        "latest_revenue": 212000207,
        "latest_gross_profit": 14851595,
        "latest_net_income": 2020117,
        "latest_debt_ratio": 71.62,
        "latest_current_ratio": 117.21,
        "latest_account_receivable_turnover_ratio": 2.09,
        "latest_inventory_turnover_ratio": 1.29,
        "latest_reinvestment_rate": 34.63,
        "latest_research_to_sale_ratio": 2.7
    },
    "eps_dividends": {
        "2001": {
            "cash": 0,
            "stock": 0,
            "eps": 0
        },
        "2002": {
            "cash": 0,
            "stock": 0,
            "eps": 1.55
        },
        "2003": {
            "cash": 0.5,
            "stock": 0.5,
            "eps": 1.9
        },
        "2004": {
            "cash": 0.5,
            "stock": 0.5,
            "eps": -0.87
        },
        "2005": {
            "cash": 0,
            "stock": 0,
            "eps": 3.42
        },
        "2006": {
            "cash": 1.51,
            "stock": 0.5,
            "eps": 4.47
        },
        "2007": {
            "cash": 2.2,
            "stock": 0.6,
            "eps": 4.99
        },
        "2008": {
            "cash": 2.65,
            "stock": 0.49,
            "eps": 4.75
        },
        "2009": {
            "cash": 0.98,
            "stock": 0.98,
            "eps": 5.55
        },
        "2010": {
            "cash": 2.72,
            "stock": 0.5,
            "eps": 6.22
        },
        "2011": {
            "cash": 5.4,
            "stock": 1,
            "eps": 4.42
        },
        "2012": {
            "cash": 0,
            "stock": 0,
            "eps": 3.1
        },
        "2013": {
            "cash": 1.5,
            "stock": 0.5,
            "eps": 2.53
        },
        "2014": {
            "cash": 1.8,
            "stock": 0.2,
            "eps": 1.5
        },
        "2015": {
            "cash": 1.23,
            "stock": 0.31,
            "eps": 0.55
        },
        "2016": {
            "cash": 1.2,
            "stock": 0.3,
            "eps": 1.19
        },
        "2017": {
            "cash": 1.18,
            "stock": 0.3,
            "eps": 1.48
        },
        "2018": {
            "cash": 1.17,
            "stock": 0.29,
            "eps": 1.76
        },
        "2019": {
            "cash": 1.49,
            "stock": 0,
            "eps": 2.4
        },
        "2020": {
            "cash": 2.04,
            "stock": 0,
            "eps": 3.11
        },
        "2021": {
            "cash": 2.2,
            "stock": 0,
            "eps": 3.72
        },
        "2022": {
            "cash": 2.2,
            "stock": 0,
            "eps": 3.98
        },
        "2023": {
            "cash": 2.6,
            "stock": 0,
            "eps": 0.06
        }
    },
    "dividends": {
        "2003-03-24": {
            "cash": 0.5,
            "stock": 0.5
        },
        "2004-04-28": {
            "cash": 0.5,
            "stock": 0.5
        },
        "2006-04-26": {
            "cash": 1.51,
            "stock": 0.5
        },
        "2007-04-27": {
            "cash": 2.2,
            "stock": 0.6
        },
        "2008-04-29": {
            "cash": 2.65,
            "stock": 0.49
        },
        "2009-04-29": {
            "cash": 0.98,
            "stock": 0.98
        },
        "2010-04-23": {
            "cash": 2.72,
            "stock": 0.5
        },
        "2011-01-01": {
            "cash": 2.2,
            "stock": 0.5
        },
        "2011-04-22": {
            "cash": 3.2,
            "stock": 0.5
        },
        "2013-03-26": {
            "cash": 1.5,
            "stock": 0.5
        },
        "2014-08-19": {
            "cash": 1.8,
            "stock": 0.2
        },
        "2015-08-28": {
            "cash": 1.23,
            "stock": 0.31
        },
        "2016-08-31": {
            "cash": 1.2,
            "stock": 0.3
        },
        "2017-08-25": {
            "cash": 1.18,
            "stock": 0.3
        },
        "2018-08-24": {
            "cash": 1.17,
            "stock": 0.29
        },
        "2019-08-14": {
            "cash": 1.49,
            "stock": 0
        },
        "2020-07-31": {
            "cash": 2.04,
            "stock": 0
        },
        "2021-08-11": {
            "cash": 2.2,
            "stock": 0
        },
        "2022-07-29": {
            "cash": 2.2,
            "stock": 0
        },
        "2023-07-28": {
            "cash": 2.6,
            "stock": 0
        }
    },
    "prices": {
        "200101": "無",
        "200102": "無",
        "200103": "無",
        "200104": "無",
        "200105": "無",
        "200106": "無",
        "200107": "無",
        "200108": "無",
        "200109": "無",
        "200110": "無",
        "200111": "無",
        "200112": "無",
        "200201": "無",
        "200202": "無",
        "200203": "無",
        "200204": "無",
        "200205": "無",
        "200206": "無",
        "200207": "無",
        "200208": "無",
        "200209": "無",
        "200210": "無",
        "200211": "無",
        "200212": "無",
        "200301": "無",
        "200302": "無",
        "200303": "無",
        "200304": "無",
        "200305": "無",
        "200306": "無",
        "200307": "無",
        "200308": "34.28",
        "200309": "30.79",
        "200310": "29.48",
        "200311": "28.58",
        "200312": "27.17",
        "200401": "28.01",
        "200402": "28.85",
        "200403": "27.85",
        "200404": "27.00",
        "200405": "21.23",
        "200406": "20.34",
        "200407": "17.19",
        "200408": "14.22",
        "200409": "14.23",
        "200410": "16.60",
        "200411": "14.87",
        "200412": "14.10",
        "200501": "14.16",
        "200502": "14.50",
        "200503": "15.24",
        "200504": "17.54",
        "200505": "21.06",
        "200506": "23.94",
        "200507": "27.78",
        "200508": "31.81",
        "200509": "34.30",
        "200510": "36.42",
        "200511": "37.03",
        "200512": "41.93",
        "200601": "41.71",
        "200602": "42.67",
        "200603": "40.87",
        "200604": "40.72",
        "200605": "40.29",
        "200606": "35.81",
        "200607": "36.35",
        "200608": "35.60",
        "200609": "38.31",
        "200610": "37.52",
        "200611": "38.45",
        "200612": "44.53",
        "200701": "48.82",
        "200702": "46.59",
        "200703": "47.61",
        "200704": "50.44",
        "200705": "52.29",
        "200706": "55.90",
        "200707": "64.94",
        "200708": "57.37",
        "200709": "59.20",
        "200710": "62.29",
        "200711": "61.81",
        "200712": "57.90",
        "200801": "48.84",
        "200802": "49.29",
        "200803": "48.58",
        "200804": "54.56",
        "200805": "54.16",
        "200806": "48.45",
        "200807": "44.36",
        "200808": "49.18",
        "200809": "41.25",
        "200810": "32.68",
        "200811": "23.39",
        "200812": "24.08",
        "200901": "25.10",
        "200902": "26.11",
        "200903": "31.84",
        "200904": "39.73",
        "200905": "46.83",
        "200906": "52.03",
        "200907": "62.83",
        "200908": "58.87",
        "200909": "61.93",
        "200910": "58.85",
        "200911": "59.57",
        "200912": "58.50",
        "201001": "63.14",
        "201002": "57.98",
        "201003": "57.89",
        "201004": "59.09",
        "201005": "54.39",
        "201006": "50.81",
        "201007": "53.66",
        "201008": "51.42",
        "201009": "53.22",
        "201010": "56.98",
        "201011": "61.62",
        "201012": "60.20",
        "201101": "58.13",
        "201102": "53.28",
        "201103": "50.56",
        "201104": "46.70",
        "201105": "50.65",
        "201106": "52.12",
        "201107": "49.27",
        "201108": "39.91",
        "201109": "34.44",
        "201110": "36.13",
        "201111": "36.12",
        "201112": "38.21",
        "201201": "41.13",
        "201202": "46.72",
        "201203": "46.81",
        "201204": "43.15",
        "201205": "41.35",
        "201206": "37.43",
        "201207": "35.68",
        "201208": "33.12",
        "201209": "34.47",
        "201210": "31.14",
        "201211": "29.18",
        "201212": "30.47",
        "201301": "32.37",
        "201302": "33.64",
        "201303": "33.32",
        "201304": "30.13",
        "201305": "29.78",
        "201306": "30.06",
        "201307": "28.38",
        "201308": "25.66",
        "201309": "29.97",
        "201310": "27.81",
        "201311": "25.88",
        "201312": "25.41",
        "201401": "25.20",
        "201402": "24.91",
        "201403": "24.96",
        "201404": "25.67",
        "201405": "25.21",
        "201406": "27.23",
        "201407": "29.68",
        "201408": "31.86",
        "201409": "32.80",
        "201410": "31.21",
        "201411": "28.61",
        "201412": "28.27",
        "201501": "29.42",
        "201502": "28.92",
        "201503": "28.08",
        "201504": "26.72",
        "201505": "25.18",
        "201506": "23.18",
        "201507": "22.37",
        "201508": "15.69",
        "201509": "17.22",
        "201510": "17.58",
        "201511": "16.32",
        "201512": "18.79",
        "201601": "17.40",
        "201602": "18.95",
        "201603": "20.75",
        "201604": "19.17",
        "201605": "18.90",
        "201606": "21.47",
        "201607": "24.20",
        "201608": "22.62",
        "201609": "22.70",
        "201610": "23.56",
        "201611": "23.06",
        "201612": "23.36",
        "201701": "26.01",
        "201702": "26.42",
        "201703": "26.85",
        "201704": "27.99",
        "201705": "27.71",
        "201706": "30.21",
        "201707": "30.50",
        "201708": "27.65",
        "201709": "25.73",
        "201710": "25.17",
        "201711": "25.00",
        "201712": "22.89",
        "201801": "24.00",
        "201802": "23.74",
        "201803": "25.52",
        "201804": "23.89",
        "201805": "23.36",
        "201806": "23.05",
        "201807": "22.71",
        "201808": "21.78",
        "201809": "20.40",
        "201810": "18.22",
        "201811": "19.02",
        "201812": "19.08",
        "201901": "19.85",
        "201902": "21.19",
        "201903": "21.67",
        "201904": "25.17",
        "201905": "23.72",
        "201906": "23.66",
        "201907": "24.35",
        "201908": "23.60",
        "201909": "25.17",
        "201910": "26.66",
        "201911": "28.44",
        "201912": "29.15",
        "202001": "28.49",
        "202002": "27.82",
        "202003": "23.52",
        "202004": "25.97",
        "202005": "28.02",
        "202006": "32.16",
        "202007": "34.70",
        "202008": "33.68",
        "202009": "30.23",
        "202010": "29.02",
        "202011": "29.73",
        "202012": "30.94",
        "202101": "30.94",
        "202102": "31.27",
        "202103": "32.83",
        "202104": "33.04",
        "202105": "30.00",
        "202106": "30.65",
        "202107": "30.67",
        "202108": "27.25",
        "202109": "27.47",
        "202110": "28.56",
        "202111": "29.08",
        "202112": "29.11",
        "202201": "30.08",
        "202202": "30.59",
        "202203": "29.56",
        "202204": "29.12",
        "202205": "27.86",
        "202206": "28.48",
        "202207": "24.99",
        "202208": "27.76",
        "202209": "27.23",
        "202210": "26.39",
        "202211": "27.14",
        "202212": "28.98",
        "202301": "30.09",
        "202302": "31.83",
        "202303": "36.13",
        "202304": "44.32",
        "202305": "53.80",
        "202306": "73.05"
    },
    "quarters": {
        "20011": {
            "year_quarter": 20011,
            "year": 2001,
            "quarter": 1,
            "eps": null,
            "eps_growth_year": null,
            "eps_4q": null,
            "eps_4q_growth_year": null,
            "roe": null,
            "roe_4q": 0,
            "gross_profit": null,
            "gross_margin": null,
            "gross_margin_4q_avg": 0,
            "net_income": null,
            "revenue": null,
            "common_shares": null,
            "book_valuer_per_share": null,
            "book_valuer_per_share_4q_avg": 0,
            "equity": null,
            "current_ratio": null,
            "debt_ratio": null,
            "inventory_turnover_ratio": null,
            "account_receivable_turnover_ratio": null,
            "reinvestment_rate": null,
            "research_to_sale_ratio": null,
            "price_fair": 0,
            "eps_avg_yearly": 0,
            "eps_latest_yearly": 0,
            "eps_growth_yearly": 0
        },
        "20012": {
            "year_quarter": 20012,
            "year": 2001,
            "quarter": 2,
            "eps": null,
            "eps_growth_year": null,
            "eps_4q": null,
            "eps_4q_growth_year": null,
            "roe": null,
            "roe_4q": 0,
            "gross_profit": null,
            "gross_margin": null,
            "gross_margin_4q_avg": 0,
            "net_income": null,
            "revenue": null,
            "common_shares": null,
            "book_valuer_per_share": null,
            "book_valuer_per_share_4q_avg": 0,
            "equity": null,
            "current_ratio": null,
            "debt_ratio": null,
            "inventory_turnover_ratio": null,
            "account_receivable_turnover_ratio": null,
            "reinvestment_rate": null,
            "research_to_sale_ratio": null,
            "price_fair": 0,
            "eps_avg_yearly": 0,
            "eps_latest_yearly": 0,
            "eps_growth_yearly": 0
        },
        "20013": {
            "year_quarter": 20013,
            "year": 2001,
            "quarter": 3,
            "eps": null,
            "eps_growth_year": null,
            "eps_4q": null,
            "eps_4q_growth_year": null,
            "roe": null,
            "roe_4q": 0,
            "gross_profit": null,
            "gross_margin": null,
            "gross_margin_4q_avg": 0,
            "net_income": null,
            "revenue": null,
            "common_shares": null,
            "book_valuer_per_share": null,
            "book_valuer_per_share_4q_avg": 0,
            "equity": null,
            "current_ratio": null,
            "debt_ratio": null,
            "inventory_turnover_ratio": null,
            "account_receivable_turnover_ratio": null,
            "reinvestment_rate": null,
            "research_to_sale_ratio": null,
            "price_fair": 0,
            "eps_avg_yearly": 0,
            "eps_latest_yearly": 0,
            "eps_growth_yearly": 0
        },
        "20014": {
            "year_quarter": 20014,
            "year": 2001,
            "quarter": 4,
            "eps": null,
            "eps_growth_year": null,
            "eps_4q": null,
            "eps_4q_growth_year": null,
            "roe": null,
            "roe_4q": 0,
            "gross_profit": null,
            "gross_margin": null,
            "gross_margin_4q_avg": 0,
            "net_income": null,
            "revenue": null,
            "common_shares": 1000000,
            "book_valuer_per_share": 11.83,
            "book_valuer_per_share_4q_avg": 2.96,
            "equity": 3456539,
            "current_ratio": 85.66,
            "debt_ratio": 83.9,
            "inventory_turnover_ratio": null,
            "account_receivable_turnover_ratio": null,
            "reinvestment_rate": null,
            "research_to_sale_ratio": null,
            "price_fair": 0,
            "eps_avg_yearly": 0,
            "eps_latest_yearly": 0,
            "eps_growth_yearly": 0
        },
        "20021": {
            "year_quarter": 20021,
            "year": 2002,
            "quarter": 1,
            "eps": null,
            "eps_growth_year": null,
            "eps_4q": null,
            "eps_4q_growth_year": null,
            "roe": null,
            "roe_4q": 0,
            "gross_profit": null,
            "gross_margin": null,
            "gross_margin_4q_avg": 0,
            "net_income": null,
            "revenue": null,
            "common_shares": null,
            "book_valuer_per_share": null,
            "book_valuer_per_share_4q_avg": 2.96,
            "equity": null,
            "current_ratio": null,
            "debt_ratio": null,
            "inventory_turnover_ratio": null,
            "account_receivable_turnover_ratio": null,
            "reinvestment_rate": null,
            "research_to_sale_ratio": null,
            "price_fair": 0,
            "eps_avg_yearly": 0,
            "eps_latest_yearly": 0,
            "eps_growth_yearly": 0
        },
        "20022": {
            "year_quarter": 20022,
            "year": 2002,
            "quarter": 2,
            "eps": null,
            "eps_growth_year": null,
            "eps_4q": null,
            "eps_4q_growth_year": null,
            "roe": null,
            "roe_4q": 0,
            "gross_profit": null,
            "gross_margin": null,
            "gross_margin_4q_avg": 0,
            "net_income": null,
            "revenue": null,
            "common_shares": null,
            "book_valuer_per_share": null,
            "book_valuer_per_share_4q_avg": 2.96,
            "equity": null,
            "current_ratio": null,
            "debt_ratio": null,
            "inventory_turnover_ratio": null,
            "account_receivable_turnover_ratio": null,
            "reinvestment_rate": null,
            "research_to_sale_ratio": null,
            "price_fair": 0,
            "eps_avg_yearly": 0,
            "eps_latest_yearly": 0,
            "eps_growth_yearly": 0
        },
        "20023": {
            "year_quarter": 20023,
            "year": 2002,
            "quarter": 3,
            "eps": 0.7,
            "eps_growth_year": null,
            "eps_4q": null,
            "eps_4q_growth_year": null,
            "roe": 2.64,
            "roe_4q": 2.64,
            "gross_profit": 1433795,
            "gross_margin": 7.8,
            "gross_margin_4q_avg": 1.95,
            "net_income": 410580,
            "revenue": 18375917,
            "common_shares": 8000000,
            "book_valuer_per_share": 19.42,
            "book_valuer_per_share_4q_avg": 7.81,
            "equity": 15535468,
            "current_ratio": 114.51,
            "debt_ratio": 59.08,
            "inventory_turnover_ratio": 4.85,
            "account_receivable_turnover_ratio": null,
            "reinvestment_rate": null,
            "research_to_sale_ratio": null,
            "price_fair": 0,
            "eps_avg_yearly": 0,
            "eps_latest_yearly": 0,
            "eps_growth_yearly": 0
        },
        "20024": {
            "year_quarter": 20024,
            "year": 2002,
            "quarter": 4,
            "eps": 0.85,
            "eps_growth_year": null,
            "eps_4q": null,
            "eps_4q_growth_year": null,
            "roe": 3.25,
            "roe_4q": 5.890000000000001,
            "gross_profit": 1238237,
            "gross_margin": 6.57,
            "gross_margin_4q_avg": 3.59,
            "net_income": 516977,
            "revenue": 18843476,
            "common_shares": 8000000,
            "book_valuer_per_share": 19.85,
            "book_valuer_per_share_4q_avg": 9.82,
            "equity": 16292433,
            "current_ratio": 105.26,
            "debt_ratio": 56.82,
            "inventory_turnover_ratio": 4.09,
            "account_receivable_turnover_ratio": null,
            "reinvestment_rate": null,
            "research_to_sale_ratio": null,
            "price_fair": 119,
            "eps_avg_yearly": 3.4,
            "eps_latest_yearly": 3.4,
            "eps_growth_yearly": 85.71
        },
        "20031": {
            "year_quarter": 20031,
            "year": 2003,
            "quarter": 1,
            "eps": 0.24,
            "eps_growth_year": null,
            "eps_4q": null,
            "eps_4q_growth_year": null,
            "roe": 1.2,
            "roe_4q": 7.09,
            "gross_profit": 1099464,
            "gross_margin": 7.28,
            "gross_margin_4q_avg": 5.41,
            "net_income": 195527,
            "revenue": 15104207,
            "common_shares": 8099620,
            "book_valuer_per_share": 20.01,
            "book_valuer_per_share_4q_avg": 14.82,
            "equity": 16206509,
            "current_ratio": 126.73,
            "debt_ratio": 46.62,
            "inventory_turnover_ratio": 3.61,
            "account_receivable_turnover_ratio": null,
            "reinvestment_rate": null,
            "research_to_sale_ratio": null,
            "price_fair": 6.54,
            "eps_avg_yearly": 2.18,
            "eps_latest_yearly": 0.96,
            "eps_growth_yearly": -100.67
        },
        "20032": {
            "year_quarter": 20032,
            "year": 2003,
            "quarter": 2,
            "eps": 0.25,
            "eps_growth_year": null,
            "eps_4q": 1.67,
            "eps_4q_growth_year": null,
            "roe": 1.23,
            "roe_4q": 8.32,
            "gross_profit": 1137466,
            "gross_margin": 7.8,
            "gross_margin_4q_avg": 7.36,
            "net_income": 198040,
            "revenue": 14591941,
            "common_shares": 8099620,
            "book_valuer_per_share": 19.66,
            "book_valuer_per_share_4q_avg": 19.74,
            "equity": 15924450,
            "current_ratio": 133.21,
            "debt_ratio": 44.16,
            "inventory_turnover_ratio": 4.94,
            "account_receivable_turnover_ratio": null,
            "reinvestment_rate": null,
            "research_to_sale_ratio": null,
            "price_fair": 5.36,
            "eps_avg_yearly": 1.79,
            "eps_latest_yearly": 1,
            "eps_growth_yearly": -61.56
        },
        "20033": {
            "year_quarter": 20033,
            "year": 2003,
            "quarter": 3,
            "eps": 0.87,
            "eps_growth_year": 24.29,
            "eps_4q": 1.93,
            "eps_4q_growth_year": null,
            "roe": 4.62,
            "roe_4q": 10.3,
            "gross_profit": 1467179,
            "gross_margin": 6.7,
            "gross_margin_4q_avg": 7.09,
            "net_income": 747979,
            "revenue": 21882075,
            "common_shares": 8117970,
            "book_valuer_per_share": 20.26,
            "book_valuer_per_share_4q_avg": 19.95,
            "equity": 16446023,
            "current_ratio": 126.85,
            "debt_ratio": 53.28,
            "inventory_turnover_ratio": 5.83,
            "account_receivable_turnover_ratio": null,
            "reinvestment_rate": null,
            "research_to_sale_ratio": null,
            "price_fair": 77.35,
            "eps_avg_yearly": 2.21,
            "eps_latest_yearly": 3.48,
            "eps_growth_yearly": 201.83
        },
        "20034": {
            "year_quarter": 20034,
            "year": 2003,
            "quarter": 4,
            "eps": 0.54,
            "eps_growth_year": -36.47,
            "eps_4q": 1.87,
            "eps_4q_growth_year": null,
            "roe": 2.76,
            "roe_4q": 9.809999999999999,
            "gross_profit": 1443564,
            "gross_margin": 5.52,
            "gross_margin_4q_avg": 6.83,
            "net_income": 464218,
            "revenue": 26149390,
            "common_shares": 8709251,
            "book_valuer_per_share": 19.48,
            "book_valuer_per_share_4q_avg": 19.85,
            "equity": 17133785,
            "current_ratio": 110.4,
            "debt_ratio": 59.81,
            "inventory_turnover_ratio": 3.41,
            "account_receivable_turnover_ratio": null,
            "reinvestment_rate": null,
            "research_to_sale_ratio": null,
            "price_fair": 77,
            "eps_avg_yearly": 2.2,
            "eps_latest_yearly": 2.16,
            "eps_growth_yearly": 131.12
        },
        "20041": {
            "year_quarter": 20041,
            "year": 2004,
            "quarter": 1,
            "eps": 0.23,
            "eps_growth_year": -4.17,
            "eps_4q": 1.84,
            "eps_4q_growth_year": null,
            "roe": 1.17,
            "roe_4q": 9.780000000000001,
            "gross_profit": 1397542,
            "gross_margin": 5.6,
            "gross_margin_4q_avg": 6.41,
            "net_income": 200842,
            "revenue": 24967497,
            "common_shares": 8823991,
            "book_valuer_per_share": 19.5,
            "book_valuer_per_share_4q_avg": 19.73,
            "equity": 17203627,
            "current_ratio": 167.75,
            "debt_ratio": 51.29,
            "inventory_turnover_ratio": 3.24,
            "account_receivable_turnover_ratio": null,
            "reinvestment_rate": null,
            "research_to_sale_ratio": null,
            "price_fair": 69.53,
            "eps_avg_yearly": 1.99,
            "eps_latest_yearly": 0.92,
            "eps_growth_yearly": 70.99
        },
        "20042": {
            "year_quarter": 20042,
            "year": 2004,
            "quarter": 2,
            "eps": -0.19,
            "eps_growth_year": -176,
            "eps_4q": 1.39,
            "eps_4q_growth_year": -16.62,
            "roe": -1.03,
            "roe_4q": 7.52,
            "gross_profit": 1465062,
            "gross_margin": 5.12,
            "gross_margin_4q_avg": 5.74,
            "net_income": -175523,
            "revenue": 28596178,
            "common_shares": 8899391,
            "book_valuer_per_share": 18.93,
            "book_valuer_per_share_4q_avg": 19.54,
            "equity": 16850408,
            "current_ratio": 155.44,
            "debt_ratio": 55.1,
            "inventory_turnover_ratio": 5.79,
            "account_receivable_turnover_ratio": null,
            "reinvestment_rate": null,
            "research_to_sale_ratio": null,
            "price_fair": 69.53,
            "eps_avg_yearly": 1.99,
            "eps_latest_yearly": 0.92,
            "eps_growth_yearly": 70.99
        },
        "20043": {
            "year_quarter": 20043,
            "year": 2004,
            "quarter": 3,
            "eps": -1.08,
            "eps_growth_year": -224.14,
            "eps_4q": -0.55,
            "eps_4q_growth_year": -128.28,
            "roe": -6.23,
            "roe_4q": -3.330000000000001,
            "gross_profit": 1432231,
            "gross_margin": 4.69,
            "gross_margin_4q_avg": 5.23,
            "net_income": -1007165,
            "revenue": 30518467,
            "common_shares": 9489911,
            "book_valuer_per_share": 16.34,
            "book_valuer_per_share_4q_avg": 18.56,
            "equity": 15507132,
            "current_ratio": 151.04,
            "debt_ratio": 58.65,
            "inventory_turnover_ratio": 5.8,
            "account_receivable_turnover_ratio": null,
            "reinvestment_rate": null,
            "research_to_sale_ratio": null,
            "price_fair": 69.53,
            "eps_avg_yearly": 1.99,
            "eps_latest_yearly": 0.92,
            "eps_growth_yearly": 70.99
        },
        "20044": {
            "year_quarter": 20044,
            "year": 2004,
            "quarter": 4,
            "eps": 0.17,
            "eps_growth_year": -68.52,
            "eps_4q": -0.89,
            "eps_4q_growth_year": -147.39,
            "roe": 1.03,
            "roe_4q": -5.0600000000000005,
            "gross_profit": 1712447,
            "gross_margin": 5.27,
            "gross_margin_4q_avg": 5.17,
            "net_income": 158179,
            "revenue": 32496617,
            "common_shares": 9493140,
            "book_valuer_per_share": 15.78,
            "book_valuer_per_share_4q_avg": 17.64,
            "equity": 15177641,
            "current_ratio": 120.75,
            "debt_ratio": 63.4,
            "inventory_turnover_ratio": 4.08,
            "account_receivable_turnover_ratio": null,
            "reinvestment_rate": null,
            "research_to_sale_ratio": null,
            "price_fair": 69.53,
            "eps_avg_yearly": 1.99,
            "eps_latest_yearly": 0.92,
            "eps_growth_yearly": 70.99
        },
        "20051": {
            "year_quarter": 20051,
            "year": 2005,
            "quarter": 1,
            "eps": 0.4,
            "eps_growth_year": 73.91,
            "eps_4q": -0.73,
            "eps_4q_growth_year": -139.63,
            "roe": 2.37,
            "roe_4q": -3.8600000000000003,
            "gross_profit": 1402766,
            "gross_margin": 5.5,
            "gross_margin_4q_avg": 5.15,
            "net_income": 362282,
            "revenue": 25498391,
            "common_shares": 9507411,
            "book_valuer_per_share": 16.23,
            "book_valuer_per_share_4q_avg": 16.82,
            "equity": 15428635,
            "current_ratio": 126.58,
            "debt_ratio": 50.47,
            "inventory_turnover_ratio": 3.37,
            "account_receivable_turnover_ratio": null,
            "reinvestment_rate": null,
            "research_to_sale_ratio": null,
            "price_fair": 67.6,
            "eps_avg_yearly": 1.93,
            "eps_latest_yearly": 1.6,
            "eps_growth_yearly": 138.16
        },
        "20052": {
            "year_quarter": 20052,
            "year": 2005,
            "quarter": 2,
            "eps": 0.56,
            "eps_growth_year": null,
            "eps_4q": 0.02,
            "eps_4q_growth_year": -98.45,
            "roe": 3.22,
            "roe_4q": 0.3899999999999997,
            "gross_profit": 1814684,
            "gross_margin": 5.66,
            "gross_margin_4q_avg": 5.28,
            "net_income": 506211,
            "revenue": 32050955,
            "common_shares": 9583911,
            "book_valuer_per_share": 16.66,
            "book_valuer_per_share_4q_avg": 16.25,
            "equity": 15966834,
            "current_ratio": 126.65,
            "debt_ratio": 53.92,
            "inventory_turnover_ratio": 7.27,
            "account_receivable_turnover_ratio": null,
            "reinvestment_rate": null,
            "research_to_sale_ratio": null,
            "price_fair": 68.95,
            "eps_avg_yearly": 1.97,
            "eps_latest_yearly": 2.24,
            "eps_growth_yearly": 140.89
        },
        "20053": {
            "year_quarter": 20053,
            "year": 2005,
            "quarter": 3,
            "eps": 1.03,
            "eps_growth_year": null,
            "eps_4q": 2.16,
            "eps_4q_growth_year": null,
            "roe": 4.84,
            "roe_4q": 11.459999999999999,
            "gross_profit": 2429198,
            "gross_margin": 5.84,
            "gross_margin_4q_avg": 5.57,
            "net_income": 937032,
            "revenue": 41599626,
            "common_shares": 11475981,
            "book_valuer_per_share": 19.85,
            "book_valuer_per_share_4q_avg": 17.13,
            "equity": 22775173,
            "current_ratio": 153.62,
            "debt_ratio": 48.31,
            "inventory_turnover_ratio": 9.3,
            "account_receivable_turnover_ratio": null,
            "reinvestment_rate": null,
            "research_to_sale_ratio": null,
            "price_fair": 77.31,
            "eps_avg_yearly": 2.21,
            "eps_latest_yearly": 4.12,
            "eps_growth_yearly": 162.54
        },
        "20054": {
            "year_quarter": 20054,
            "year": 2005,
            "quarter": 4,
            "eps": 1.43,
            "eps_growth_year": 741.18,
            "eps_4q": 3.31,
            "eps_4q_growth_year": null,
            "roe": 5.74,
            "roe_4q": 16.17,
            "gross_profit": 3585649,
            "gross_margin": 6.43,
            "gross_margin_4q_avg": 5.86,
            "net_income": 1376421,
            "revenue": 55792840,
            "common_shares": 11782742,
            "book_valuer_per_share": 21.25,
            "book_valuer_per_share_4q_avg": 18.5,
            "equity": 25206616,
            "current_ratio": 123.07,
            "debt_ratio": 61.27,
            "inventory_turnover_ratio": 4.6,
            "account_receivable_turnover_ratio": null,
            "reinvestment_rate": null,
            "research_to_sale_ratio": null,
            "price_fair": 89.6,
            "eps_avg_yearly": 2.56,
            "eps_latest_yearly": 5.72,
            "eps_growth_yearly": 161.82
        },
        "20061": {
            "year_quarter": 20061,
            "year": 2006,
            "quarter": 1,
            "eps": 1.11,
            "eps_growth_year": 177.5,
            "eps_4q": 3.55,
            "eps_4q_growth_year": null,
            "roe": 4.92,
            "roe_4q": 18.72,
            "gross_profit": 3186489,
            "gross_margin": 6.32,
            "gross_margin_4q_avg": 6.06,
            "net_income": 1284202,
            "revenue": 50424745,
            "common_shares": 11963621,
            "book_valuer_per_share": 22.6,
            "book_valuer_per_share_4q_avg": 20.09,
            "equity": 27034593,
            "current_ratio": 160.67,
            "debt_ratio": 47.52,
            "inventory_turnover_ratio": 4.15,
            "account_receivable_turnover_ratio": null,
            "reinvestment_rate": null,
            "research_to_sale_ratio": null,
            "price_fair": 95.58,
            "eps_avg_yearly": 2.73,
            "eps_latest_yearly": 4.44,
            "eps_growth_yearly": 138.97
        },
        "20062": {
            "year_quarter": 20062,
            "year": 2006,
            "quarter": 2,
            "eps": 1.32,
            "eps_growth_year": 135.71,
            "eps_4q": 4.41,
            "eps_4q_growth_year": 20354.74,
            "roe": 5.79,
            "roe_4q": 21.290000000000003,
            "gross_profit": 3818734,
            "gross_margin": 7.97,
            "gross_margin_4q_avg": 6.64,
            "net_income": 1534810,
            "revenue": 47913826,
            "common_shares": 11963621,
            "book_valuer_per_share": 21.75,
            "book_valuer_per_share_4q_avg": 21.36,
            "equity": 26014983,
            "current_ratio": 152.88,
            "debt_ratio": 50.46,
            "inventory_turnover_ratio": 10.6,
            "account_receivable_turnover_ratio": null,
            "reinvestment_rate": 36.75,
            "research_to_sale_ratio": null,
            "price_fair": 103.02,
            "eps_avg_yearly": 2.94,
            "eps_latest_yearly": 5.28,
            "eps_growth_yearly": 133.7
        },
        "20063": {
            "year_quarter": 20063,
            "year": 2006,
            "quarter": 3,
            "eps": 1.05,
            "eps_growth_year": 1.94,
            "eps_4q": 4.47,
            "eps_4q_growth_year": 107.01,
            "roe": 4.82,
            "roe_4q": 21.27,
            "gross_profit": 3430112,
            "gross_margin": 5.89,
            "gross_margin_4q_avg": 6.65,
            "net_income": 1288656,
            "revenue": 58235027,
            "common_shares": 12723568,
            "book_valuer_per_share": 21.54,
            "book_valuer_per_share_4q_avg": 21.79,
            "equity": 27411357,
            "current_ratio": 144.95,
            "debt_ratio": 54.82,
            "inventory_turnover_ratio": 13.33,
            "account_receivable_turnover_ratio": null,
            "reinvestment_rate": -4.57,
            "research_to_sale_ratio": null,
            "price_fair": 106.4,
            "eps_avg_yearly": 3.04,
            "eps_latest_yearly": 4.2,
            "eps_growth_yearly": 117.12
        },
        "20064": {
            "year_quarter": 20064,
            "year": 2006,
            "quarter": 4,
            "eps": 0.99,
            "eps_growth_year": -30.77,
            "eps_4q": 4.33,
            "eps_4q_growth_year": 30.84,
            "roe": 4.34,
            "roe_4q": 19.869999999999997,
            "gross_profit": 3627110,
            "gross_margin": 5.87,
            "gross_margin_4q_avg": 6.51,
            "net_income": 1219205,
            "revenue": 61780970,
            "common_shares": 12723568,
            "book_valuer_per_share": 22.58,
            "book_valuer_per_share_4q_avg": 22.12,
            "equity": 28829222,
            "current_ratio": 126.63,
            "debt_ratio": 60.86,
            "inventory_turnover_ratio": 6.37,
            "account_receivable_turnover_ratio": null,
            "reinvestment_rate": 24.12,
            "research_to_sale_ratio": null,
            "price_fair": 107.91,
            "eps_avg_yearly": 3.08,
            "eps_latest_yearly": 3.96,
            "eps_growth_yearly": 108.77
        },
        "20071": {
            "year_quarter": 20071,
            "year": 2007,
            "quarter": 1,
            "eps": 0.87,
            "eps_growth_year": -21.62,
            "eps_4q": 4.08,
            "eps_4q_growth_year": 15.04,
            "roe": 3.7,
            "roe_4q": 18.65,
            "gross_profit": 3006002,
            "gross_margin": 5.83,
            "gross_margin_4q_avg": 6.39,
            "net_income": 1095508,
            "revenue": 51596545,
            "common_shares": 12723568,
            "book_valuer_per_share": 23.94,
            "book_valuer_per_share_4q_avg": 22.45,
            "equity": 30460491,
            "current_ratio": 165.98,
            "debt_ratio": 45.65,
            "inventory_turnover_ratio": 5.83,
            "account_receivable_turnover_ratio": null,
            "reinvestment_rate": -2.84,
            "research_to_sale_ratio": null,
            "price_fair": 114.69,
            "eps_avg_yearly": 3.28,
            "eps_latest_yearly": 3.48,
            "eps_growth_yearly": 127.12
        },
        "20072": {
            "year_quarter": 20072,
            "year": 2007,
            "quarter": 2,
            "eps": 1.07,
            "eps_growth_year": -18.94,
            "eps_4q": 3.92,
            "eps_4q_growth_year": -11.3,
            "roe": 4.54,
            "roe_4q": 17.4,
            "gross_profit": 3472180,
            "gross_margin": 6.3,
            "gross_margin_4q_avg": 5.97,
            "net_income": 1355105,
            "revenue": 55149904,
            "common_shares": 12723568,
            "book_valuer_per_share": 22.98,
            "book_valuer_per_share_4q_avg": 22.76,
            "equity": 29239119,
            "current_ratio": 150.32,
            "debt_ratio": 50.91,
            "inventory_turnover_ratio": 16.38,
            "account_receivable_turnover_ratio": null,
            "reinvestment_rate": -0.69,
            "research_to_sale_ratio": null,
            "price_fair": 123.52,
            "eps_avg_yearly": 3.53,
            "eps_latest_yearly": 4.28,
            "eps_growth_yearly": 132.91
        },
        "20073": {
            "year_quarter": 20073,
            "year": 2007,
            "quarter": 3,
            "eps": 1.34,
            "eps_growth_year": 27.62,
            "eps_4q": 4.07,
            "eps_4q_growth_year": -8.87,
            "roe": 6.01,
            "roe_4q": 18.59,
            "gross_profit": 4226837,
            "gross_margin": 5.5,
            "gross_margin_4q_avg": 5.88,
            "net_income": 1800062,
            "revenue": 76874629,
            "common_shares": 13819261,
            "book_valuer_per_share": 22.18,
            "book_valuer_per_share_4q_avg": 22.92,
            "equity": 30644959,
            "current_ratio": 142.07,
            "debt_ratio": 55.59,
            "inventory_turnover_ratio": 20.76,
            "account_receivable_turnover_ratio": null,
            "reinvestment_rate": 0.72,
            "research_to_sale_ratio": null,
            "price_fair": 128.58,
            "eps_avg_yearly": 3.67,
            "eps_latest_yearly": 5.36,
            "eps_growth_yearly": 64.37
        },
        "20074": {
            "year_quarter": 20074,
            "year": 2007,
            "quarter": 4,
            "eps": 1.71,
            "eps_growth_year": 72.73,
            "eps_4q": 4.8,
            "eps_4q_growth_year": 10.9,
            "roe": 7.31,
            "roe_4q": 21.56,
            "gross_profit": 3995495,
            "gross_margin": 4.29,
            "gross_margin_4q_avg": 5.48,
            "net_income": 2354775,
            "revenue": 93238374,
            "common_shares": 13819261,
            "book_valuer_per_share": 23.69,
            "book_valuer_per_share_4q_avg": 23.2,
            "equity": 33749994,
            "current_ratio": 119.75,
            "debt_ratio": 68.94,
            "inventory_turnover_ratio": 6.83,
            "account_receivable_turnover_ratio": null,
            "reinvestment_rate": 29.11,
            "research_to_sale_ratio": null,
            "price_fair": 141.18,
            "eps_avg_yearly": 4.03,
            "eps_latest_yearly": 6.84,
            "eps_growth_yearly": 84.53
        },
        "20081": {
            "year_quarter": 20081,
            "year": 2008,
            "quarter": 1,
            "eps": 1.21,
            "eps_growth_year": 39.08,
            "eps_4q": 5.1,
            "eps_4q_growth_year": 24.94,
            "roe": 4.97,
            "roe_4q": 22.83,
            "gross_profit": 5232588,
            "gross_margin": 6.03,
            "gross_margin_4q_avg": 5.53,
            "net_income": 1705670,
            "revenue": 86809820,
            "common_shares": 13819261,
            "book_valuer_per_share": 24.47,
            "book_valuer_per_share_4q_avg": 23.33,
            "equity": 34850848,
            "current_ratio": 120.22,
            "debt_ratio": 70.5,
            "inventory_turnover_ratio": 3.4,
            "account_receivable_turnover_ratio": null,
            "reinvestment_rate": 64.73,
            "research_to_sale_ratio": null,
            "price_fair": 151.74,
            "eps_avg_yearly": 4.34,
            "eps_latest_yearly": 4.84,
            "eps_growth_yearly": 93.2
        },
        "20082": {
            "year_quarter": 20082,
            "year": 2008,
            "quarter": 2,
            "eps": 1.03,
            "eps_growth_year": -3.74,
            "eps_4q": 5.16,
            "eps_4q_growth_year": 31.85,
            "roe": 4.31,
            "roe_4q": 22.6,
            "gross_profit": 5774058,
            "gross_margin": 6.27,
            "gross_margin_4q_avg": 5.52,
            "net_income": 1448885,
            "revenue": 92084164,
            "common_shares": 13819261,
            "book_valuer_per_share": 22.61,
            "book_valuer_per_share_4q_avg": 23.24,
            "equity": 32429852,
            "current_ratio": 121.74,
            "debt_ratio": 74.47,
            "inventory_turnover_ratio": 3.21,
            "account_receivable_turnover_ratio": null,
            "reinvestment_rate": 62.91,
            "research_to_sale_ratio": null,
            "price_fair": 151.2,
            "eps_avg_yearly": 4.32,
            "eps_latest_yearly": 4.12,
            "eps_growth_yearly": 82.29
        },
        "20083": {
            "year_quarter": 20083,
            "year": 2008,
            "quarter": 3,
            "eps": 1.47,
            "eps_growth_year": 9.7,
            "eps_4q": 5.1,
            "eps_4q_growth_year": 25.33,
            "roe": 6.45,
            "roe_4q": 23.04,
            "gross_profit": 6840066,
            "gross_margin": 5.62,
            "gross_margin_4q_avg": 5.55,
            "net_income": 2207044,
            "revenue": 121680732,
            "common_shares": 15166367,
            "book_valuer_per_share": 23.09,
            "book_valuer_per_share_4q_avg": 23.47,
            "equity": 35954918,
            "current_ratio": 115.41,
            "debt_ratio": 79.02,
            "inventory_turnover_ratio": 3.01,
            "account_receivable_turnover_ratio": null,
            "reinvestment_rate": 61.71,
            "research_to_sale_ratio": null,
            "price_fair": 154.84,
            "eps_avg_yearly": 4.42,
            "eps_latest_yearly": 5.88,
            "eps_growth_yearly": 88.2
        },
        "20084": {
            "year_quarter": 20084,
            "year": 2008,
            "quarter": 4,
            "eps": 1.04,
            "eps_growth_year": -39.18,
            "eps_4q": 4.65,
            "eps_4q_growth_year": -2.97,
            "roe": 4.17,
            "roe_4q": 19.9,
            "gross_profit": 7023081,
            "gross_margin": 4.86,
            "gross_margin_4q_avg": 5.7,
            "net_income": 1536806,
            "revenue": 144542968,
            "common_shares": 15166367,
            "book_valuer_per_share": 24.31,
            "book_valuer_per_share_4q_avg": 23.62,
            "equity": 37782842,
            "current_ratio": 125.6,
            "debt_ratio": 72.91,
            "inventory_turnover_ratio": 3.45,
            "account_receivable_turnover_ratio": 4.54,
            "reinvestment_rate": 35.88,
            "research_to_sale_ratio": null,
            "price_fair": 154.26,
            "eps_avg_yearly": 4.41,
            "eps_latest_yearly": 4.16,
            "eps_growth_yearly": 75.37
        },
        "20091": {
            "year_quarter": 20091,
            "year": 2009,
            "quarter": 1,
            "eps": 0.94,
            "eps_growth_year": -22.31,
            "eps_4q": 4.39,
            "eps_4q_growth_year": -13.93,
            "roe": 3.66,
            "roe_4q": 18.59,
            "gross_profit": 5570653,
            "gross_margin": 4.95,
            "gross_margin_4q_avg": 5.43,
            "net_income": 1419453,
            "revenue": 112523838,
            "common_shares": 15166367,
            "book_valuer_per_share": 25.61,
            "book_valuer_per_share_4q_avg": 23.91,
            "equity": 39745814,
            "current_ratio": 124.26,
            "debt_ratio": 70.2,
            "inventory_turnover_ratio": 3.81,
            "account_receivable_turnover_ratio": 1.79,
            "reinvestment_rate": 64.51,
            "research_to_sale_ratio": null,
            "price_fair": 158.99,
            "eps_avg_yearly": 4.54,
            "eps_latest_yearly": 3.76,
            "eps_growth_yearly": 39.15
        },
        "20092": {
            "year_quarter": 20092,
            "year": 2009,
            "quarter": 2,
            "eps": 1.23,
            "eps_growth_year": 19.42,
            "eps_4q": 4.6,
            "eps_4q_growth_year": -10.85,
            "roe": 4.31,
            "roe_4q": 18.59,
            "gross_profit": 7370841,
            "gross_margin": 5.79,
            "gross_margin_4q_avg": 5.31,
            "net_income": 1889903,
            "revenue": 127240756,
            "common_shares": 16666367,
            "book_valuer_per_share": 28.22,
            "book_valuer_per_share_4q_avg": 25.31,
            "equity": 47948450,
            "current_ratio": 128.19,
            "debt_ratio": 69.55,
            "inventory_turnover_ratio": 4.48,
            "account_receivable_turnover_ratio": 1.99,
            "reinvestment_rate": 59.01,
            "research_to_sale_ratio": null,
            "price_fair": 164.85,
            "eps_avg_yearly": 4.71,
            "eps_latest_yearly": 4.92,
            "eps_growth_yearly": 36.86
        },
        "20093": {
            "year_quarter": 20093,
            "year": 2009,
            "quarter": 3,
            "eps": 1.59,
            "eps_growth_year": 8.16,
            "eps_4q": 4.41,
            "eps_4q_growth_year": -13.63,
            "roe": 5.56,
            "roe_4q": 17.7,
            "gross_profit": 8250102,
            "gross_margin": 5.63,
            "gross_margin_4q_avg": 5.31,
            "net_income": 2737468,
            "revenue": 146452144,
            "common_shares": 18506158,
            "book_valuer_per_share": 26.75,
            "book_valuer_per_share_4q_avg": 26.22,
            "equity": 50442015,
            "current_ratio": 127.44,
            "debt_ratio": 70.72,
            "inventory_turnover_ratio": 4.74,
            "account_receivable_turnover_ratio": 1.9,
            "reinvestment_rate": 54.82,
            "research_to_sale_ratio": null,
            "price_fair": 160.99,
            "eps_avg_yearly": 4.85,
            "eps_latest_yearly": 6.36,
            "eps_growth_yearly": 23.19
        },
        "20094": {
            "year_quarter": 20094,
            "year": 2009,
            "quarter": 4,
            "eps": 1.79,
            "eps_growth_year": 72.12,
            "eps_4q": 4.9,
            "eps_4q_growth_year": 5.27,
            "roe": 5.98,
            "roe_4q": 19.509999999999998,
            "gross_profit": 8757827,
            "gross_margin": 5.46,
            "gross_margin_4q_avg": 5.46,
            "net_income": 3124233,
            "revenue": 160448951,
            "common_shares": 18642688,
            "book_valuer_per_share": 28.47,
            "book_valuer_per_share_4q_avg": 27.26,
            "equity": 54014433,
            "current_ratio": 128.31,
            "debt_ratio": 69.96,
            "inventory_turnover_ratio": 5.35,
            "account_receivable_turnover_ratio": 3.23,
            "reinvestment_rate": 44.06,
            "research_to_sale_ratio": null,
            "price_fair": 131.55,
            "eps_avg_yearly": 4.94,
            "eps_latest_yearly": 7.16,
            "eps_growth_yearly": 16.63
        },
        "20101": {
            "year_quarter": 20101,
            "year": 2010,
            "quarter": 1,
            "eps": 1.45,
            "eps_growth_year": 54.26,
            "eps_4q": 5.57,
            "eps_4q_growth_year": 26.96,
            "roe": 4.87,
            "roe_4q": 20.72,
            "gross_profit": 7553404,
            "gross_margin": 5.27,
            "gross_margin_4q_avg": 5.54,
            "net_income": 2701144,
            "revenue": 143354872,
            "common_shares": 18697938,
            "book_valuer_per_share": 29.95,
            "book_valuer_per_share_4q_avg": 28.35,
            "equity": 56938950,
            "current_ratio": 132.33,
            "debt_ratio": 67.33,
            "inventory_turnover_ratio": 4.57,
            "account_receivable_turnover_ratio": 1.55,
            "reinvestment_rate": 74.72,
            "research_to_sale_ratio": 1.42,
            "price_fair": 138.06,
            "eps_avg_yearly": 5.03,
            "eps_latest_yearly": 5.8,
            "eps_growth_yearly": 17.48
        },
        "20102": {
            "year_quarter": 20102,
            "year": 2010,
            "quarter": 2,
            "eps": 1.51,
            "eps_growth_year": 22.89,
            "eps_4q": 5.88,
            "eps_4q_growth_year": 27.84,
            "roe": 5.29,
            "roe_4q": 21.7,
            "gross_profit": 8605631,
            "gross_margin": 5.78,
            "gross_margin_4q_avg": 5.54,
            "net_income": 2942977,
            "revenue": 148921854,
            "common_shares": 18702698,
            "book_valuer_per_share": 28.75,
            "book_valuer_per_share_4q_avg": 28.48,
            "equity": 54398003,
            "current_ratio": 117.37,
            "debt_ratio": 72.63,
            "inventory_turnover_ratio": 3.78,
            "account_receivable_turnover_ratio": 1.71,
            "reinvestment_rate": 77.24,
            "research_to_sale_ratio": 1.53,
            "price_fair": 120.63,
            "eps_avg_yearly": 5.07,
            "eps_latest_yearly": 6.04,
            "eps_growth_yearly": 13.78
        },
        "20103": {
            "year_quarter": 20103,
            "year": 2010,
            "quarter": 3,
            "eps": 1.68,
            "eps_growth_year": 5.63,
            "eps_4q": 6.19,
            "eps_4q_growth_year": 40.4,
            "roe": 5.95,
            "roe_4q": 22.09,
            "gross_profit": 9355325,
            "gross_margin": 5.77,
            "gross_margin_4q_avg": 5.57,
            "net_income": 3278682,
            "revenue": 162135917,
            "common_shares": 19642663,
            "book_valuer_per_share": 28.64,
            "book_valuer_per_share_4q_avg": 28.95,
            "equity": 55758606,
            "current_ratio": 114.59,
            "debt_ratio": 74.07,
            "inventory_turnover_ratio": 3.75,
            "account_receivable_turnover_ratio": 1.69,
            "reinvestment_rate": 80.9,
            "research_to_sale_ratio": 1.61,
            "price_fair": 165.84,
            "eps_avg_yearly": 5.23,
            "eps_latest_yearly": 6.72,
            "eps_growth_yearly": 21.71
        },
        "20104": {
            "year_quarter": 20104,
            "year": 2010,
            "quarter": 4,
            "eps": 1.58,
            "eps_growth_year": -11.75,
            "eps_4q": 6.13,
            "eps_4q_growth_year": 25.05,
            "roe": 5.54,
            "roe_4q": 21.650000000000002,
            "gross_profit": 9009303,
            "gross_margin": 5.6,
            "gross_margin_4q_avg": 5.61,
            "net_income": 3117430,
            "revenue": 160772200,
            "common_shares": 19808953,
            "book_valuer_per_share": 28.96,
            "book_valuer_per_share_4q_avg": 29.08,
            "equity": 56869680,
            "current_ratio": 114.59,
            "debt_ratio": 73.87,
            "inventory_turnover_ratio": 4.19,
            "account_receivable_turnover_ratio": 1.57,
            "reinvestment_rate": 55.14,
            "research_to_sale_ratio": 1.84,
            "price_fair": 170.19,
            "eps_avg_yearly": 5.38,
            "eps_latest_yearly": 6.32,
            "eps_growth_yearly": 21.65
        },
        "20111": {
            "year_quarter": 20111,
            "year": 2011,
            "quarter": 1,
            "eps": 1.02,
            "eps_growth_year": -29.66,
            "eps_4q": 5.76,
            "eps_4q_growth_year": 3.39,
            "roe": 3.45,
            "roe_4q": 20.23,
            "gross_profit": 7105945,
            "gross_margin": 5.18,
            "gross_margin_4q_avg": 5.58,
            "net_income": 2011784,
            "revenue": 137287947,
            "common_shares": 19855793,
            "book_valuer_per_share": 30.28,
            "book_valuer_per_share_4q_avg": 29.16,
            "equity": 59593133,
            "current_ratio": 113.89,
            "debt_ratio": 73.65,
            "inventory_turnover_ratio": 3.26,
            "account_receivable_turnover_ratio": 1.41,
            "reinvestment_rate": 87.91,
            "research_to_sale_ratio": 1.85,
            "price_fair": 139.81,
            "eps_avg_yearly": 5.42,
            "eps_latest_yearly": 4.08,
            "eps_growth_yearly": 15.82
        },
        "20112": {
            "year_quarter": 20112,
            "year": 2011,
            "quarter": 2,
            "eps": 1.2,
            "eps_growth_year": -20.33,
            "eps_4q": 5.26,
            "eps_4q_growth_year": -10.64,
            "roe": 4.34,
            "roe_4q": 19.28,
            "gross_profit": 8240576,
            "gross_margin": 5.17,
            "gross_margin_4q_avg": 5.43,
            "net_income": 2490636,
            "revenue": 159454446,
            "common_shares": 19861523,
            "book_valuer_per_share": 28.03,
            "book_valuer_per_share_4q_avg": 28.98,
            "equity": 55221721,
            "current_ratio": 110.45,
            "debt_ratio": 77.02,
            "inventory_turnover_ratio": 3.15,
            "account_receivable_turnover_ratio": 1.66,
            "reinvestment_rate": 89.23,
            "research_to_sale_ratio": 1.78,
            "price_fair": 133.37,
            "eps_avg_yearly": 5.45,
            "eps_latest_yearly": 4.8,
            "eps_growth_yearly": 14.48
        },
        "20113": {
            "year_quarter": 20113,
            "year": 2011,
            "quarter": 3,
            "eps": 1.06,
            "eps_growth_year": -36.68,
            "eps_4q": 4.74,
            "eps_4q_growth_year": -23.43,
            "roe": 3.83,
            "roe_4q": 17.16,
            "gross_profit": 7894962,
            "gross_margin": 4.75,
            "gross_margin_4q_avg": 5.18,
            "net_income": 2200711,
            "revenue": 166369058,
            "common_shares": 20848812,
            "book_valuer_per_share": 28.89,
            "book_valuer_per_share_4q_avg": 29.04,
            "equity": 59792514,
            "current_ratio": 109.66,
            "debt_ratio": 77.23,
            "inventory_turnover_ratio": 3.28,
            "account_receivable_turnover_ratio": 1.59,
            "reinvestment_rate": 96.68,
            "research_to_sale_ratio": 1.63,
            "price_fair": 82.05,
            "eps_avg_yearly": 5.38,
            "eps_latest_yearly": 4.24,
            "eps_growth_yearly": 5.26
        },
        "20114": {
            "year_quarter": 20114,
            "year": 2011,
            "quarter": 4,
            "eps": 1.14,
            "eps_growth_year": -27.75,
            "eps_4q": 4.38,
            "eps_4q_growth_year": -28.51,
            "roe": 3.89,
            "roe_4q": 15.510000000000002,
            "gross_profit": 9084918,
            "gross_margin": 4.65,
            "gross_margin_4q_avg": 4.94,
            "net_income": 2361897,
            "revenue": 195255234,
            "common_shares": 20849972,
            "book_valuer_per_share": 29.74,
            "book_valuer_per_share_4q_avg": 29.24,
            "equity": 61549771,
            "current_ratio": 109.76,
            "debt_ratio": 75.82,
            "inventory_turnover_ratio": 4.33,
            "account_receivable_turnover_ratio": 1.73,
            "reinvestment_rate": 70.56,
            "research_to_sale_ratio": 1.66,
            "price_fair": 52.35,
            "eps_avg_yearly": 5.24,
            "eps_latest_yearly": 4.56,
            "eps_growth_yearly": 0.24
        },
        "20121": {
            "year_quarter": 20121,
            "year": 2012,
            "quarter": 1,
            "eps": 0.9,
            "eps_growth_year": -11.76,
            "eps_4q": 4.29,
            "eps_4q_growth_year": -25.48,
            "roe": 2.99,
            "roe_4q": 15.05,
            "gross_profit": 7550017,
            "gross_margin": 4.27,
            "gross_margin_4q_avg": 4.71,
            "net_income": 1865169,
            "revenue": 176968641,
            "common_shares": 20931733,
            "book_valuer_per_share": 30.48,
            "book_valuer_per_share_4q_avg": 29.29,
            "equity": 63319136,
            "current_ratio": 115.39,
            "debt_ratio": 75.14,
            "inventory_turnover_ratio": 4.19,
            "account_receivable_turnover_ratio": 1.6,
            "reinvestment_rate": 79.07,
            "research_to_sale_ratio": 1.63,
            "price_fair": 63.38,
            "eps_avg_yearly": 5.16,
            "eps_latest_yearly": 3.6,
            "eps_growth_yearly": 2.29
        },
        "20122": {
            "year_quarter": 20122,
            "year": 2012,
            "quarter": 2,
            "eps": 0.67,
            "eps_growth_year": -44.36,
            "eps_4q": 3.62,
            "eps_4q_growth_year": -31.24,
            "roe": 2.37,
            "roe_4q": 13.08,
            "gross_profit": 8105110,
            "gross_margin": 5.1,
            "gross_margin_4q_avg": 4.69,
            "net_income": 1462168,
            "revenue": 158872421,
            "common_shares": 20940153,
            "book_valuer_per_share": 28.91,
            "book_valuer_per_share_4q_avg": 29.51,
            "equity": 60087096,
            "current_ratio": 113.21,
            "debt_ratio": 75.9,
            "inventory_turnover_ratio": 3.56,
            "account_receivable_turnover_ratio": 1.64,
            "reinvestment_rate": 81.28,
            "research_to_sale_ratio": 1.86,
            "price_fair": 15.2,
            "eps_avg_yearly": 5.07,
            "eps_latest_yearly": 2.68,
            "eps_growth_yearly": -0.38
        },
        "20123": {
            "year_quarter": 20123,
            "year": 2012,
            "quarter": 3,
            "eps": 0.71,
            "eps_growth_year": -33.07,
            "eps_4q": 3.32,
            "eps_4q_growth_year": -29.96,
            "roe": 2.57,
            "roe_4q": 11.82,
            "gross_profit": 7991233,
            "gross_margin": 5.21,
            "gross_margin_4q_avg": 4.81,
            "net_income": 1553558,
            "revenue": 153281058,
            "common_shares": 21979432,
            "book_valuer_per_share": 27.93,
            "book_valuer_per_share_4q_avg": 29.27,
            "equity": 60956240,
            "current_ratio": 114.74,
            "debt_ratio": 76.58,
            "inventory_turnover_ratio": 3.21,
            "account_receivable_turnover_ratio": 1.73,
            "reinvestment_rate": 78.33,
            "research_to_sale_ratio": 1.97,
            "price_fair": 14.63,
            "eps_avg_yearly": 4.88,
            "eps_latest_yearly": 2.84,
            "eps_growth_yearly": -9.57
        },
        "20124": {
            "year_quarter": 20124,
            "year": 2012,
            "quarter": 4,
            "eps": 0.82,
            "eps_growth_year": -28.54,
            "eps_4q": 3.05,
            "eps_4q_growth_year": -30.33,
            "roe": 2.9,
            "roe_4q": 10.83,
            "gross_profit": 8280885,
            "gross_margin": 4.91,
            "gross_margin_4q_avg": 4.87,
            "net_income": 1780032,
            "revenue": 168722494,
            "common_shares": 21979432,
            "book_valuer_per_share": 28.4,
            "book_valuer_per_share_4q_avg": 28.93,
            "equity": 61998071,
            "current_ratio": 113.14,
            "debt_ratio": 77.25,
            "inventory_turnover_ratio": 3.43,
            "account_receivable_turnover_ratio": 1.85,
            "reinvestment_rate": 76.29,
            "research_to_sale_ratio": 1.83,
            "price_fair": 56.03,
            "eps_avg_yearly": 4.82,
            "eps_latest_yearly": 3.28,
            "eps_growth_yearly": 1.62
        },
        "20131": {
            "year_quarter": 20131,
            "year": 2013,
            "quarter": 1,
            "eps": 0.74,
            "eps_growth_year": -17.78,
            "eps_4q": 2.94,
            "eps_4q_growth_year": -31.58,
            "roe": 2.54,
            "roe_4q": 10.379999999999999,
            "gross_profit": 8057411,
            "gross_margin": 5.09,
            "gross_margin_4q_avg": 5.08,
            "net_income": 1615269,
            "revenue": 158195661,
            "common_shares": 21979692,
            "book_valuer_per_share": 29.76,
            "book_valuer_per_share_4q_avg": 28.75,
            "equity": 64951398,
            "current_ratio": 114.36,
            "debt_ratio": 76.62,
            "inventory_turnover_ratio": 3,
            "account_receivable_turnover_ratio": 1.53,
            "reinvestment_rate": 69.19,
            "research_to_sale_ratio": 1.99,
            "price_fair": 55.28,
            "eps_avg_yearly": 4.77,
            "eps_latest_yearly": 2.96,
            "eps_growth_yearly": 1.58
        },
        "20132": {
            "year_quarter": 20132,
            "year": 2013,
            "quarter": 2,
            "eps": 0.76,
            "eps_growth_year": 13.44,
            "eps_4q": 2.92,
            "eps_4q_growth_year": -19.28,
            "roe": 2.71,
            "roe_4q": 10.72,
            "gross_profit": 6756119,
            "gross_margin": 4.15,
            "gross_margin_4q_avg": 4.84,
            "net_income": 1743095,
            "revenue": 162950452,
            "common_shares": 21979692,
            "book_valuer_per_share": 29.11,
            "book_valuer_per_share_4q_avg": 28.8,
            "equity": 63551503,
            "current_ratio": 114.12,
            "debt_ratio": 76.48,
            "inventory_turnover_ratio": 2.75,
            "account_receivable_turnover_ratio": 1.59,
            "reinvestment_rate": 71.2,
            "research_to_sale_ratio": 1.93,
            "price_fair": 13.97,
            "eps_avg_yearly": 4.66,
            "eps_latest_yearly": 3.04,
            "eps_growth_yearly": -5.45
        },
        "20133": {
            "year_quarter": 20133,
            "year": 2013,
            "quarter": 3,
            "eps": 0.64,
            "eps_growth_year": -10.09,
            "eps_4q": 2.78,
            "eps_4q_growth_year": -16.31,
            "roe": 2.29,
            "roe_4q": 10.44,
            "gross_profit": 8080449,
            "gross_margin": 5.05,
            "gross_margin_4q_avg": 4.8,
            "net_income": 1468616,
            "revenue": 159887702,
            "common_shares": 23781603,
            "book_valuer_per_share": 27.16,
            "book_valuer_per_share_4q_avg": 28.61,
            "equity": 64594327,
            "current_ratio": 123.8,
            "debt_ratio": 77.48,
            "inventory_turnover_ratio": 2.59,
            "account_receivable_turnover_ratio": 1.73,
            "reinvestment_rate": 71.11,
            "research_to_sale_ratio": 2.06,
            "price_fair": 13.25,
            "eps_avg_yearly": 4.42,
            "eps_latest_yearly": 2.56,
            "eps_growth_yearly": -16.72
        },
        "20134": {
            "year_quarter": 20134,
            "year": 2013,
            "quarter": 4,
            "eps": 0.39,
            "eps_growth_year": -52.23,
            "eps_4q": 2.42,
            "eps_4q_growth_year": -20.76,
            "roe": 1.42,
            "roe_4q": 8.96,
            "gross_profit": 7309072,
            "gross_margin": 5.11,
            "gross_margin_4q_avg": 4.85,
            "net_income": 927748,
            "revenue": 142975258,
            "common_shares": 23781603,
            "book_valuer_per_share": 27.83,
            "book_valuer_per_share_4q_avg": 28.47,
            "equity": 66196018,
            "current_ratio": 128.49,
            "debt_ratio": 75.53,
            "inventory_turnover_ratio": 2.53,
            "account_receivable_turnover_ratio": 1.59,
            "reinvestment_rate": 60.33,
            "research_to_sale_ratio": 2.37,
            "price_fair": 12.2,
            "eps_avg_yearly": 4.07,
            "eps_latest_yearly": 1.56,
            "eps_growth_yearly": -29.63
        },
        "20141": {
            "year_quarter": 20141,
            "year": 2014,
            "quarter": 1,
            "eps": 0.15,
            "eps_growth_year": -79.73,
            "eps_4q": 1.88,
            "eps_4q_growth_year": -35.86,
            "roe": 0.51,
            "roe_4q": 6.93,
            "gross_profit": 6549996,
            "gross_margin": 5.21,
            "gross_margin_4q_avg": 4.88,
            "net_income": 341941,
            "revenue": 125818268,
            "common_shares": 23781603,
            "book_valuer_per_share": 28.46,
            "book_valuer_per_share_4q_avg": 28.14,
            "equity": 67681870,
            "current_ratio": 119.62,
            "debt_ratio": 72.68,
            "inventory_turnover_ratio": 2.5,
            "account_receivable_turnover_ratio": 1.65,
            "reinvestment_rate": 68.48,
            "research_to_sale_ratio": 2.49,
            "price_fair": 11.23,
            "eps_avg_yearly": 3.74,
            "eps_latest_yearly": 0.6,
            "eps_growth_yearly": -40.27
        },
        "20142": {
            "year_quarter": 20142,
            "year": 2014,
            "quarter": 2,
            "eps": 0.51,
            "eps_growth_year": -32.89,
            "eps_4q": 1.63,
            "eps_4q_growth_year": -44.2,
            "roe": 1.85,
            "roe_4q": 6.07,
            "gross_profit": 8539259,
            "gross_margin": 6.28,
            "gross_margin_4q_avg": 5.41,
            "net_income": 1215966,
            "revenue": 135884930,
            "common_shares": 23781603,
            "book_valuer_per_share": 26.74,
            "book_valuer_per_share_4q_avg": 27.55,
            "equity": 63732600,
            "current_ratio": 116.5,
            "debt_ratio": 76.1,
            "inventory_turnover_ratio": 2.46,
            "account_receivable_turnover_ratio": 1.9,
            "reinvestment_rate": 61.48,
            "research_to_sale_ratio": 2.43,
            "price_fair": 100.24,
            "eps_avg_yearly": 3.49,
            "eps_latest_yearly": 2.04,
            "eps_growth_yearly": 18.7
        },
        "20143": {
            "year_quarter": 20143,
            "year": 2014,
            "quarter": 3,
            "eps": 0.61,
            "eps_growth_year": -4.69,
            "eps_4q": 1.6,
            "eps_4q_growth_year": -42.57,
            "roe": 2.22,
            "roe_4q": 6,
            "gross_profit": 8177905,
            "gross_margin": 5.25,
            "gross_margin_4q_avg": 5.46,
            "net_income": 1449655,
            "revenue": 155753805,
            "common_shares": 24618724,
            "book_valuer_per_share": 27.09,
            "book_valuer_per_share_4q_avg": 27.53,
            "equity": 66887393,
            "current_ratio": 118.72,
            "debt_ratio": 77.37,
            "inventory_turnover_ratio": 2.28,
            "account_receivable_turnover_ratio": 1.78,
            "reinvestment_rate": 58.61,
            "research_to_sale_ratio": 2.23,
            "price_fair": 99.29,
            "eps_avg_yearly": 3.23,
            "eps_latest_yearly": 2.44,
            "eps_growth_yearly": 20.79
        },
        "20144": {
            "year_quarter": 20144,
            "year": 2014,
            "quarter": 4,
            "eps": 0.23,
            "eps_growth_year": -39.86,
            "eps_4q": 1.45,
            "eps_4q_growth_year": -40.05,
            "roe": 0.85,
            "roe_4q": 5.43,
            "gross_profit": 7849614,
            "gross_margin": 4.49,
            "gross_margin_4q_avg": 5.31,
            "net_income": 581429,
            "revenue": 174889731,
            "common_shares": 24682674,
            "book_valuer_per_share": 28.38,
            "book_valuer_per_share_4q_avg": 27.67,
            "equity": 70248200,
            "current_ratio": 119,
            "debt_ratio": 76.55,
            "inventory_turnover_ratio": 2.3,
            "account_receivable_turnover_ratio": 1.76,
            "reinvestment_rate": 68.61,
            "research_to_sale_ratio": 2.01,
            "price_fair": 48.23,
            "eps_avg_yearly": 2.89,
            "eps_latest_yearly": 0.92,
            "eps_growth_yearly": 6.7
        },
        "20151": {
            "year_quarter": 20151,
            "year": 2015,
            "quarter": 1,
            "eps": 0.3,
            "eps_growth_year": 100,
            "eps_4q": 1.6,
            "eps_4q_growth_year": -14.84,
            "roe": 1.05,
            "roe_4q": 5.970000000000001,
            "gross_profit": 7030041,
            "gross_margin": 4.66,
            "gross_margin_4q_avg": 5.17,
            "net_income": 733736,
            "revenue": 150704704,
            "common_shares": 24682674,
            "book_valuer_per_share": 28.11,
            "book_valuer_per_share_4q_avg": 27.58,
            "equity": 69856801,
            "current_ratio": 122.24,
            "debt_ratio": 74.32,
            "inventory_turnover_ratio": 2.02,
            "account_receivable_turnover_ratio": 1.63,
            "reinvestment_rate": 53.74,
            "research_to_sale_ratio": 2.02,
            "price_fair": 89.81,
            "eps_avg_yearly": 2.71,
            "eps_latest_yearly": 1.2,
            "eps_growth_yearly": 23.17
        },
        "20152": {
            "year_quarter": 20152,
            "year": 2015,
            "quarter": 2,
            "eps": 0.03,
            "eps_growth_year": -94.12,
            "eps_4q": 1.12,
            "eps_4q_growth_year": -30.99,
            "roe": 0.08,
            "roe_4q": 4.2,
            "gross_profit": 6839478,
            "gross_margin": 4.68,
            "gross_margin_4q_avg": 4.77,
            "net_income": 53417,
            "revenue": 146073368,
            "common_shares": 24682674,
            "book_valuer_per_share": 26.63,
            "book_valuer_per_share_4q_avg": 27.55,
            "equity": 65533729,
            "current_ratio": 116.3,
            "debt_ratio": 75.04,
            "inventory_turnover_ratio": 2.15,
            "account_receivable_turnover_ratio": 1.82,
            "reinvestment_rate": 46.4,
            "research_to_sale_ratio": 2.37,
            "price_fair": 7.25,
            "eps_avg_yearly": 2.42,
            "eps_latest_yearly": 0.12,
            "eps_growth_yearly": -3.74
        },
        "20153": {
            "year_quarter": 20153,
            "year": 2015,
            "quarter": 3,
            "eps": 0.27,
            "eps_growth_year": -55.74,
            "eps_4q": 0.84,
            "eps_4q_growth_year": -47.22,
            "roe": 0.99,
            "roe_4q": 2.97,
            "gross_profit": 7793300,
            "gross_margin": 5.11,
            "gross_margin_4q_avg": 4.74,
            "net_income": 663987,
            "revenue": 152416106,
            "common_shares": 25554824,
            "book_valuer_per_share": 28.3,
            "book_valuer_per_share_4q_avg": 27.86,
            "equity": 68951480,
            "current_ratio": 116.05,
            "debt_ratio": 75.88,
            "inventory_turnover_ratio": 2.12,
            "account_receivable_turnover_ratio": 1.93,
            "reinvestment_rate": 43.84,
            "research_to_sale_ratio": 2.2,
            "price_fair": 77.61,
            "eps_avg_yearly": 2.22,
            "eps_latest_yearly": 1.08,
            "eps_growth_yearly": 199.18
        },
        "20154": {
            "year_quarter": 20154,
            "year": 2015,
            "quarter": 4,
            "eps": -0.05,
            "eps_growth_year": -121.56,
            "eps_4q": 0.55,
            "eps_4q_growth_year": -61.9,
            "roe": -0.26,
            "roe_4q": 1.8599999999999999,
            "gross_profit": 7753417,
            "gross_margin": 4.45,
            "gross_margin_4q_avg": 4.73,
            "net_income": -180245,
            "revenue": 174079810,
            "common_shares": 25554824,
            "book_valuer_per_share": 28.45,
            "book_valuer_per_share_4q_avg": 27.87,
            "equity": 69217213,
            "current_ratio": 116.14,
            "debt_ratio": 76.16,
            "inventory_turnover_ratio": 2.32,
            "account_receivable_turnover_ratio": 2,
            "reinvestment_rate": 43.39,
            "research_to_sale_ratio": 2.02,
            "price_fair": 72.15,
            "eps_avg_yearly": 2.06,
            "eps_latest_yearly": 1.08,
            "eps_growth_yearly": 210.44
        },
        "20161": {
            "year_quarter": 20161,
            "year": 2016,
            "quarter": 1,
            "eps": 0.16,
            "eps_growth_year": -46.67,
            "eps_4q": 0.41,
            "eps_4q_growth_year": -74.4,
            "roe": 0.58,
            "roe_4q": 1.3900000000000001,
            "gross_profit": 7665625,
            "gross_margin": 5.69,
            "gross_margin_4q_avg": 4.98,
            "net_income": 397429,
            "revenue": 134695622,
            "common_shares": 25554824,
            "book_valuer_per_share": 28.06,
            "book_valuer_per_share_4q_avg": 27.86,
            "equity": 68213750,
            "current_ratio": 118.15,
            "debt_ratio": 72.87,
            "inventory_turnover_ratio": 1.93,
            "account_receivable_turnover_ratio": 1.77,
            "reinvestment_rate": 27.05,
            "research_to_sale_ratio": 2.42,
            "price_fair": 68.3,
            "eps_avg_yearly": 1.95,
            "eps_latest_yearly": 1.08,
            "eps_growth_yearly": 231.49
        },
        "20162": {
            "year_quarter": 20162,
            "year": 2016,
            "quarter": 2,
            "eps": 0.25,
            "eps_growth_year": 733.33,
            "eps_4q": 0.62,
            "eps_4q_growth_year": -44.96,
            "roe": 0.94,
            "roe_4q": 2.25,
            "gross_profit": 7299579,
            "gross_margin": 4.98,
            "gross_margin_4q_avg": 5.06,
            "net_income": 625333,
            "revenue": 146627137,
            "common_shares": 25554824,
            "book_valuer_per_share": 27.11,
            "book_valuer_per_share_4q_avg": 27.98,
            "equity": 65534979,
            "current_ratio": 115.14,
            "debt_ratio": 75.33,
            "inventory_turnover_ratio": 2.2,
            "account_receivable_turnover_ratio": 2.17,
            "reinvestment_rate": 15.76,
            "research_to_sale_ratio": 2.34,
            "price_fair": 64.1,
            "eps_avg_yearly": 1.83,
            "eps_latest_yearly": 1,
            "eps_growth_yearly": 254.86
        },
        "20163": {
            "year_quarter": 20163,
            "year": 2016,
            "quarter": 3,
            "eps": 0.21,
            "eps_growth_year": -22.22,
            "eps_4q": 0.55,
            "eps_4q_growth_year": -34.44,
            "roe": 0.77,
            "roe_4q": 2.0300000000000002,
            "gross_profit": 7668186,
            "gross_margin": 4.55,
            "gross_margin_4q_avg": 4.92,
            "net_income": 501813,
            "revenue": 168538221,
            "common_shares": 26521362,
            "book_valuer_per_share": 25.7,
            "book_valuer_per_share_4q_avg": 27.33,
            "equity": 65271637,
            "current_ratio": 113.76,
            "debt_ratio": 77.83,
            "inventory_turnover_ratio": 2.38,
            "account_receivable_turnover_ratio": 2.14,
            "reinvestment_rate": 10.62,
            "research_to_sale_ratio": 2.02,
            "price_fair": 59.1,
            "eps_avg_yearly": 1.69,
            "eps_latest_yearly": 0.84,
            "eps_growth_yearly": 248.58
        },
        "20164": {
            "year_quarter": 20164,
            "year": 2016,
            "quarter": 4,
            "eps": 0.57,
            "eps_growth_year": null,
            "eps_4q": 1.17,
            "eps_4q_growth_year": 112.21,
            "roe": 2.2,
            "roe_4q": 4.49,
            "gross_profit": 9011127,
            "gross_margin": 4.29,
            "gross_margin_4q_avg": 4.88,
            "net_income": 1468429,
            "revenue": 210047251,
            "common_shares": 26503165,
            "book_valuer_per_share": 26.62,
            "book_valuer_per_share_4q_avg": 26.87,
            "equity": 67968449,
            "current_ratio": 114.28,
            "debt_ratio": 75.96,
            "inventory_turnover_ratio": 2.92,
            "account_receivable_turnover_ratio": 2.43,
            "reinvestment_rate": 8.46,
            "research_to_sale_ratio": 1.76,
            "price_fair": 56.6,
            "eps_avg_yearly": 1.62,
            "eps_latest_yearly": 2.28,
            "eps_growth_yearly": 293.14
        },
        "20171": {
            "year_quarter": 20171,
            "year": 2017,
            "quarter": 1,
            "eps": 0.22,
            "eps_growth_year": 37.5,
            "eps_4q": 1.23,
            "eps_4q_growth_year": 200,
            "roe": 0.88,
            "roe_4q": 4.79,
            "gross_profit": 6363808,
            "gross_margin": 3.78,
            "gross_margin_4q_avg": 4.4,
            "net_income": 582670,
            "revenue": 168408112,
            "common_shares": 26503165,
            "book_valuer_per_share": 25.28,
            "book_valuer_per_share_4q_avg": 26.18,
            "equity": 64850775,
            "current_ratio": 114.57,
            "debt_ratio": 75.18,
            "inventory_turnover_ratio": 2.34,
            "account_receivable_turnover_ratio": 2.19,
            "reinvestment_rate": 21.5,
            "research_to_sale_ratio": 1.99,
            "price_fair": 51.4,
            "eps_avg_yearly": 1.47,
            "eps_latest_yearly": 0.88,
            "eps_growth_yearly": 278.38
        },
        "20172": {
            "year_quarter": 20172,
            "year": 2017,
            "quarter": 2,
            "eps": 0.31,
            "eps_growth_year": 24,
            "eps_4q": 1.26,
            "eps_4q_growth_year": 103.73,
            "roe": 1.48,
            "roe_4q": 5.33,
            "gross_profit": 7584015,
            "gross_margin": 3.91,
            "gross_margin_4q_avg": 4.13,
            "net_income": 951968,
            "revenue": 193838184,
            "common_shares": 26738065,
            "book_valuer_per_share": 24.61,
            "book_valuer_per_share_4q_avg": 25.55,
            "equity": 63943215,
            "current_ratio": 112.7,
            "debt_ratio": 76.78,
            "inventory_turnover_ratio": 2.57,
            "account_receivable_turnover_ratio": 2.64,
            "reinvestment_rate": 23.7,
            "research_to_sale_ratio": 1.84,
            "price_fair": 46.9,
            "eps_avg_yearly": 1.34,
            "eps_latest_yearly": 1.24,
            "eps_growth_yearly": 289.3
        },
        "20173": {
            "year_quarter": 20173,
            "year": 2017,
            "quarter": 3,
            "eps": 0.35,
            "eps_growth_year": 66.67,
            "eps_4q": 1.4,
            "eps_4q_growth_year": 154.32,
            "roe": 1.63,
            "roe_4q": 6.1899999999999995,
            "gross_profit": 8342103,
            "gross_margin": 3.93,
            "gross_margin_4q_avg": 3.98,
            "net_income": 1058865,
            "revenue": 212232039,
            "common_shares": 27498607,
            "book_valuer_per_share": 24.32,
            "book_valuer_per_share_4q_avg": 25.21,
            "equity": 65738097,
            "current_ratio": 106.61,
            "debt_ratio": 80.24,
            "inventory_turnover_ratio": 2.46,
            "account_receivable_turnover_ratio": 2.29,
            "reinvestment_rate": 45.85,
            "research_to_sale_ratio": 1.81,
            "price_fair": 44,
            "eps_avg_yearly": 1.26,
            "eps_latest_yearly": 1.4,
            "eps_growth_yearly": 297.5
        },
        "20174": {
            "year_quarter": 20174,
            "year": 2017,
            "quarter": 4,
            "eps": 0.6,
            "eps_growth_year": 4.67,
            "eps_4q": 1.46,
            "eps_4q_growth_year": 24.26,
            "roe": 2.68,
            "roe_4q": 6.670000000000001,
            "gross_profit": 9349477,
            "gross_margin": 3.57,
            "gross_margin_4q_avg": 3.8,
            "net_income": 1767988,
            "revenue": 261602688,
            "common_shares": 27486880,
            "book_valuer_per_share": 24.41,
            "book_valuer_per_share_4q_avg": 24.66,
            "equity": 66421062,
            "current_ratio": 106.3,
            "debt_ratio": 79.67,
            "inventory_turnover_ratio": 2.7,
            "account_receivable_turnover_ratio": 2.66,
            "reinvestment_rate": 25.33,
            "research_to_sale_ratio": 1.51,
            "price_fair": 46.1,
            "eps_avg_yearly": 1.32,
            "eps_latest_yearly": 2.4,
            "eps_growth_yearly": 329.06
        },
        "20181": {
            "year_quarter": 20181,
            "year": 2018,
            "quarter": 1,
            "eps": 0.34,
            "eps_growth_year": 54.55,
            "eps_4q": 1.59,
            "eps_4q_growth_year": 28.78,
            "roe": 2.03,
            "roe_4q": 7.82,
            "gross_profit": 8049298,
            "gross_margin": 3.71,
            "gross_margin_4q_avg": 3.78,
            "net_income": 1362948,
            "revenue": 217052925,
            "common_shares": 27486880,
            "book_valuer_per_share": 24.2,
            "book_valuer_per_share_4q_avg": 24.39,
            "equity": 67653014,
            "current_ratio": 107.13,
            "debt_ratio": 78.11,
            "inventory_turnover_ratio": 2.24,
            "account_receivable_turnover_ratio": 2.37,
            "reinvestment_rate": -29.87,
            "research_to_sale_ratio": 1.54,
            "price_fair": 48,
            "eps_avg_yearly": 1.37,
            "eps_latest_yearly": 1.36,
            "eps_growth_yearly": 334.27
        },
        "20182": {
            "year_quarter": 20182,
            "year": 2018,
            "quarter": 2,
            "eps": 0.23,
            "eps_growth_year": -25.81,
            "eps_4q": 1.45,
            "eps_4q_growth_year": 15.03,
            "roe": 2.01,
            "roe_4q": 8.349999999999998,
            "gross_profit": 8878334,
            "gross_margin": 4.69,
            "gross_margin_4q_avg": 3.98,
            "net_income": 1379387,
            "revenue": 189347758,
            "common_shares": 27788282,
            "book_valuer_per_share": 24.13,
            "book_valuer_per_share_4q_avg": 24.27,
            "equity": 69277831,
            "current_ratio": 114.73,
            "debt_ratio": 77.15,
            "inventory_turnover_ratio": 1.98,
            "account_receivable_turnover_ratio": 2.03,
            "reinvestment_rate": -1.92,
            "research_to_sale_ratio": 1.88,
            "price_fair": 45.2,
            "eps_avg_yearly": 1.29,
            "eps_latest_yearly": 0.92,
            "eps_growth_yearly": 256.45
        },
        "20183": {
            "year_quarter": 20183,
            "year": 2018,
            "quarter": 3,
            "eps": 0.44,
            "eps_growth_year": 25.71,
            "eps_4q": 1.56,
            "eps_4q_growth_year": 11.31,
            "roe": 2.69,
            "roe_4q": 9.409999999999998,
            "gross_profit": 9353068,
            "gross_margin": 4.11,
            "gross_margin_4q_avg": 4.02,
            "net_income": 1884279,
            "revenue": 227646550,
            "common_shares": 28457785,
            "book_valuer_per_share": 23.66,
            "book_valuer_per_share_4q_avg": 24.1,
            "equity": 70605183,
            "current_ratio": 113.47,
            "debt_ratio": 80.01,
            "inventory_turnover_ratio": 2.2,
            "account_receivable_turnover_ratio": 2.11,
            "reinvestment_rate": 23.64,
            "research_to_sale_ratio": 1.48,
            "price_fair": 43.5,
            "eps_avg_yearly": 1.24,
            "eps_latest_yearly": 1.76,
            "eps_growth_yearly": 276.94
        },
        "20184": {
            "year_quarter": 20184,
            "year": 2018,
            "quarter": 4,
            "eps": 0.75,
            "eps_growth_year": 24.85,
            "eps_4q": 1.74,
            "eps_4q_growth_year": 19.61,
            "roe": 3.69,
            "roe_4q": 10.42,
            "gross_profit": 11278556,
            "gross_margin": 4.41,
            "gross_margin_4q_avg": 4.23,
            "net_income": 2658575,
            "revenue": 255489114,
            "common_shares": 28421220,
            "book_valuer_per_share": 24.47,
            "book_valuer_per_share_4q_avg": 24.12,
            "equity": 73531582,
            "current_ratio": 114.82,
            "debt_ratio": 78.32,
            "inventory_turnover_ratio": 2.44,
            "account_receivable_turnover_ratio": 2.17,
            "reinvestment_rate": 11.61,
            "research_to_sale_ratio": 1.62,
            "price_fair": 48.7,
            "eps_avg_yearly": 1.39,
            "eps_latest_yearly": 3,
            "eps_growth_yearly": 314.86
        },
        "20191": {
            "year_quarter": 20191,
            "year": 2019,
            "quarter": 1,
            "eps": 0.35,
            "eps_growth_year": 2.94,
            "eps_4q": 1.77,
            "eps_4q_growth_year": 11.53,
            "roe": 1.94,
            "roe_4q": 10.33,
            "gross_profit": 8397781,
            "gross_margin": 4.07,
            "gross_margin_4q_avg": 4.32,
            "net_income": 1503880,
            "revenue": 206204535,
            "common_shares": 28421220,
            "book_valuer_per_share": 25.68,
            "book_valuer_per_share_4q_avg": 24.49,
            "equity": 81421472,
            "current_ratio": 119.18,
            "debt_ratio": 75.36,
            "inventory_turnover_ratio": 2.15,
            "account_receivable_turnover_ratio": 1.9,
            "reinvestment_rate": 17.82,
            "research_to_sale_ratio": 1.79,
            "price_fair": 49.2,
            "eps_avg_yearly": 1.41,
            "eps_latest_yearly": 1.4,
            "eps_growth_yearly": 290.93
        },
        "20192": {
            "year_quarter": 20192,
            "year": 2019,
            "quarter": 2,
            "eps": 0.44,
            "eps_growth_year": 91.3,
            "eps_4q": 1.98,
            "eps_4q_growth_year": 36.33,
            "roe": 2.56,
            "roe_4q": 10.879999999999999,
            "gross_profit": 10228194,
            "gross_margin": 4.98,
            "gross_margin_4q_avg": 4.39,
            "net_income": 2046931,
            "revenue": 205549138,
            "common_shares": 28421220,
            "book_valuer_per_share": 24.72,
            "book_valuer_per_share_4q_avg": 24.63,
            "equity": 78424610,
            "current_ratio": 115.05,
            "debt_ratio": 76.05,
            "inventory_turnover_ratio": 2.24,
            "account_receivable_turnover_ratio": 1.99,
            "reinvestment_rate": 21.88,
            "research_to_sale_ratio": 1.96,
            "price_fair": 53.3,
            "eps_avg_yearly": 1.52,
            "eps_latest_yearly": 1.76,
            "eps_growth_yearly": 323.99
        },
        "20193": {
            "year_quarter": 20193,
            "year": 2019,
            "quarter": 3,
            "eps": 0.61,
            "eps_growth_year": 38.64,
            "eps_4q": 2.14,
            "eps_4q_growth_year": 36.93,
            "roe": 3,
            "roe_4q": 11.19,
            "gross_profit": 10824354,
            "gross_margin": 5,
            "gross_margin_4q_avg": 4.62,
            "net_income": 2392684,
            "revenue": 216289837,
            "common_shares": 28406121,
            "book_valuer_per_share": 25.39,
            "book_valuer_per_share_4q_avg": 25.07,
            "equity": 81202656,
            "current_ratio": 115.74,
            "debt_ratio": 76.58,
            "inventory_turnover_ratio": 2.42,
            "account_receivable_turnover_ratio": 1.77,
            "reinvestment_rate": 4.51,
            "research_to_sale_ratio": 1.92,
            "price_fair": 56.7,
            "eps_avg_yearly": 1.62,
            "eps_latest_yearly": 2.44,
            "eps_growth_yearly": 106.46
        },
        "20194": {
            "year_quarter": 20194,
            "year": 2019,
            "quarter": 4,
            "eps": 1,
            "eps_growth_year": 33.14,
            "eps_4q": 2.39,
            "eps_4q_growth_year": 37.44,
            "roe": 4.58,
            "roe_4q": 12.08,
            "gross_profit": 12708221,
            "gross_margin": 5.08,
            "gross_margin_4q_avg": 4.78,
            "net_income": 3782748,
            "revenue": 250211568,
            "common_shares": 28406121,
            "book_valuer_per_share": 26.03,
            "book_valuer_per_share_4q_avg": 25.46,
            "equity": 83901074,
            "current_ratio": 116.67,
            "debt_ratio": 75.62,
            "inventory_turnover_ratio": 2.71,
            "account_receivable_turnover_ratio": 1.87,
            "reinvestment_rate": 0.13,
            "research_to_sale_ratio": 1.73,
            "price_fair": 62.25,
            "eps_avg_yearly": 1.78,
            "eps_latest_yearly": 4,
            "eps_growth_yearly": 116.41
        },
        "20201": {
            "year_quarter": 20201,
            "year": 2020,
            "quarter": 1,
            "eps": 0.26,
            "eps_growth_year": -25.71,
            "eps_4q": 2.3,
            "eps_4q_growth_year": 30.08,
            "roe": 1.71,
            "roe_4q": 11.85,
            "gross_profit": 8591976,
            "gross_margin": 4.94,
            "gross_margin_4q_avg": 5,
            "net_income": 1443065,
            "revenue": 173771433,
            "common_shares": 28406121,
            "book_valuer_per_share": 26.01,
            "book_valuer_per_share_4q_avg": 25.54,
            "equity": 84599477,
            "current_ratio": 116.7,
            "debt_ratio": 73.88,
            "inventory_turnover_ratio": 1.77,
            "account_receivable_turnover_ratio": 1.59,
            "reinvestment_rate": 2.49,
            "research_to_sale_ratio": 2.33,
            "price_fair": 60.64,
            "eps_avg_yearly": 1.73,
            "eps_latest_yearly": 1.04,
            "eps_growth_yearly": 90.64
        },
        "20202": {
            "year_quarter": 20202,
            "year": 2020,
            "quarter": 2,
            "eps": 1.01,
            "eps_growth_year": 129.55,
            "eps_4q": 2.92,
            "eps_4q_growth_year": 47.89,
            "roe": 4.77,
            "roe_4q": 14.059999999999999,
            "gross_profit": 12655843,
            "gross_margin": 5.72,
            "gross_margin_4q_avg": 5.19,
            "net_income": 3907375,
            "revenue": 221107466,
            "common_shares": 28406121,
            "book_valuer_per_share": 24.99,
            "book_valuer_per_share_4q_avg": 25.61,
            "equity": 79261317,
            "current_ratio": 107.59,
            "debt_ratio": 77.37,
            "inventory_turnover_ratio": 2.02,
            "account_receivable_turnover_ratio": 2.13,
            "reinvestment_rate": -0.08,
            "research_to_sale_ratio": 2.16,
            "price_fair": 67.29,
            "eps_avg_yearly": 1.92,
            "eps_latest_yearly": 4.04,
            "eps_growth_yearly": 148.69
        },
        "20203": {
            "year_quarter": 20203,
            "year": 2020,
            "quarter": 3,
            "eps": 1,
            "eps_growth_year": 63.93,
            "eps_4q": 3.3,
            "eps_4q_growth_year": 54.46,
            "roe": 4.85,
            "roe_4q": 15.909999999999998,
            "gross_profit": 11694986,
            "gross_margin": 5.37,
            "gross_margin_4q_avg": 5.28,
            "net_income": 3886034,
            "revenue": 217593543,
            "common_shares": 28406121,
            "book_valuer_per_share": 25.27,
            "book_valuer_per_share_4q_avg": 25.58,
            "equity": 81112712,
            "current_ratio": 107.18,
            "debt_ratio": 77.81,
            "inventory_turnover_ratio": 1.93,
            "account_receivable_turnover_ratio": 1.81,
            "reinvestment_rate": 5.04,
            "research_to_sale_ratio": 2.28,
            "price_fair": 74.2,
            "eps_avg_yearly": 2.12,
            "eps_latest_yearly": 4,
            "eps_growth_yearly": 152.44
        },
        "20204": {
            "year_quarter": 20204,
            "year": 2020,
            "quarter": 4,
            "eps": 0.84,
            "eps_growth_year": -16.28,
            "eps_4q": 3.12,
            "eps_4q_growth_year": 30.36,
            "roe": 4.45,
            "roe_4q": 15.780000000000001,
            "gross_profit": 13110375,
            "gross_margin": 5.64,
            "gross_margin_4q_avg": 5.42,
            "net_income": 3671422,
            "revenue": 232539402,
            "common_shares": 28406121,
            "book_valuer_per_share": 25.73,
            "book_valuer_per_share_4q_avg": 25.5,
            "equity": 83926079,
            "current_ratio": 115.38,
            "debt_ratio": 80.43,
            "inventory_turnover_ratio": 2.15,
            "account_receivable_turnover_ratio": 1.88,
            "reinvestment_rate": -12.55,
            "research_to_sale_ratio": 2.27,
            "price_fair": 76.56,
            "eps_avg_yearly": 2.19,
            "eps_latest_yearly": 3.36,
            "eps_growth_yearly": 105.58
        },
        "20211": {
            "year_quarter": 20211,
            "year": 2021,
            "quarter": 1,
            "eps": 0.04,
            "eps_growth_year": -84.62,
            "eps_4q": 2.84,
            "eps_4q_growth_year": 23.22,
            "roe": 1.12,
            "roe_4q": 15.19,
            "gross_profit": 10549554,
            "gross_margin": 5.95,
            "gross_margin_4q_avg": 5.67,
            "net_income": 949525,
            "revenue": 177359386,
            "common_shares": 29036121,
            "book_valuer_per_share": 25.23,
            "book_valuer_per_share_4q_avg": 25.31,
            "equity": 85051442,
            "current_ratio": 116,
            "debt_ratio": 77.84,
            "inventory_turnover_ratio": 1.62,
            "account_receivable_turnover_ratio": 1.43,
            "reinvestment_rate": -4.49,
            "research_to_sale_ratio": 2.47,
            "price_fair": 74.99,
            "eps_avg_yearly": 2.14,
            "eps_latest_yearly": 0.16,
            "eps_growth_yearly": 97.12
        },
        "20212": {
            "year_quarter": 20212,
            "year": 2021,
            "quarter": 2,
            "eps": 1.49,
            "eps_growth_year": 47.52,
            "eps_4q": 3.3,
            "eps_4q_growth_year": 12.75,
            "roe": 6.41,
            "roe_4q": 16.83,
            "gross_profit": 12112080,
            "gross_margin": 6.03,
            "gross_margin_4q_avg": 5.75,
            "net_income": 5280982,
            "revenue": 200878566,
            "common_shares": 29036121,
            "book_valuer_per_share": 23.99,
            "book_valuer_per_share_4q_avg": 25.06,
            "equity": 79824206,
            "current_ratio": 116.31,
            "debt_ratio": 80.22,
            "inventory_turnover_ratio": 1.67,
            "account_receivable_turnover_ratio": 1.54,
            "reinvestment_rate": -2.8,
            "research_to_sale_ratio": 2.65,
            "price_fair": 85.31,
            "eps_avg_yearly": 2.44,
            "eps_latest_yearly": 5.96,
            "eps_growth_yearly": 993.15
        },
        "20213": {
            "year_quarter": 20213,
            "year": 2021,
            "quarter": 3,
            "eps": 0.3,
            "eps_growth_year": -70,
            "eps_4q": 2.61,
            "eps_4q_growth_year": -21.09,
            "roe": 2.24,
            "roe_4q": 14.219999999999999,
            "gross_profit": 12992649,
            "gross_margin": 5.9,
            "gross_margin_4q_avg": 5.88,
            "net_income": 1805365,
            "revenue": 220392216,
            "common_shares": 29033721,
            "book_valuer_per_share": 24.07,
            "book_valuer_per_share_4q_avg": 24.76,
            "equity": 81015840,
            "current_ratio": 114.61,
            "debt_ratio": 82.37,
            "inventory_turnover_ratio": 1.61,
            "account_receivable_turnover_ratio": 1.52,
            "reinvestment_rate": 2.15,
            "research_to_sale_ratio": 2.37,
            "price_fair": 84.88,
            "eps_avg_yearly": 2.43,
            "eps_latest_yearly": 1.2,
            "eps_growth_yearly": 969.96
        },
        "20214": {
            "year_quarter": 20214,
            "year": 2021,
            "quarter": 4,
            "eps": 1.89,
            "eps_growth_year": 126.05,
            "eps_4q": 3.68,
            "eps_4q_growth_year": 17.92,
            "roe": 7.71,
            "roe_4q": 17.48,
            "gross_profit": 15480433,
            "gross_margin": 5.88,
            "gross_margin_4q_avg": 5.94,
            "net_income": 6691939,
            "revenue": 263452680,
            "common_shares": 29032521,
            "book_valuer_per_share": 27.39,
            "book_valuer_per_share_4q_avg": 25.17,
            "equity": 92484779,
            "current_ratio": 115.37,
            "debt_ratio": 81.4,
            "inventory_turnover_ratio": 1.63,
            "account_receivable_turnover_ratio": 1.7,
            "reinvestment_rate": 9.55,
            "research_to_sale_ratio": 2.21,
            "price_fair": 96.16,
            "eps_avg_yearly": 2.75,
            "eps_latest_yearly": 7.56,
            "eps_growth_yearly": 1084.6
        },
        "20221": {
            "year_quarter": 20221,
            "year": 2022,
            "quarter": 1,
            "eps": -0.31,
            "eps_growth_year": -875,
            "eps_4q": 3.34,
            "eps_4q_growth_year": 17.71,
            "roe": 0.37,
            "roe_4q": 16.73,
            "gross_profit": 12795899,
            "gross_margin": 5.65,
            "gross_margin_4q_avg": 5.87,
            "net_income": 363811,
            "revenue": 226445781,
            "common_shares": 29032521,
            "book_valuer_per_share": 29.95,
            "book_valuer_per_share_4q_avg": 26.35,
            "equity": 102445339,
            "current_ratio": 118.81,
            "debt_ratio": 78.97,
            "inventory_turnover_ratio": 1.25,
            "account_receivable_turnover_ratio": 1.55,
            "reinvestment_rate": 33.63,
            "research_to_sale_ratio": 2.33,
            "price_fair": 99.4,
            "eps_avg_yearly": 2.84,
            "eps_latest_yearly": 7.56,
            "eps_growth_yearly": 1168.46
        },
        "20222": {
            "year_quarter": 20222,
            "year": 2022,
            "quarter": 2,
            "eps": 1.53,
            "eps_growth_year": 2.68,
            "eps_4q": 3.37,
            "eps_4q_growth_year": 2.35,
            "roe": 6.08,
            "roe_4q": 16.4,
            "gross_profit": 16380878,
            "gross_margin": 6.71,
            "gross_margin_4q_avg": 6.04,
            "net_income": 6235054,
            "revenue": 244215971,
            "common_shares": 29031021,
            "book_valuer_per_share": 30.01,
            "book_valuer_per_share_4q_avg": 27.86,
            "equity": 102535971,
            "current_ratio": 114.77,
            "debt_ratio": 78.58,
            "inventory_turnover_ratio": 1.24,
            "account_receivable_turnover_ratio": 1.92,
            "reinvestment_rate": 31.02,
            "research_to_sale_ratio": 2.51,
            "price_fair": 104.2,
            "eps_avg_yearly": 2.98,
            "eps_latest_yearly": 7.56,
            "eps_growth_yearly": 1261.17
        },
        "20223": {
            "year_quarter": 20223,
            "year": 2022,
            "quarter": 3,
            "eps": 1.33,
            "eps_growth_year": 343.33,
            "eps_4q": 4.38,
            "eps_4q_growth_year": 67.78,
            "roe": 5.63,
            "roe_4q": 19.79,
            "gross_profit": 17874104,
            "gross_margin": 7.15,
            "gross_margin_4q_avg": 6.35,
            "net_income": 6119835,
            "revenue": 250103107,
            "common_shares": 29029221,
            "book_valuer_per_share": 33.15,
            "book_valuer_per_share_4q_avg": 30.13,
            "equity": 114782288,
            "current_ratio": 118.08,
            "debt_ratio": 75.87,
            "inventory_turnover_ratio": 1.23,
            "account_receivable_turnover_ratio": 2.22,
            "reinvestment_rate": 27.72,
            "research_to_sale_ratio": 2.59,
            "price_fair": 113.1,
            "eps_avg_yearly": 3.23,
            "eps_latest_yearly": 5.32,
            "eps_growth_yearly": 1231.34
        },
        "20224": {
            "year_quarter": 20224,
            "year": 2022,
            "quarter": 4,
            "eps": 1.43,
            "eps_growth_year": -24.25,
            "eps_4q": 3.92,
            "eps_4q_growth_year": 6.54,
            "roe": 5.4,
            "roe_4q": 17.48,
            "gross_profit": 22677811,
            "gross_margin": 8.59,
            "gross_margin_4q_avg": 7.03,
            "net_income": 6298847,
            "revenue": 263854297,
            "common_shares": 29016021,
            "book_valuer_per_share": 33.85,
            "book_valuer_per_share_4q_avg": 31.74,
            "equity": 118652556,
            "current_ratio": 119.62,
            "debt_ratio": 72.59,
            "inventory_turnover_ratio": 1.39,
            "account_receivable_turnover_ratio": 2.6,
            "reinvestment_rate": 27.54,
            "research_to_sale_ratio": 2.7,
            "price_fair": 119.9,
            "eps_avg_yearly": 3.43,
            "eps_latest_yearly": 5.72,
            "eps_growth_yearly": 1213.36
        },
        "20231": {
            "year_quarter": 20231,
            "year": 2023,
            "quarter": 1,
            "eps": 0.06,
            "eps_growth_year": null,
            "eps_4q": 4.28,
            "eps_4q_growth_year": 28.31,
            "roe": 1.69,
            "roe_4q": 18.799999999999997,
            "gross_profit": 14851595,
            "gross_margin": 7.01,
            "gross_margin_4q_avg": 7.37,
            "net_income": 2020117,
            "revenue": 212000207,
            "common_shares": 29001661,
            "book_valuer_per_share": 34.02,
            "book_valuer_per_share_4q_avg": 32.76,
            "equity": 120961843,
            "current_ratio": 117.21,
            "debt_ratio": 71.62,
            "inventory_turnover_ratio": 1.29,
            "account_receivable_turnover_ratio": 2.09,
            "reinvestment_rate": 34.63,
            "research_to_sale_ratio": 2.7,
            "price_fair": 117,
            "eps_avg_yearly": 3.34,
            "eps_latest_yearly": 0.24,
            "eps_growth_yearly": 1201.23
        }
    },
    "months": {
        "2003-08": {
            "month": "2003-08",
            "price": "34.28",
            "revenue": 6542644
        },
        "2003-09": {
            "month": "2003-09",
            "price": "30.79",
            "revenue": 9252764
        },
        "2003-10": {
            "month": "2003-10",
            "price": "29.48",
            "revenue": 9332605
        },
        "2003-11": {
            "month": "2003-11",
            "price": "28.58",
            "revenue": 8058206
        },
        "2003-12": {
            "month": "2003-12",
            "price": "27.17",
            "revenue": 8619017
        },
        "2004-01": {
            "month": "2004-01",
            "price": "28.01",
            "revenue": 7299597
        },
        "2004-02": {
            "month": "2004-02",
            "price": "28.85",
            "revenue": 8401396
        },
        "2004-03": {
            "month": "2004-03",
            "price": "27.85",
            "revenue": 9210019
        },
        "2004-04": {
            "month": "2004-04",
            "price": "27.00",
            "revenue": 9465940
        },
        "2004-05": {
            "month": "2004-05",
            "price": "21.23",
            "revenue": 8916633
        },
        "2004-06": {
            "month": "2004-06",
            "price": "20.34",
            "revenue": 10272955
        },
        "2004-07": {
            "month": "2004-07",
            "price": "17.19",
            "revenue": 9367960
        },
        "2004-08": {
            "month": "2004-08",
            "price": "14.22",
            "revenue": 10066927
        },
        "2004-09": {
            "month": "2004-09",
            "price": "14.23",
            "revenue": 11045634
        },
        "2004-10": {
            "month": "2004-10",
            "price": "16.60",
            "revenue": 10555363
        },
        "2004-11": {
            "month": "2004-11",
            "price": "14.87",
            "revenue": 11121389
        },
        "2004-12": {
            "month": "2004-12",
            "price": "14.10",
            "revenue": 10851514
        },
        "2005-01": {
            "month": "2005-01",
            "price": "14.16",
            "revenue": 7530738
        },
        "2005-02": {
            "month": "2005-02",
            "price": "14.50",
            "revenue": 7749081
        },
        "2005-03": {
            "month": "2005-03",
            "price": "15.24",
            "revenue": 10217003
        },
        "2005-04": {
            "month": "2005-04",
            "price": "17.54",
            "revenue": 10494756
        },
        "2005-05": {
            "month": "2005-05",
            "price": "21.06",
            "revenue": 9731322
        },
        "2005-06": {
            "month": "2005-06",
            "price": "23.94",
            "revenue": 11826268
        },
        "2005-07": {
            "month": "2005-07",
            "price": "27.78",
            "revenue": 11870908
        },
        "2005-08": {
            "month": "2005-08",
            "price": "31.81",
            "revenue": 13462113
        },
        "2005-09": {
            "month": "2005-09",
            "price": "34.30",
            "revenue": 16266932
        },
        "2005-10": {
            "month": "2005-10",
            "price": "36.42",
            "revenue": 18255504
        },
        "2005-11": {
            "month": "2005-11",
            "price": "37.03",
            "revenue": 20268250
        },
        "2005-12": {
            "month": "2005-12",
            "price": "41.93",
            "revenue": 17346244
        },
        "2006-01": {
            "month": "2006-01",
            "price": "41.71",
            "revenue": 16235403
        },
        "2006-02": {
            "month": "2006-02",
            "price": "42.67",
            "revenue": 15850266
        },
        "2006-03": {
            "month": "2006-03",
            "price": "40.87",
            "revenue": 18375636
        },
        "2006-04": {
            "month": "2006-04",
            "price": "40.72",
            "revenue": 16609001
        },
        "2006-05": {
            "month": "2006-05",
            "price": "40.29",
            "revenue": 14007888
        },
        "2006-06": {
            "month": "2006-06",
            "price": "35.81",
            "revenue": 17492883
        },
        "2006-07": {
            "month": "2006-07",
            "price": "36.35",
            "revenue": 17535402
        },
        "2006-08": {
            "month": "2006-08",
            "price": "35.60",
            "revenue": 19736000
        },
        "2006-09": {
            "month": "2006-09",
            "price": "38.31",
            "revenue": 20964131
        },
        "2006-10": {
            "month": "2006-10",
            "price": "37.52",
            "revenue": 19182578
        },
        "2006-11": {
            "month": "2006-11",
            "price": "38.45",
            "revenue": 21864062
        },
        "2006-12": {
            "month": "2006-12",
            "price": "44.53",
            "revenue": 20594656
        },
        "2007-01": {
            "month": "2007-01",
            "price": "48.82",
            "revenue": 16009035
        },
        "2007-02": {
            "month": "2007-02",
            "price": "46.59",
            "revenue": 14625551
        },
        "2007-03": {
            "month": "2007-03",
            "price": "47.61",
            "revenue": 20961958
        },
        "2007-04": {
            "month": "2007-04",
            "price": "50.44",
            "revenue": 15609257
        },
        "2007-05": {
            "month": "2007-05",
            "price": "52.29",
            "revenue": 17985314
        },
        "2007-06": {
            "month": "2007-06",
            "price": "55.90",
            "revenue": 21555336
        },
        "2007-07": {
            "month": "2007-07",
            "price": "64.94",
            "revenue": 21042264
        },
        "2007-08": {
            "month": "2007-08",
            "price": "57.37",
            "revenue": 26052468
        },
        "2007-09": {
            "month": "2007-09",
            "price": "59.20",
            "revenue": 29779895
        },
        "2007-10": {
            "month": "2007-10",
            "price": "62.29",
            "revenue": 29849251
        },
        "2007-11": {
            "month": "2007-11",
            "price": "61.81",
            "revenue": 33254282
        },
        "2007-12": {
            "month": "2007-12",
            "price": "57.90",
            "revenue": 30048552
        },
        "2008-01": {
            "month": "2008-01",
            "price": "48.84",
            "revenue": 26868548
        },
        "2008-02": {
            "month": "2008-02",
            "price": "49.29",
            "revenue": 24201547
        },
        "2008-03": {
            "month": "2008-03",
            "price": "48.58",
            "revenue": 34268651
        },
        "2008-04": {
            "month": "2008-04",
            "price": "54.56",
            "revenue": 27074192
        },
        "2008-05": {
            "month": "2008-05",
            "price": "54.16",
            "revenue": 28587949
        },
        "2008-06": {
            "month": "2008-06",
            "price": "48.45",
            "revenue": 34995895
        },
        "2008-07": {
            "month": "2008-07",
            "price": "44.36",
            "revenue": 37454950
        },
        "2008-08": {
            "month": "2008-08",
            "price": "49.18",
            "revenue": 34481272
        },
        "2008-09": {
            "month": "2008-09",
            "price": "41.25",
            "revenue": 49812498
        },
        "2008-10": {
            "month": "2008-10",
            "price": "32.68",
            "revenue": 53503615
        },
        "2008-11": {
            "month": "2008-11",
            "price": "23.39",
            "revenue": 44298418
        },
        "2008-12": {
            "month": "2008-12",
            "price": "24.08",
            "revenue": 46729767
        },
        "2009-01": {
            "month": "2009-01",
            "price": "25.10",
            "revenue": 33672481
        },
        "2009-02": {
            "month": "2009-02",
            "price": "26.11",
            "revenue": 32801865
        },
        "2009-03": {
            "month": "2009-03",
            "price": "31.84",
            "revenue": 46049492
        },
        "2009-04": {
            "month": "2009-04",
            "price": "39.73",
            "revenue": 40715772
        },
        "2009-05": {
            "month": "2009-05",
            "price": "46.83",
            "revenue": 38727700
        },
        "2009-06": {
            "month": "2009-06",
            "price": "52.03",
            "revenue": 48173730
        },
        "2009-07": {
            "month": "2009-07",
            "price": "62.83",
            "revenue": 48527917
        },
        "2009-08": {
            "month": "2009-08",
            "price": "58.87",
            "revenue": 45005730
        },
        "2009-09": {
            "month": "2009-09",
            "price": "61.93",
            "revenue": 52512981
        },
        "2009-10": {
            "month": "2009-10",
            "price": "58.85",
            "revenue": 53239807
        },
        "2009-11": {
            "month": "2009-11",
            "price": "59.57",
            "revenue": 51488076
        },
        "2009-12": {
            "month": "2009-12",
            "price": "58.50",
            "revenue": 55585035
        },
        "2010-01": {
            "month": "2010-01",
            "price": "63.14",
            "revenue": 46256066
        },
        "2010-02": {
            "month": "2010-02",
            "price": "57.98",
            "revenue": 42835777
        },
        "2010-03": {
            "month": "2010-03",
            "price": "57.89",
            "revenue": 54263029
        },
        "2010-04": {
            "month": "2010-04",
            "price": "59.09",
            "revenue": 44013509
        },
        "2010-05": {
            "month": "2010-05",
            "price": "54.39",
            "revenue": 48610771
        },
        "2010-06": {
            "month": "2010-06",
            "price": "50.81",
            "revenue": 56181348
        },
        "2010-07": {
            "month": "2010-07",
            "price": "53.66",
            "revenue": 48973810
        },
        "2010-08": {
            "month": "2010-08",
            "price": "51.42",
            "revenue": 51210701
        },
        "2010-09": {
            "month": "2010-09",
            "price": "53.22",
            "revenue": 62067570
        },
        "2010-10": {
            "month": "2010-10",
            "price": "56.98",
            "revenue": 52911655
        },
        "2010-11": {
            "month": "2010-11",
            "price": "61.62",
            "revenue": 53236112
        },
        "2010-12": {
            "month": "2010-12",
            "price": "60.20",
            "revenue": 54156134
        },
        "2011-01": {
            "month": "2011-01",
            "price": "58.13",
            "revenue": 45576033
        },
        "2011-02": {
            "month": "2011-02",
            "price": "53.28",
            "revenue": 36697586
        },
        "2011-03": {
            "month": "2011-03",
            "price": "50.56",
            "revenue": 55011350
        },
        "2011-04": {
            "month": "2011-04",
            "price": "46.70",
            "revenue": 48782181
        },
        "2011-05": {
            "month": "2011-05",
            "price": "50.65",
            "revenue": 52144240
        },
        "2011-06": {
            "month": "2011-06",
            "price": "52.12",
            "revenue": 58279980
        },
        "2011-07": {
            "month": "2011-07",
            "price": "49.27",
            "revenue": 51557526
        },
        "2011-08": {
            "month": "2011-08",
            "price": "39.91",
            "revenue": 51740105
        },
        "2011-09": {
            "month": "2011-09",
            "price": "34.44",
            "revenue": 63321582
        },
        "2011-10": {
            "month": "2011-10",
            "price": "36.13",
            "revenue": 62768416
        },
        "2011-11": {
            "month": "2011-11",
            "price": "36.12",
            "revenue": 66097832
        },
        "2011-12": {
            "month": "2011-12",
            "price": "38.21",
            "revenue": 66265265
        },
        "2012-01": {
            "month": "2012-01",
            "price": "41.13",
            "revenue": 51483456
        },
        "2012-02": {
            "month": "2012-02",
            "price": "46.72",
            "revenue": 56943668
        },
        "2012-03": {
            "month": "2012-03",
            "price": "46.81",
            "revenue": 68543896
        },
        "2012-04": {
            "month": "2012-04",
            "price": "43.15",
            "revenue": 52140746
        },
        "2012-05": {
            "month": "2012-05",
            "price": "41.35",
            "revenue": 48328162
        },
        "2012-06": {
            "month": "2012-06",
            "price": "37.43",
            "revenue": 58364964
        },
        "2012-07": {
            "month": "2012-07",
            "price": "35.68",
            "revenue": 48837320
        },
        "2012-08": {
            "month": "2012-08",
            "price": "33.12",
            "revenue": 46062191
        },
        "2012-09": {
            "month": "2012-09",
            "price": "34.47",
            "revenue": 58417717
        },
        "2012-10": {
            "month": "2012-10",
            "price": "31.14",
            "revenue": 55429246
        },
        "2012-11": {
            "month": "2012-11",
            "price": "29.18",
            "revenue": 57869846
        },
        "2012-12": {
            "month": "2012-12",
            "price": "30.47",
            "revenue": 55408802
        },
        "2013-01": {
            "month": "2013-01",
            "price": "32.37",
            "revenue": 52952489
        },
        "2013-02": {
            "month": "2013-02",
            "price": "33.64",
            "revenue": 44414708
        },
        "2013-03": {
            "month": "2013-03",
            "price": "33.32",
            "revenue": 60880629
        },
        "2013-04": {
            "month": "2013-04",
            "price": "30.13",
            "revenue": 50621087
        },
        "2013-05": {
            "month": "2013-05",
            "price": "29.78",
            "revenue": 58663303
        },
        "2013-06": {
            "month": "2013-06",
            "price": "30.06",
            "revenue": 53437072
        },
        "2013-07": {
            "month": "2013-07",
            "price": "28.38",
            "revenue": 48616662
        },
        "2013-08": {
            "month": "2013-08",
            "price": "25.66",
            "revenue": 52823090
        },
        "2013-09": {
            "month": "2013-09",
            "price": "29.97",
            "revenue": 58583448
        },
        "2013-10": {
            "month": "2013-10",
            "price": "27.81",
            "revenue": 45601972
        },
        "2013-11": {
            "month": "2013-11",
            "price": "25.88",
            "revenue": 49321360
        },
        "2013-12": {
            "month": "2013-12",
            "price": "25.41",
            "revenue": 48242135
        },
        "2014-01": {
            "month": "2014-01",
            "price": "25.20",
            "revenue": 39036241
        },
        "2014-02": {
            "month": "2014-02",
            "price": "24.91",
            "revenue": 35610453
        },
        "2014-03": {
            "month": "2014-03",
            "price": "24.96",
            "revenue": 51170227
        },
        "2014-04": {
            "month": "2014-04",
            "price": "25.67",
            "revenue": 42832955
        },
        "2014-05": {
            "month": "2014-05",
            "price": "25.21",
            "revenue": 43831932
        },
        "2014-06": {
            "month": "2014-06",
            "price": "27.23",
            "revenue": 49169272
        },
        "2014-07": {
            "month": "2014-07",
            "price": "29.68",
            "revenue": 46345216
        },
        "2014-08": {
            "month": "2014-08",
            "price": "31.86",
            "revenue": 48010861
        },
        "2014-09": {
            "month": "2014-09",
            "price": "32.80",
            "revenue": 61449399
        },
        "2014-10": {
            "month": "2014-10",
            "price": "31.21",
            "revenue": 57771090
        },
        "2014-11": {
            "month": "2014-11",
            "price": "28.61",
            "revenue": 56358026
        },
        "2014-12": {
            "month": "2014-12",
            "price": "28.27",
            "revenue": 60404040
        },
        "2015-01": {
            "month": "2015-01",
            "price": "29.42",
            "revenue": 49326538
        },
        "2015-02": {
            "month": "2015-02",
            "price": "28.92",
            "revenue": 44900970
        },
        "2015-03": {
            "month": "2015-03",
            "price": "28.08",
            "revenue": 56399361
        },
        "2015-04": {
            "month": "2015-04",
            "price": "26.72",
            "revenue": 46991211
        },
        "2015-05": {
            "month": "2015-05",
            "price": "25.18",
            "revenue": 44878688
        },
        "2015-06": {
            "month": "2015-06",
            "price": "23.18",
            "revenue": 54068127
        },
        "2015-07": {
            "month": "2015-07",
            "price": "22.37",
            "revenue": 44814798
        },
        "2015-08": {
            "month": "2015-08",
            "price": "15.69",
            "revenue": 47041149
        },
        "2015-09": {
            "month": "2015-09",
            "price": "17.22",
            "revenue": 60773336
        },
        "2015-10": {
            "month": "2015-10",
            "price": "17.58",
            "revenue": 56835489
        },
        "2015-11": {
            "month": "2015-11",
            "price": "16.32",
            "revenue": 58918556
        },
        "2015-12": {
            "month": "2015-12",
            "price": "18.79",
            "revenue": 58327743
        },
        "2016-01": {
            "month": "2016-01",
            "price": "17.40",
            "revenue": 41213071
        },
        "2016-02": {
            "month": "2016-02",
            "price": "18.95",
            "revenue": 40338300
        },
        "2016-03": {
            "month": "2016-03",
            "price": "20.75",
            "revenue": 53144233
        },
        "2016-04": {
            "month": "2016-04",
            "price": "19.17",
            "revenue": 44445888
        },
        "2016-05": {
            "month": "2016-05",
            "price": "18.90",
            "revenue": 48134376
        },
        "2016-06": {
            "month": "2016-06",
            "price": "21.47",
            "revenue": 54046891
        },
        "2016-07": {
            "month": "2016-07",
            "price": "24.20",
            "revenue": 47539586
        },
        "2016-08": {
            "month": "2016-08",
            "price": "22.62",
            "revenue": 58481376
        },
        "2016-09": {
            "month": "2016-09",
            "price": "22.70",
            "revenue": 62517259
        },
        "2016-10": {
            "month": "2016-10",
            "price": "23.56",
            "revenue": 65633171
        },
        "2016-11": {
            "month": "2016-11",
            "price": "23.06",
            "revenue": 74127823
        },
        "2016-12": {
            "month": "2016-12",
            "price": "23.36",
            "revenue": 69798001
        },
        "2017-01": {
            "month": "2017-01",
            "price": "26.01",
            "revenue": 54691307
        },
        "2017-02": {
            "month": "2017-02",
            "price": "26.42",
            "revenue": 49416274
        },
        "2017-03": {
            "month": "2017-03",
            "price": "26.85",
            "revenue": 64300531
        },
        "2017-04": {
            "month": "2017-04",
            "price": "27.99",
            "revenue": 59342643
        },
        "2017-05": {
            "month": "2017-05",
            "price": "27.71",
            "revenue": 64203771
        },
        "2017-06": {
            "month": "2017-06",
            "price": "30.21",
            "revenue": 69801770
        },
        "2017-07": {
            "month": "2017-07",
            "price": "30.50",
            "revenue": 65937433
        },
        "2017-08": {
            "month": "2017-08",
            "price": "27.65",
            "revenue": 66630136
        },
        "2017-09": {
            "month": "2017-09",
            "price": "25.73",
            "revenue": 79908743
        },
        "2017-10": {
            "month": "2017-10",
            "price": "25.17",
            "revenue": 89789752
        },
        "2017-11": {
            "month": "2017-11",
            "price": "25.00",
            "revenue": 89120886
        },
        "2017-12": {
            "month": "2017-12",
            "price": "22.89",
            "revenue": 82489731
        },
        "2018-01": {
            "month": "2018-01",
            "price": "24.00",
            "revenue": 79401240
        },
        "2018-02": {
            "month": "2018-02",
            "price": "23.74",
            "revenue": 67361724
        },
        "2018-03": {
            "month": "2018-03",
            "price": "25.52",
            "revenue": 70289961
        },
        "2018-04": {
            "month": "2018-04",
            "price": "23.89",
            "revenue": 57761491
        },
        "2018-05": {
            "month": "2018-05",
            "price": "23.36",
            "revenue": 64571114
        },
        "2018-06": {
            "month": "2018-06",
            "price": "23.05",
            "revenue": 67015115
        },
        "2018-07": {
            "month": "2018-07",
            "price": "22.71",
            "revenue": 66355278
        },
        "2018-08": {
            "month": "2018-08",
            "price": "21.78",
            "revenue": 73777703
        },
        "2018-09": {
            "month": "2018-09",
            "price": "20.40",
            "revenue": 87643498
        },
        "2018-10": {
            "month": "2018-10",
            "price": "18.22",
            "revenue": 91635405
        },
        "2018-11": {
            "month": "2018-11",
            "price": "19.02",
            "revenue": 77015185
        },
        "2018-12": {
            "month": "2018-12",
            "price": "19.08",
            "revenue": 86434425
        },
        "2019-01": {
            "month": "2019-01",
            "price": "19.85",
            "revenue": 75735545
        },
        "2019-02": {
            "month": "2019-02",
            "price": "21.19",
            "revenue": 56850489
        },
        "2019-03": {
            "month": "2019-03",
            "price": "21.67",
            "revenue": 73627766
        },
        "2019-04": {
            "month": "2019-04",
            "price": "25.17",
            "revenue": 63549753
        },
        "2019-05": {
            "month": "2019-05",
            "price": "23.72",
            "revenue": 64472541
        },
        "2019-06": {
            "month": "2019-06",
            "price": "23.66",
            "revenue": 77517579
        },
        "2019-07": {
            "month": "2019-07",
            "price": "24.35",
            "revenue": 66598310
        },
        "2019-08": {
            "month": "2019-08",
            "price": "23.60",
            "revenue": 70065885
        },
        "2019-09": {
            "month": "2019-09",
            "price": "25.17",
            "revenue": 79625642
        },
        "2019-10": {
            "month": "2019-10",
            "price": "26.66",
            "revenue": 79900519
        },
        "2019-11": {
            "month": "2019-11",
            "price": "28.44",
            "revenue": 84176262
        },
        "2019-12": {
            "month": "2019-12",
            "price": "29.15",
            "revenue": 86134836
        },
        "2020-01": {
            "month": "2020-01",
            "price": "28.49",
            "revenue": 60489120
        },
        "2020-02": {
            "month": "2020-02",
            "price": "27.82",
            "revenue": 44862598
        },
        "2020-03": {
            "month": "2020-03",
            "price": "23.52",
            "revenue": 68332849
        },
        "2020-04": {
            "month": "2020-04",
            "price": "25.97",
            "revenue": 66875475
        },
        "2020-05": {
            "month": "2020-05",
            "price": "28.02",
            "revenue": 75316883
        },
        "2020-06": {
            "month": "2020-06",
            "price": "32.16",
            "revenue": 79001974
        },
        "2020-07": {
            "month": "2020-07",
            "price": "34.70",
            "revenue": 78466276
        },
        "2020-08": {
            "month": "2020-08",
            "price": "33.68",
            "revenue": 70012025
        },
        "2020-09": {
            "month": "2020-09",
            "price": "30.23",
            "revenue": 69115242
        },
        "2020-10": {
            "month": "2020-10",
            "price": "29.02",
            "revenue": 72192665
        },
        "2020-11": {
            "month": "2020-11",
            "price": "29.73",
            "revenue": 86817870
        },
        "2020-12": {
            "month": "2020-12",
            "price": "30.94",
            "revenue": 73527923
        },
        "2021-01": {
            "month": "2021-01",
            "price": "30.94",
            "revenue": 58569401
        },
        "2021-02": {
            "month": "2021-02",
            "price": "31.27",
            "revenue": 49477754
        },
        "2021-03": {
            "month": "2021-03",
            "price": "32.83",
            "revenue": 69092011
        },
        "2021-04": {
            "month": "2021-04",
            "price": "33.04",
            "revenue": 68220509
        },
        "2021-05": {
            "month": "2021-05",
            "price": "30.00",
            "revenue": 60974386
        },
        "2021-06": {
            "month": "2021-06",
            "price": "30.65",
            "revenue": 71903891
        },
        "2021-07": {
            "month": "2021-07",
            "price": "30.67",
            "revenue": 67521122
        },
        "2021-08": {
            "month": "2021-08",
            "price": "27.25",
            "revenue": 70278501
        },
        "2021-09": {
            "month": "2021-09",
            "price": "27.47",
            "revenue": 82592571
        },
        "2021-10": {
            "month": "2021-10",
            "price": "28.56",
            "revenue": 80238095
        },
        "2021-11": {
            "month": "2021-11",
            "price": "29.08",
            "revenue": 86203518
        },
        "2021-12": {
            "month": "2021-12",
            "price": "29.11",
            "revenue": 96078329
        },
        "2022-01": {
            "month": "2022-01",
            "price": "30.08",
            "revenue": 66957794
        },
        "2022-02": {
            "month": "2022-02",
            "price": "30.59",
            "revenue": 64629461
        },
        "2022-03": {
            "month": "2022-03",
            "price": "29.56",
            "revenue": 94858526
        },
        "2022-04": {
            "month": "2022-04",
            "price": "29.12",
            "revenue": 68352110
        },
        "2022-05": {
            "month": "2022-05",
            "price": "27.86",
            "revenue": 74337356
        },
        "2022-06": {
            "month": "2022-06",
            "price": "28.48",
            "revenue": 101526536
        },
        "2022-07": {
            "month": "2022-07",
            "price": "24.99",
            "revenue": 79684558
        },
        "2022-08": {
            "month": "2022-08",
            "price": "27.76",
            "revenue": 76876839
        },
        "2022-09": {
            "month": "2022-09",
            "price": "27.23",
            "revenue": 93541711
        },
        "2022-10": {
            "month": "2022-10",
            "price": "26.39",
            "revenue": 78600200
        },
        "2022-11": {
            "month": "2022-11",
            "price": "27.14",
            "revenue": 88603854
        },
        "2022-12": {
            "month": "2022-12",
            "price": "28.98",
            "revenue": 96428739
        },
        "2023-01": {
            "month": "2023-01",
            "price": "30.09",
            "revenue": 54967408
        },
        "2023-02": {
            "month": "2023-02",
            "price": "31.83",
            "revenue": 62066820
        },
        "2023-03": {
            "month": "2023-03",
            "price": "36.13",
            "revenue": 94965979
        },
        "2023-04": {
            "month": "2023-04",
            "price": "44.32",
            "revenue": 62125793
        },
        "2023-05": {
            "month": "2023-05",
            "price": "53.80",
            "revenue": 63328331
        }
    }
}
