{
    "summary": {
        "stock_name": "昱捷",
        "stock_id": "3232",
        "category": "電子通路",
        "main_business": "電子材料零售業<br>電子材料批發業<br>電子資訊供應服務業",
        "website_url": "http://www.sentronic.com.tw",
        "ceo": "蔡棟國",
        "pe_ratio": 45,
        "report_year_from": 2001,
        "report_year_to": 2023,
        "age": 23,
        "eps_negative_percentage": 24,
        "eps_growth_avg": {
            "last_all": -7.08,
            "last_2y": 18.77,
            "last_4y": 5.61,
            "last_8y": -22.49,
            "last_12y": -7.27,
            "last_16y": -8.17,
            "last_20y": null,
            "at_2006_last_3y": null,
            "at_2007_last_3y": 24.56,
            "at_2008_last_3y": -42.11,
            "at_2009_last_3y": -13.16,
            "at_2010_last_3y": -13.16,
            "at_2011_last_3y": -100,
            "at_2012_last_3y": -100,
            "at_2013_last_3y": 0,
            "at_2014_last_3y": 33.33,
            "at_2015_last_3y": 35.16,
            "at_2016_last_3y": 1.37,
            "at_2017_last_3y": -31.51,
            "at_2018_last_3y": -69.32,
            "at_2019_last_3y": -53.9,
            "at_2020_last_3y": -13.9,
            "at_2021_last_3y": 14.57,
            "at_2022_last_3y": 4.38,
            "at_2023_last_3y": 19.08,
            "at_2024_last_3y": 19.08,
            "at_2006_last_all": 0,
            "at_2007_last_all": 24.56,
            "at_2008_last_all": -6.58,
            "at_2009_last_all": -6.58,
            "at_2010_last_all": -6.58,
            "at_2011_last_all": -25.26,
            "at_2012_last_all": -25.26,
            "at_2013_last_all": -4.39,
            "at_2014_last_all": 10.53,
            "at_2015_last_all": -2.61,
            "at_2016_last_all": -13.43,
            "at_2017_last_all": -13.43,
            "at_2018_last_all": -13.43,
            "at_2019_last_all": -16.6,
            "at_2020_last_all": -13.55,
            "at_2021_last_all": -4.81,
            "at_2022_last_all": -8.34,
            "at_2023_last_all": -7.08,
            "at_2024_last_all": -7.08
        },
        "latest_eps": 0.51,
        "latest_price": 22.75,
        "latest_roe": 3.94,
        "latest_gross_margin": 7.72,
        "latest_equity": 706817,
        "latest_revenue": 413148,
        "latest_gross_profit": 31898,
        "latest_net_income": 3793,
        "latest_debt_ratio": 44.81,
        "latest_current_ratio": 231.28,
        "latest_account_receivable_turnover_ratio": 1,
        "latest_inventory_turnover_ratio": 1.58,
        "latest_reinvestment_rate": 80.03,
        "latest_research_to_sale_ratio": 1.44
    },
    "eps_dividends": {
        "2001": {
            "cash": 0,
            "stock": 0,
            "eps": 0
        },
        "2002": {
            "cash": 0,
            "stock": 1,
            "eps": 0
        },
        "2003": {
            "cash": 0,
            "stock": 1,
            "eps": 0.01
        },
        "2004": {
            "cash": 1,
            "stock": 1,
            "eps": 0.66
        },
        "2005": {
            "cash": 0.5,
            "stock": 0.5,
            "eps": -0.61
        },
        "2006": {
            "cash": 0,
            "stock": 0,
            "eps": 0.19
        },
        "2007": {
            "cash": 0.09,
            "stock": 0.09,
            "eps": 0.33
        },
        "2008": {
            "cash": 0.1,
            "stock": 0.1,
            "eps": -2.19
        },
        "2009": {
            "cash": 0,
            "stock": 0,
            "eps": -1.15
        },
        "2010": {
            "cash": 0,
            "stock": 0,
            "eps": 1.92
        },
        "2011": {
            "cash": 0,
            "stock": 0,
            "eps": -0.48
        },
        "2012": {
            "cash": 0,
            "stock": 0,
            "eps": 0.01
        },
        "2013": {
            "cash": 0,
            "stock": 0,
            "eps": 0.9
        },
        "2014": {
            "cash": 0.4,
            "stock": 0,
            "eps": 2.74
        },
        "2015": {
            "cash": 1.5,
            "stock": 0,
            "eps": 0.15
        },
        "2016": {
            "cash": 0.4,
            "stock": 0,
            "eps": -1.35
        },
        "2017": {
            "cash": 0,
            "stock": 0,
            "eps": 0.67
        },
        "2018": {
            "cash": 0.1,
            "stock": 0,
            "eps": 0.58
        },
        "2019": {
            "cash": 0.2,
            "stock": 0,
            "eps": 0.3
        },
        "2020": {
            "cash": 0.3,
            "stock": 0,
            "eps": 0.36
        },
        "2021": {
            "cash": 0.3,
            "stock": 0,
            "eps": 0.83
        },
        "2022": {
            "cash": 0.5,
            "stock": 0,
            "eps": 0.38
        },
        "2023": {
            "cash": 0.5,
            "stock": 0,
            "eps": 0.42
        }
    },
    "dividends": {
        "2002-04-24": {
            "cash": 0,
            "stock": 1
        },
        "2003-06-25": {
            "cash": 0,
            "stock": 1
        },
        "2004-05-31": {
            "cash": 1,
            "stock": 1
        },
        "2005-04-13": {
            "cash": 0.5,
            "stock": 0.5
        },
        "2007-04-23": {
            "cash": 0.09,
            "stock": 0.09
        },
        "2008-04-28": {
            "cash": 0.1,
            "stock": 0.1
        },
        "2014-06-06": {
            "cash": 0.4,
            "stock": 0
        },
        "2015-08-12": {
            "cash": 1.5,
            "stock": 0
        },
        "2016-08-02": {
            "cash": 0.4,
            "stock": 0
        },
        "2018-08-02": {
            "cash": 0.1,
            "stock": 0
        },
        "2019-08-30": {
            "cash": 0.2,
            "stock": 0
        },
        "2020-08-20": {
            "cash": 0.3,
            "stock": 0
        },
        "2021-09-29": {
            "cash": 0.3,
            "stock": 0
        },
        "2022-09-15": {
            "cash": 0.5,
            "stock": 0
        },
        "2023-09-15": {
            "cash": 0.5,
            "stock": 0
        }
    },
    "prices": {
        "200101": "無",
        "200102": "無",
        "200103": "無",
        "200104": "無",
        "200105": "無",
        "200106": "無",
        "200107": "無",
        "200108": "無",
        "200109": "無",
        "200110": "無",
        "200111": "無",
        "200112": "無",
        "200201": "無",
        "200202": "無",
        "200203": "無",
        "200204": "無",
        "200205": "無",
        "200206": "無",
        "200207": "無",
        "200208": "無",
        "200209": "無",
        "200210": "無",
        "200211": "無",
        "200212": "無",
        "200301": "無",
        "200302": "無",
        "200303": "無",
        "200304": "無",
        "200305": "無",
        "200306": "無",
        "200307": "無",
        "200308": "無",
        "200309": "無",
        "200310": "無",
        "200311": "無",
        "200312": "無",
        "200401": "28.00",
        "200402": "26.25",
        "200403": "23.17",
        "200404": "33.59",
        "200405": "37.86",
        "200406": "35.14",
        "200407": "35.25",
        "200408": "29.82",
        "200409": "23.91",
        "200410": "20.15",
        "200411": "13.39",
        "200412": "12.67",
        "200501": "12.22",
        "200502": "12.41",
        "200503": "13.19",
        "200504": "12.82",
        "200505": "12.71",
        "200506": "12.52",
        "200507": "12.78",
        "200508": "11.72",
        "200509": "10.75",
        "200510": "10.72",
        "200511": "10.12",
        "200512": "9.85",
        "200601": "10.28",
        "200602": "9.88",
        "200603": "9.67",
        "200604": "9.83",
        "200605": "12.24",
        "200606": "12.37",
        "200607": "12.00",
        "200608": "11.37",
        "200609": "12.13",
        "200610": "11.27",
        "200611": "11.09",
        "200612": "12.79",
        "200701": "11.98",
        "200702": "11.32",
        "200703": "11.00",
        "200704": "12.78",
        "200705": "13.77",
        "200706": "14.42",
        "200707": "14.93",
        "200708": "16.69",
        "200709": "17.01",
        "200710": "16.53",
        "200711": "13.50",
        "200712": "13.36",
        "200801": "13.37",
        "200802": "14.52",
        "200803": "14.42",
        "200804": "14.16",
        "200805": "13.03",
        "200806": "13.41",
        "200807": "12.38",
        "200808": "11.13",
        "200809": "10.47",
        "200810": "8.93",
        "200811": "7.62",
        "200812": "8.59",
        "200901": "6.49",
        "200902": "6.82",
        "200903": "7.12",
        "200904": "8.02",
        "200905": "8.95",
        "200906": "7.14",
        "200907": "6.92",
        "200908": "7.88",
        "200909": "8.02",
        "200910": "9.74",
        "200911": "10.15",
        "200912": "10.21",
        "201001": "10.87",
        "201002": "10.92",
        "201003": "12.61",
        "201004": "13.00",
        "201005": "15.88",
        "201006": "14.48",
        "201007": "15.82",
        "201008": "18.20",
        "201009": "19.22",
        "201010": "15.52",
        "201011": "17.26",
        "201012": "22.38",
        "201101": "22.13",
        "201102": "22.91",
        "201103": "22.15",
        "201104": "21.01",
        "201105": "17.78",
        "201106": "16.92",
        "201107": "14.67",
        "201108": "11.82",
        "201109": "11.15",
        "201110": "11.08",
        "201111": "10.02",
        "201112": "7.42",
        "201201": "7.22",
        "201202": "9.41",
        "201203": "9.17",
        "201204": "8.21",
        "201205": "9.36",
        "201206": "15.31",
        "201207": "14.95",
        "201208": "15.71",
        "201209": "14.18",
        "201210": "12.10",
        "201211": "10.52",
        "201212": "10.89",
        "201301": "12.19",
        "201302": "12.97",
        "201303": "13.81",
        "201304": "12.80",
        "201305": "11.48",
        "201306": "10.75",
        "201307": "10.74",
        "201308": "10.89",
        "201309": "11.72",
        "201310": "11.28",
        "201311": "10.39",
        "201312": "10.97",
        "201401": "17.76",
        "201402": "32.03",
        "201403": "46.12",
        "201404": "49.69",
        "201405": "46.91",
        "201406": "52.44",
        "201407": "62.04",
        "201408": "60.15",
        "201409": "74.27",
        "201410": "73.37",
        "201411": "64.88",
        "201412": "61.75",
        "201501": "55.44",
        "201502": "55.81",
        "201503": "55.70",
        "201504": "49.64",
        "201505": "45.64",
        "201506": "38.52",
        "201507": "32.18",
        "201508": "27.44",
        "201509": "23.50",
        "201510": "23.59",
        "201511": "30.10",
        "201512": "28.03",
        "201601": "25.87",
        "201602": "23.52",
        "201603": "24.33",
        "201604": "19.59",
        "201605": "16.85",
        "201606": "23.84",
        "201607": "23.16",
        "201608": "21.55",
        "201609": "19.15",
        "201610": "20.44",
        "201611": "17.87",
        "201612": "19.77",
        "201701": "19.45",
        "201702": "19.92",
        "201703": "19.13",
        "201704": "18.19",
        "201705": "21.42",
        "201706": "22.88",
        "201707": "22.12",
        "201708": "25.58",
        "201709": "28.01",
        "201710": "39.40",
        "201711": "37.39",
        "201712": "31.04",
        "201801": "30.81",
        "201802": "29.18",
        "201803": "28.00",
        "201804": "26.84",
        "201805": "24.97",
        "201806": "26.32",
        "201807": "24.40",
        "201808": "23.08",
        "201809": "24.04",
        "201810": "19.46",
        "201811": "17.72",
        "201812": "18.48",
        "201901": "18.51",
        "201902": "18.32",
        "201903": "18.53",
        "201904": "19.58",
        "201905": "18.04",
        "201906": "17.82",
        "201907": "17.02",
        "201908": "15.50",
        "201909": "15.51",
        "201910": "15.44",
        "201911": "15.58",
        "201912": "15.22",
        "202001": "16.04",
        "202002": "18.74",
        "202003": "16.22",
        "202004": "17.50",
        "202005": "20.41",
        "202006": "19.22",
        "202007": "17.88",
        "202008": "16.98",
        "202009": "18.99",
        "202010": "19.46",
        "202011": "17.39",
        "202012": "16.60",
        "202101": "15.26",
        "202102": "14.99",
        "202103": "15.51",
        "202104": "19.55",
        "202105": "22.78",
        "202106": "21.43",
        "202107": "20.57",
        "202108": "20.05",
        "202109": "30.26",
        "202110": "34.71",
        "202111": "28.49",
        "202112": "28.02",
        "202201": "31.36",
        "202202": "27.62",
        "202203": "27.83",
        "202204": "31.93",
        "202205": "33.70",
        "202206": "29.37",
        "202207": "26.73",
        "202208": "28.92",
        "202209": "32.06",
        "202210": "29.10",
        "202211": "32.15",
        "202212": "32.45",
        "202301": "30.67",
        "202302": "30.22",
        "202303": "29.97",
        "202304": "29.33",
        "202305": "29.13",
        "202306": "27.11",
        "202307": "26.10",
        "202308": "23.98",
        "202309": "24.50",
        "202310": "23.07",
        "202311": "22.62",
        "202312": "23.25"
    },
    "quarters": {
        "20011": {
            "year_quarter": 20011,
            "year": 2001,
            "quarter": 1,
            "eps": null,
            "eps_growth_year": null,
            "eps_4q": null,
            "eps_4q_growth_year": null,
            "roe": null,
            "roe_4q": 0,
            "gross_profit": null,
            "gross_margin": null,
            "gross_margin_4q_avg": 0,
            "net_income": null,
            "net_income_4q": null,
            "revenue": null,
            "revenue_4q": null,
            "common_shares": null,
            "book_valuer_per_share": null,
            "book_valuer_per_share_4q_avg": 0,
            "equity": null,
            "current_ratio": null,
            "debt_ratio": null,
            "inventory_turnover_ratio": null,
            "account_receivable_turnover_ratio": null,
            "reinvestment_rate": null,
            "research_to_sale_ratio": null,
            "price_fair": 0,
            "eps_avg_yearly": 0,
            "eps_latest_yearly": 0,
            "eps_growth_yearly": 0
        },
        "20012": {
            "year_quarter": 20012,
            "year": 2001,
            "quarter": 2,
            "eps": null,
            "eps_growth_year": null,
            "eps_4q": null,
            "eps_4q_growth_year": null,
            "roe": null,
            "roe_4q": 0,
            "gross_profit": null,
            "gross_margin": null,
            "gross_margin_4q_avg": 0,
            "net_income": null,
            "net_income_4q": null,
            "revenue": null,
            "revenue_4q": null,
            "common_shares": null,
            "book_valuer_per_share": null,
            "book_valuer_per_share_4q_avg": 0,
            "equity": null,
            "current_ratio": null,
            "debt_ratio": null,
            "inventory_turnover_ratio": null,
            "account_receivable_turnover_ratio": null,
            "reinvestment_rate": null,
            "research_to_sale_ratio": null,
            "price_fair": 0,
            "eps_avg_yearly": 0,
            "eps_latest_yearly": 0,
            "eps_growth_yearly": 0
        },
        "20013": {
            "year_quarter": 20013,
            "year": 2001,
            "quarter": 3,
            "eps": null,
            "eps_growth_year": null,
            "eps_4q": null,
            "eps_4q_growth_year": null,
            "roe": null,
            "roe_4q": 0,
            "gross_profit": null,
            "gross_margin": null,
            "gross_margin_4q_avg": 0,
            "net_income": null,
            "net_income_4q": null,
            "revenue": null,
            "revenue_4q": null,
            "common_shares": null,
            "book_valuer_per_share": null,
            "book_valuer_per_share_4q_avg": 0,
            "equity": null,
            "current_ratio": null,
            "debt_ratio": null,
            "inventory_turnover_ratio": null,
            "account_receivable_turnover_ratio": null,
            "reinvestment_rate": null,
            "research_to_sale_ratio": null,
            "price_fair": 0,
            "eps_avg_yearly": 0,
            "eps_latest_yearly": 0,
            "eps_growth_yearly": 0
        },
        "20014": {
            "year_quarter": 20014,
            "year": 2001,
            "quarter": 4,
            "eps": null,
            "eps_growth_year": null,
            "eps_4q": null,
            "eps_4q_growth_year": null,
            "roe": null,
            "roe_4q": 0,
            "gross_profit": null,
            "gross_margin": null,
            "gross_margin_4q_avg": 0,
            "net_income": null,
            "net_income_4q": null,
            "revenue": null,
            "revenue_4q": null,
            "common_shares": 122600,
            "book_valuer_per_share": 13.12,
            "book_valuer_per_share_4q_avg": 3.28,
            "equity": 160825,
            "current_ratio": 215.2,
            "debt_ratio": 45.6,
            "inventory_turnover_ratio": null,
            "account_receivable_turnover_ratio": null,
            "reinvestment_rate": null,
            "research_to_sale_ratio": null,
            "price_fair": 0,
            "eps_avg_yearly": 0,
            "eps_latest_yearly": 0,
            "eps_growth_yearly": 0
        },
        "20021": {
            "year_quarter": 20021,
            "year": 2002,
            "quarter": 1,
            "eps": null,
            "eps_growth_year": null,
            "eps_4q": null,
            "eps_4q_growth_year": null,
            "roe": null,
            "roe_4q": 0,
            "gross_profit": null,
            "gross_margin": null,
            "gross_margin_4q_avg": 0,
            "net_income": null,
            "net_income_4q": null,
            "revenue": null,
            "revenue_4q": null,
            "common_shares": null,
            "book_valuer_per_share": null,
            "book_valuer_per_share_4q_avg": 3.28,
            "equity": null,
            "current_ratio": null,
            "debt_ratio": null,
            "inventory_turnover_ratio": null,
            "account_receivable_turnover_ratio": null,
            "reinvestment_rate": null,
            "research_to_sale_ratio": null,
            "price_fair": 0,
            "eps_avg_yearly": 0,
            "eps_latest_yearly": 0,
            "eps_growth_yearly": 0
        },
        "20022": {
            "year_quarter": 20022,
            "year": 2002,
            "quarter": 2,
            "eps": null,
            "eps_growth_year": null,
            "eps_4q": null,
            "eps_4q_growth_year": null,
            "roe": null,
            "roe_4q": 0,
            "gross_profit": null,
            "gross_margin": null,
            "gross_margin_4q_avg": 0,
            "net_income": null,
            "net_income_4q": null,
            "revenue": null,
            "revenue_4q": null,
            "common_shares": null,
            "book_valuer_per_share": null,
            "book_valuer_per_share_4q_avg": 3.28,
            "equity": null,
            "current_ratio": null,
            "debt_ratio": null,
            "inventory_turnover_ratio": null,
            "account_receivable_turnover_ratio": null,
            "reinvestment_rate": null,
            "research_to_sale_ratio": null,
            "price_fair": 0,
            "eps_avg_yearly": 0,
            "eps_latest_yearly": 0,
            "eps_growth_yearly": 0
        },
        "20023": {
            "year_quarter": 20023,
            "year": 2002,
            "quarter": 3,
            "eps": null,
            "eps_growth_year": null,
            "eps_4q": null,
            "eps_4q_growth_year": null,
            "roe": null,
            "roe_4q": 0,
            "gross_profit": null,
            "gross_margin": null,
            "gross_margin_4q_avg": 0,
            "net_income": null,
            "net_income_4q": null,
            "revenue": null,
            "revenue_4q": null,
            "common_shares": null,
            "book_valuer_per_share": null,
            "book_valuer_per_share_4q_avg": 3.28,
            "equity": null,
            "current_ratio": null,
            "debt_ratio": null,
            "inventory_turnover_ratio": null,
            "account_receivable_turnover_ratio": null,
            "reinvestment_rate": null,
            "research_to_sale_ratio": null,
            "price_fair": 0,
            "eps_avg_yearly": 0,
            "eps_latest_yearly": 0,
            "eps_growth_yearly": 0
        },
        "20024": {
            "year_quarter": 20024,
            "year": 2002,
            "quarter": 4,
            "eps": null,
            "eps_growth_year": null,
            "eps_4q": null,
            "eps_4q_growth_year": null,
            "roe": null,
            "roe_4q": 0,
            "gross_profit": null,
            "gross_margin": null,
            "gross_margin_4q_avg": 0,
            "net_income": null,
            "net_income_4q": null,
            "revenue": null,
            "revenue_4q": null,
            "common_shares": 192617,
            "book_valuer_per_share": 12.86,
            "book_valuer_per_share_4q_avg": 3.22,
            "equity": 247722,
            "current_ratio": 179.77,
            "debt_ratio": 52.07,
            "inventory_turnover_ratio": null,
            "account_receivable_turnover_ratio": null,
            "reinvestment_rate": null,
            "research_to_sale_ratio": null,
            "price_fair": 0,
            "eps_avg_yearly": 0,
            "eps_latest_yearly": 0,
            "eps_growth_yearly": 0
        },
        "20031": {
            "year_quarter": 20031,
            "year": 2003,
            "quarter": 1,
            "eps": 0.87,
            "eps_growth_year": null,
            "eps_4q": null,
            "eps_4q_growth_year": null,
            "roe": 7.2,
            "roe_4q": 7.2,
            "gross_profit": 32955,
            "gross_margin": 8.17,
            "gross_margin_4q_avg": 2.04,
            "net_income": 18491,
            "net_income_4q": null,
            "revenue": 403266,
            "revenue_4q": null,
            "common_shares": 192617,
            "book_valuer_per_share": 13.82,
            "book_valuer_per_share_4q_avg": 6.67,
            "equity": 266214,
            "current_ratio": 162.22,
            "debt_ratio": 57.38,
            "inventory_turnover_ratio": 4.15,
            "account_receivable_turnover_ratio": null,
            "reinvestment_rate": null,
            "research_to_sale_ratio": null,
            "price_fair": 0,
            "eps_avg_yearly": 0,
            "eps_latest_yearly": 0,
            "eps_growth_yearly": 0
        },
        "20032": {
            "year_quarter": 20032,
            "year": 2003,
            "quarter": 2,
            "eps": -0.86,
            "eps_growth_year": null,
            "eps_4q": null,
            "eps_4q_growth_year": null,
            "roe": -7.18,
            "roe_4q": 0.020000000000000462,
            "gross_profit": 32969,
            "gross_margin": 11.1,
            "gross_margin_4q_avg": 4.82,
            "net_income": -18429,
            "net_income_4q": null,
            "revenue": 297074,
            "revenue_4q": null,
            "common_shares": 192617,
            "book_valuer_per_share": 12.83,
            "book_valuer_per_share_4q_avg": 9.88,
            "equity": 247135,
            "current_ratio": 131.83,
            "debt_ratio": 71.15,
            "inventory_turnover_ratio": 4.25,
            "account_receivable_turnover_ratio": null,
            "reinvestment_rate": null,
            "research_to_sale_ratio": null,
            "price_fair": 0,
            "eps_avg_yearly": 0,
            "eps_latest_yearly": 0,
            "eps_growth_yearly": 0
        },
        "20033": {
            "year_quarter": 20033,
            "year": 2003,
            "quarter": 3,
            "eps": null,
            "eps_growth_year": null,
            "eps_4q": null,
            "eps_4q_growth_year": null,
            "roe": null,
            "roe_4q": 0.020000000000000462,
            "gross_profit": null,
            "gross_margin": null,
            "gross_margin_4q_avg": 4.82,
            "net_income": null,
            "net_income_4q": null,
            "revenue": null,
            "revenue_4q": null,
            "common_shares": null,
            "book_valuer_per_share": null,
            "book_valuer_per_share_4q_avg": 9.88,
            "equity": null,
            "current_ratio": null,
            "debt_ratio": null,
            "inventory_turnover_ratio": null,
            "account_receivable_turnover_ratio": null,
            "reinvestment_rate": null,
            "research_to_sale_ratio": null,
            "price_fair": 0,
            "eps_avg_yearly": 0,
            "eps_latest_yearly": 0,
            "eps_growth_yearly": 0
        },
        "20034": {
            "year_quarter": 20034,
            "year": 2003,
            "quarter": 4,
            "eps": null,
            "eps_growth_year": null,
            "eps_4q": null,
            "eps_4q_growth_year": null,
            "roe": null,
            "roe_4q": 0.020000000000000462,
            "gross_profit": null,
            "gross_margin": null,
            "gross_margin_4q_avg": 4.82,
            "net_income": null,
            "net_income_4q": null,
            "revenue": null,
            "revenue_4q": null,
            "common_shares": 233610,
            "book_valuer_per_share": 14.21,
            "book_valuer_per_share_4q_avg": 10.22,
            "equity": 332067,
            "current_ratio": 135.45,
            "debt_ratio": 70.11,
            "inventory_turnover_ratio": null,
            "account_receivable_turnover_ratio": null,
            "reinvestment_rate": null,
            "research_to_sale_ratio": null,
            "price_fair": 0,
            "eps_avg_yearly": 0,
            "eps_latest_yearly": 0,
            "eps_growth_yearly": 0
        },
        "20041": {
            "year_quarter": 20041,
            "year": 2004,
            "quarter": 1,
            "eps": 0.85,
            "eps_growth_year": -2.3,
            "eps_4q": null,
            "eps_4q_growth_year": null,
            "roe": 5.83,
            "roe_4q": -1.3499999999999996,
            "gross_profit": 49442,
            "gross_margin": 6.36,
            "gross_margin_4q_avg": 4.37,
            "net_income": 19845,
            "net_income_4q": null,
            "revenue": 776928,
            "revenue_4q": null,
            "common_shares": 233610,
            "book_valuer_per_share": 14.95,
            "book_valuer_per_share_4q_avg": 10.5,
            "equity": 349263,
            "current_ratio": 143.75,
            "debt_ratio": 65.77,
            "inventory_turnover_ratio": 5.76,
            "account_receivable_turnover_ratio": null,
            "reinvestment_rate": null,
            "research_to_sale_ratio": null,
            "price_fair": 0,
            "eps_avg_yearly": 0,
            "eps_latest_yearly": 0,
            "eps_growth_yearly": 0
        },
        "20042": {
            "year_quarter": 20042,
            "year": 2004,
            "quarter": 2,
            "eps": 0.28,
            "eps_growth_year": null,
            "eps_4q": null,
            "eps_4q_growth_year": null,
            "roe": 2.08,
            "roe_4q": 7.91,
            "gross_profit": 39601,
            "gross_margin": 5.13,
            "gross_margin_4q_avg": 2.87,
            "net_income": 7361,
            "net_income_4q": null,
            "revenue": 771810,
            "revenue_4q": null,
            "common_shares": 233610,
            "book_valuer_per_share": 15.29,
            "book_valuer_per_share_4q_avg": 11.11,
            "equity": 357163,
            "current_ratio": 148.12,
            "debt_ratio": 63.01,
            "inventory_turnover_ratio": 4.95,
            "account_receivable_turnover_ratio": null,
            "reinvestment_rate": null,
            "research_to_sale_ratio": null,
            "price_fair": 3.36,
            "eps_avg_yearly": 1.12,
            "eps_latest_yearly": 1.12,
            "eps_growth_yearly": -268.24
        },
        "20043": {
            "year_quarter": 20043,
            "year": 2004,
            "quarter": 3,
            "eps": 0.27,
            "eps_growth_year": null,
            "eps_4q": null,
            "eps_4q_growth_year": null,
            "roe": 1.93,
            "roe_4q": 9.84,
            "gross_profit": 37994,
            "gross_margin": 4.62,
            "gross_margin_4q_avg": 4.03,
            "net_income": 6973,
            "net_income_4q": null,
            "revenue": 822193,
            "revenue_4q": null,
            "common_shares": 259071,
            "book_valuer_per_share": 14.06,
            "book_valuer_per_share_4q_avg": 14.63,
            "equity": 364137,
            "current_ratio": 138.29,
            "debt_ratio": 68.16,
            "inventory_turnover_ratio": 5,
            "account_receivable_turnover_ratio": null,
            "reinvestment_rate": null,
            "research_to_sale_ratio": null,
            "price_fair": 3.3,
            "eps_avg_yearly": 1.1,
            "eps_latest_yearly": 1.08,
            "eps_growth_yearly": -141.26
        },
        "20044": {
            "year_quarter": 20044,
            "year": 2004,
            "quarter": 4,
            "eps": -0.74,
            "eps_growth_year": null,
            "eps_4q": 0.56,
            "eps_4q_growth_year": null,
            "roe": -5.15,
            "roe_4q": 4.6899999999999995,
            "gross_profit": 24014,
            "gross_margin": 2.76,
            "gross_margin_4q_avg": 4.72,
            "net_income": -19438,
            "net_income_4q": null,
            "revenue": 868583,
            "revenue_4q": null,
            "common_shares": 290138,
            "book_valuer_per_share": 13.45,
            "book_valuer_per_share_4q_avg": 14.44,
            "equity": 390109,
            "current_ratio": 161.61,
            "debt_ratio": 57.8,
            "inventory_turnover_ratio": 6.27,
            "account_receivable_turnover_ratio": null,
            "reinvestment_rate": null,
            "research_to_sale_ratio": null,
            "price_fair": 3.3,
            "eps_avg_yearly": 1.1,
            "eps_latest_yearly": 1.08,
            "eps_growth_yearly": -141.26
        },
        "20051": {
            "year_quarter": 20051,
            "year": 2005,
            "quarter": 1,
            "eps": 0.2,
            "eps_growth_year": -76.47,
            "eps_4q": 0.02,
            "eps_4q_growth_year": null,
            "roe": 1.45,
            "roe_4q": 0.30999999999999983,
            "gross_profit": 43717,
            "gross_margin": 5.48,
            "gross_margin_4q_avg": 4.5,
            "net_income": 5712,
            "net_income_4q": null,
            "revenue": 797097,
            "revenue_4q": null,
            "common_shares": 290268,
            "book_valuer_per_share": 13.63,
            "book_valuer_per_share_4q_avg": 14.11,
            "equity": 395531,
            "current_ratio": 150,
            "debt_ratio": 62.71,
            "inventory_turnover_ratio": 6.66,
            "account_receivable_turnover_ratio": null,
            "reinvestment_rate": null,
            "research_to_sale_ratio": null,
            "price_fair": 3.3,
            "eps_avg_yearly": 1.1,
            "eps_latest_yearly": 1.08,
            "eps_growth_yearly": -141.26
        },
        "20052": {
            "year_quarter": 20052,
            "year": 2005,
            "quarter": 2,
            "eps": -1.34,
            "eps_growth_year": -578.57,
            "eps_4q": -1.64,
            "eps_4q_growth_year": null,
            "roe": -11.18,
            "roe_4q": -12.950000000000001,
            "gross_profit": 41738,
            "gross_margin": 5.16,
            "gross_margin_4q_avg": 4.51,
            "net_income": -40992,
            "net_income_4q": null,
            "revenue": 808343,
            "revenue_4q": null,
            "common_shares": 290268,
            "book_valuer_per_share": 11.64,
            "book_valuer_per_share_4q_avg": 13.2,
            "equity": 338007,
            "current_ratio": 137.34,
            "debt_ratio": 67.95,
            "inventory_turnover_ratio": 6.88,
            "account_receivable_turnover_ratio": null,
            "reinvestment_rate": null,
            "research_to_sale_ratio": null,
            "price_fair": 3.3,
            "eps_avg_yearly": 1.1,
            "eps_latest_yearly": 1.08,
            "eps_growth_yearly": -141.26
        },
        "20053": {
            "year_quarter": 20053,
            "year": 2005,
            "quarter": 3,
            "eps": -0.02,
            "eps_growth_year": -107.41,
            "eps_4q": -1.81,
            "eps_4q_growth_year": null,
            "roe": -0.22,
            "roe_4q": -15.100000000000001,
            "gross_profit": 34997,
            "gross_margin": 3.5,
            "gross_margin_4q_avg": 4.23,
            "net_income": -755,
            "net_income_4q": null,
            "revenue": 998827,
            "revenue_4q": null,
            "common_shares": 306086,
            "book_valuer_per_share": 11.14,
            "book_valuer_per_share_4q_avg": 12.47,
            "equity": 341084,
            "current_ratio": 129.27,
            "debt_ratio": 72.74,
            "inventory_turnover_ratio": 10.68,
            "account_receivable_turnover_ratio": null,
            "reinvestment_rate": null,
            "research_to_sale_ratio": null,
            "price_fair": 3.3,
            "eps_avg_yearly": 1.1,
            "eps_latest_yearly": 1.08,
            "eps_growth_yearly": -141.26
        },
        "20054": {
            "year_quarter": 20054,
            "year": 2005,
            "quarter": 4,
            "eps": 0.55,
            "eps_growth_year": null,
            "eps_4q": -0.63,
            "eps_4q_growth_year": -212.95,
            "roe": 4.82,
            "roe_4q": -5.129999999999999,
            "gross_profit": 56182,
            "gross_margin": 4.59,
            "gross_margin_4q_avg": 4.68,
            "net_income": 16760,
            "net_income_4q": null,
            "revenue": 1224573,
            "revenue_4q": null,
            "common_shares": 306086,
            "book_valuer_per_share": 11.59,
            "book_valuer_per_share_4q_avg": 12,
            "equity": 354897,
            "current_ratio": 130.97,
            "debt_ratio": 75.89,
            "inventory_turnover_ratio": 8.81,
            "account_receivable_turnover_ratio": null,
            "reinvestment_rate": null,
            "research_to_sale_ratio": null,
            "price_fair": 3.3,
            "eps_avg_yearly": 1.1,
            "eps_latest_yearly": 1.08,
            "eps_growth_yearly": -141.26
        },
        "20061": {
            "year_quarter": 20061,
            "year": 2006,
            "quarter": 1,
            "eps": 0.21,
            "eps_growth_year": 5,
            "eps_4q": -0.61,
            "eps_4q_growth_year": -2976.87,
            "roe": 1.79,
            "roe_4q": -4.789999999999999,
            "gross_profit": 41760,
            "gross_margin": 4.58,
            "gross_margin_4q_avg": 4.46,
            "net_income": 6380,
            "net_income_4q": null,
            "revenue": 911717,
            "revenue_4q": null,
            "common_shares": 306086,
            "book_valuer_per_share": 11.75,
            "book_valuer_per_share_4q_avg": 11.53,
            "equity": 359614,
            "current_ratio": 128.77,
            "debt_ratio": 73.48,
            "inventory_turnover_ratio": 5.91,
            "account_receivable_turnover_ratio": null,
            "reinvestment_rate": null,
            "research_to_sale_ratio": null,
            "price_fair": 3.04,
            "eps_avg_yearly": 1.01,
            "eps_latest_yearly": 0.84,
            "eps_growth_yearly": -176.6
        },
        "20062": {
            "year_quarter": 20062,
            "year": 2006,
            "quarter": 2,
            "eps": 0.42,
            "eps_growth_year": null,
            "eps_4q": 1.15,
            "eps_4q_growth_year": null,
            "roe": 3.49,
            "roe_4q": 9.88,
            "gross_profit": 65539,
            "gross_margin": 4.85,
            "gross_margin_4q_avg": 4.38,
            "net_income": 12816,
            "net_income_4q": null,
            "revenue": 1351559,
            "revenue_4q": null,
            "common_shares": 306086,
            "book_valuer_per_share": 12.27,
            "book_valuer_per_share_4q_avg": 11.69,
            "equity": 375699,
            "current_ratio": 129.68,
            "debt_ratio": 73,
            "inventory_turnover_ratio": 9.99,
            "account_receivable_turnover_ratio": null,
            "reinvestment_rate": null,
            "research_to_sale_ratio": null,
            "price_fair": 3.54,
            "eps_avg_yearly": 1.18,
            "eps_latest_yearly": 1.68,
            "eps_growth_yearly": -32.45
        },
        "20063": {
            "year_quarter": 20063,
            "year": 2006,
            "quarter": 3,
            "eps": -0.29,
            "eps_growth_year": null,
            "eps_4q": 0.89,
            "eps_4q_growth_year": null,
            "roe": -2.36,
            "roe_4q": 7.74,
            "gross_profit": 39352,
            "gross_margin": 4.01,
            "gross_margin_4q_avg": 4.51,
            "net_income": -8783,
            "net_income_4q": null,
            "revenue": 981594,
            "revenue_4q": null,
            "common_shares": 306086,
            "book_valuer_per_share": 12.04,
            "book_valuer_per_share_4q_avg": 11.91,
            "equity": 368680,
            "current_ratio": 140.91,
            "debt_ratio": 66.83,
            "inventory_turnover_ratio": 7.85,
            "account_receivable_turnover_ratio": null,
            "reinvestment_rate": null,
            "research_to_sale_ratio": null,
            "price_fair": 3.54,
            "eps_avg_yearly": 1.18,
            "eps_latest_yearly": 1.68,
            "eps_growth_yearly": -32.45
        },
        "20064": {
            "year_quarter": 20064,
            "year": 2006,
            "quarter": 4,
            "eps": -0.15,
            "eps_growth_year": -127.27,
            "eps_4q": 0.19,
            "eps_4q_growth_year": null,
            "roe": -1.26,
            "roe_4q": 1.6600000000000001,
            "gross_profit": 49764,
            "gross_margin": 4.71,
            "gross_margin_4q_avg": 4.54,
            "net_income": -4621,
            "net_income_4q": null,
            "revenue": 1056037,
            "revenue_4q": null,
            "common_shares": 306086,
            "book_valuer_per_share": 11.88,
            "book_valuer_per_share_4q_avg": 11.99,
            "equity": 363587,
            "current_ratio": 136.02,
            "debt_ratio": 72.08,
            "inventory_turnover_ratio": 7.68,
            "account_receivable_turnover_ratio": null,
            "reinvestment_rate": null,
            "research_to_sale_ratio": null,
            "price_fair": 3.54,
            "eps_avg_yearly": 1.18,
            "eps_latest_yearly": 1.68,
            "eps_growth_yearly": -32.45
        },
        "20071": {
            "year_quarter": 20071,
            "year": 2007,
            "quarter": 1,
            "eps": 0.05,
            "eps_growth_year": -76.19,
            "eps_4q": 0.03,
            "eps_4q_growth_year": null,
            "roe": 0.38,
            "roe_4q": 0.25000000000000044,
            "gross_profit": 30510,
            "gross_margin": 6.84,
            "gross_margin_4q_avg": 5.1,
            "net_income": 1404,
            "net_income_4q": null,
            "revenue": 446337,
            "revenue_4q": null,
            "common_shares": 306086,
            "book_valuer_per_share": 11.97,
            "book_valuer_per_share_4q_avg": 12.04,
            "equity": 366305,
            "current_ratio": 149.66,
            "debt_ratio": 59.9,
            "inventory_turnover_ratio": 2.73,
            "account_receivable_turnover_ratio": null,
            "reinvestment_rate": null,
            "research_to_sale_ratio": null,
            "price_fair": 3.54,
            "eps_avg_yearly": 1.18,
            "eps_latest_yearly": 1.68,
            "eps_growth_yearly": -32.45
        },
        "20072": {
            "year_quarter": 20072,
            "year": 2007,
            "quarter": 2,
            "eps": 0.76,
            "eps_growth_year": 80.95,
            "eps_4q": 0.37,
            "eps_4q_growth_year": -68.15,
            "roe": 6.18,
            "roe_4q": 2.94,
            "gross_profit": 41295,
            "gross_margin": 4.62,
            "gross_margin_4q_avg": 5.05,
            "net_income": 23233,
            "net_income_4q": null,
            "revenue": 893274,
            "revenue_4q": null,
            "common_shares": 306086,
            "book_valuer_per_share": 12.62,
            "book_valuer_per_share_4q_avg": 12.13,
            "equity": 386183,
            "current_ratio": 132.42,
            "debt_ratio": 69.64,
            "inventory_turnover_ratio": 5.29,
            "account_receivable_turnover_ratio": null,
            "reinvestment_rate": null,
            "research_to_sale_ratio": null,
            "price_fair": 54.32,
            "eps_avg_yearly": 1.55,
            "eps_latest_yearly": 3.04,
            "eps_growth_yearly": 1110.04
        },
        "20073": {
            "year_quarter": 20073,
            "year": 2007,
            "quarter": 3,
            "eps": -0.13,
            "eps_growth_year": null,
            "eps_4q": 0.52,
            "eps_4q_growth_year": -41.98,
            "roe": -1.05,
            "roe_4q": 4.25,
            "gross_profit": 47119,
            "gross_margin": 4.1,
            "gross_margin_4q_avg": 5.07,
            "net_income": -4072,
            "net_income_4q": null,
            "revenue": 1150022,
            "revenue_4q": null,
            "common_shares": 309547,
            "book_valuer_per_share": 12.49,
            "book_valuer_per_share_4q_avg": 12.24,
            "equity": 386743,
            "current_ratio": 126.42,
            "debt_ratio": 73.73,
            "inventory_turnover_ratio": 5.91,
            "account_receivable_turnover_ratio": null,
            "reinvestment_rate": null,
            "research_to_sale_ratio": null,
            "price_fair": 54.32,
            "eps_avg_yearly": 1.55,
            "eps_latest_yearly": 3.04,
            "eps_growth_yearly": 1110.04
        },
        "20074": {
            "year_quarter": 20074,
            "year": 2007,
            "quarter": 4,
            "eps": -0.35,
            "eps_growth_year": null,
            "eps_4q": 0.31,
            "eps_4q_growth_year": 63.16,
            "roe": -2.88,
            "roe_4q": 2.63,
            "gross_profit": 7994,
            "gross_margin": 0.97,
            "gross_margin_4q_avg": 4.13,
            "net_income": -10997,
            "net_income_4q": null,
            "revenue": 820922,
            "revenue_4q": null,
            "common_shares": 312420,
            "book_valuer_per_share": 12.06,
            "book_valuer_per_share_4q_avg": 12.29,
            "equity": 376867,
            "current_ratio": 139.17,
            "debt_ratio": 70.55,
            "inventory_turnover_ratio": 4.4,
            "account_receivable_turnover_ratio": null,
            "reinvestment_rate": 2.98,
            "research_to_sale_ratio": null,
            "price_fair": 54.32,
            "eps_avg_yearly": 1.55,
            "eps_latest_yearly": 3.04,
            "eps_growth_yearly": 1110.04
        },
        "20081": {
            "year_quarter": 20081,
            "year": 2008,
            "quarter": 1,
            "eps": -0.11,
            "eps_growth_year": -320,
            "eps_4q": 0.16,
            "eps_4q_growth_year": 445.88,
            "roe": -0.89,
            "roe_4q": 1.3599999999999994,
            "gross_profit": 38359,
            "gross_margin": 4.66,
            "gross_margin_4q_avg": 3.59,
            "net_income": -3343,
            "net_income_4q": null,
            "revenue": 823266,
            "revenue_4q": null,
            "common_shares": 312420,
            "book_valuer_per_share": 11.87,
            "book_valuer_per_share_4q_avg": 12.26,
            "equity": 370799,
            "current_ratio": 132.99,
            "debt_ratio": 71.99,
            "inventory_turnover_ratio": 3.69,
            "account_receivable_turnover_ratio": null,
            "reinvestment_rate": null,
            "research_to_sale_ratio": null,
            "price_fair": 54.32,
            "eps_avg_yearly": 1.55,
            "eps_latest_yearly": 3.04,
            "eps_growth_yearly": 1110.04
        },
        "20082": {
            "year_quarter": 20082,
            "year": 2008,
            "quarter": 2,
            "eps": -0.58,
            "eps_growth_year": -176.32,
            "eps_4q": -1.17,
            "eps_4q_growth_year": -417.74,
            "roe": -5.01,
            "roe_4q": -9.83,
            "gross_profit": 18821,
            "gross_margin": 2.12,
            "gross_margin_4q_avg": 2.96,
            "net_income": -18065,
            "net_income_4q": null,
            "revenue": 886794,
            "revenue_4q": null,
            "common_shares": 312420,
            "book_valuer_per_share": 11.2,
            "book_valuer_per_share_4q_avg": 11.91,
            "equity": 349783,
            "current_ratio": 131.3,
            "debt_ratio": 72.28,
            "inventory_turnover_ratio": 3.69,
            "account_receivable_turnover_ratio": null,
            "reinvestment_rate": null,
            "research_to_sale_ratio": null,
            "price_fair": 58.1,
            "eps_avg_yearly": 1.66,
            "eps_latest_yearly": 3.04,
            "eps_growth_yearly": 1454.61
        },
        "20083": {
            "year_quarter": 20083,
            "year": 2008,
            "quarter": 3,
            "eps": -0.6,
            "eps_growth_year": null,
            "eps_4q": -1.64,
            "eps_4q_growth_year": -418.67,
            "roe": -5.51,
            "roe_4q": -14.29,
            "gross_profit": 41575,
            "gross_margin": 4.4,
            "gross_margin_4q_avg": 3.04,
            "net_income": -18876,
            "net_income_4q": null,
            "revenue": 944916,
            "revenue_4q": null,
            "common_shares": 312420,
            "book_valuer_per_share": 10.72,
            "book_valuer_per_share_4q_avg": 11.46,
            "equity": 334763,
            "current_ratio": 120.04,
            "debt_ratio": 78.96,
            "inventory_turnover_ratio": 3.29,
            "account_receivable_turnover_ratio": null,
            "reinvestment_rate": null,
            "research_to_sale_ratio": null,
            "price_fair": 64.87,
            "eps_avg_yearly": 1.85,
            "eps_latest_yearly": 3.04,
            "eps_growth_yearly": 1944.24
        },
        "20084": {
            "year_quarter": 20084,
            "year": 2008,
            "quarter": 4,
            "eps": -0.9,
            "eps_growth_year": null,
            "eps_4q": -2.18,
            "eps_4q_growth_year": -803.23,
            "roe": -8.84,
            "roe_4q": -20.25,
            "gross_profit": 30725,
            "gross_margin": 4.53,
            "gross_margin_4q_avg": 3.93,
            "net_income": -28409,
            "net_income_4q": null,
            "revenue": 677921,
            "revenue_4q": null,
            "common_shares": 315679,
            "book_valuer_per_share": 9.75,
            "book_valuer_per_share_4q_avg": 10.89,
            "equity": 307793,
            "current_ratio": 124.73,
            "debt_ratio": 74.38,
            "inventory_turnover_ratio": 2.33,
            "account_receivable_turnover_ratio": 2.55,
            "reinvestment_rate": null,
            "research_to_sale_ratio": null,
            "price_fair": 64.87,
            "eps_avg_yearly": 1.85,
            "eps_latest_yearly": 3.04,
            "eps_growth_yearly": 1944.24
        },
        "20091": {
            "year_quarter": 20091,
            "year": 2009,
            "quarter": 1,
            "eps": -0.36,
            "eps_growth_year": null,
            "eps_4q": -2.43,
            "eps_4q_growth_year": -1630.32,
            "roe": -3.72,
            "roe_4q": -23.08,
            "gross_profit": 30443,
            "gross_margin": 6.69,
            "gross_margin_4q_avg": 4.44,
            "net_income": -11284,
            "net_income_4q": null,
            "revenue": 454891,
            "revenue_4q": null,
            "common_shares": 315679,
            "book_valuer_per_share": 9.46,
            "book_valuer_per_share_4q_avg": 10.28,
            "equity": 298528,
            "current_ratio": 133.18,
            "debt_ratio": 68.53,
            "inventory_turnover_ratio": 2.09,
            "account_receivable_turnover_ratio": 0.99,
            "reinvestment_rate": null,
            "research_to_sale_ratio": null,
            "price_fair": 64.87,
            "eps_avg_yearly": 1.85,
            "eps_latest_yearly": 3.04,
            "eps_growth_yearly": 1944.24
        },
        "20092": {
            "year_quarter": 20092,
            "year": 2009,
            "quarter": 2,
            "eps": -1.52,
            "eps_growth_year": null,
            "eps_4q": -3.37,
            "eps_4q_growth_year": null,
            "roe": -17.49,
            "roe_4q": -35.559999999999995,
            "gross_profit": 28908,
            "gross_margin": 3.82,
            "gross_margin_4q_avg": 4.86,
            "net_income": -47870,
            "net_income_4q": null,
            "revenue": 756524,
            "revenue_4q": null,
            "common_shares": 315679,
            "book_valuer_per_share": 7.88,
            "book_valuer_per_share_4q_avg": 9.45,
            "equity": 248744,
            "current_ratio": 109.83,
            "debt_ratio": 78.57,
            "inventory_turnover_ratio": 4.27,
            "account_receivable_turnover_ratio": 1.77,
            "reinvestment_rate": null,
            "research_to_sale_ratio": null,
            "price_fair": 64.87,
            "eps_avg_yearly": 1.85,
            "eps_latest_yearly": 3.04,
            "eps_growth_yearly": 1944.24
        },
        "20093": {
            "year_quarter": 20093,
            "year": 2009,
            "quarter": 3,
            "eps": 0.25,
            "eps_growth_year": null,
            "eps_4q": -2.47,
            "eps_4q_growth_year": null,
            "roe": 3.19,
            "roe_4q": -26.86,
            "gross_profit": 37927,
            "gross_margin": 5.49,
            "gross_margin_4q_avg": 5.13,
            "net_income": 8038,
            "net_income_4q": null,
            "revenue": 690858,
            "revenue_4q": null,
            "common_shares": 315679,
            "book_valuer_per_share": 8.1,
            "book_valuer_per_share_4q_avg": 8.8,
            "equity": 255756,
            "current_ratio": 113.53,
            "debt_ratio": 74.77,
            "inventory_turnover_ratio": 4.65,
            "account_receivable_turnover_ratio": 1.65,
            "reinvestment_rate": null,
            "research_to_sale_ratio": null,
            "price_fair": 64.87,
            "eps_avg_yearly": 1.85,
            "eps_latest_yearly": 3.04,
            "eps_growth_yearly": 1944.24
        },
        "20094": {
            "year_quarter": 20094,
            "year": 2009,
            "quarter": 4,
            "eps": 0.48,
            "eps_growth_year": null,
            "eps_4q": -1.13,
            "eps_4q_growth_year": null,
            "roe": 5.81,
            "roe_4q": -12.209999999999999,
            "gross_profit": 48257,
            "gross_margin": 10.89,
            "gross_margin_4q_avg": 6.72,
            "net_income": 15301,
            "net_income_4q": null,
            "revenue": 443279,
            "revenue_4q": null,
            "common_shares": 315679,
            "book_valuer_per_share": 8.57,
            "book_valuer_per_share_4q_avg": 8.5,
            "equity": 270575,
            "current_ratio": 120.7,
            "debt_ratio": 71.42,
            "inventory_turnover_ratio": 3.76,
            "account_receivable_turnover_ratio": 2.5,
            "reinvestment_rate": null,
            "research_to_sale_ratio": null,
            "price_fair": 65.45,
            "eps_avg_yearly": 1.87,
            "eps_latest_yearly": 1.92,
            "eps_growth_yearly": 1550.18
        },
        "20101": {
            "year_quarter": 20101,
            "year": 2010,
            "quarter": 1,
            "eps": 0.53,
            "eps_growth_year": null,
            "eps_4q": -0.24,
            "eps_4q_growth_year": null,
            "roe": 6.05,
            "roe_4q": -2.4399999999999995,
            "gross_profit": 44512,
            "gross_margin": 10.1,
            "gross_margin_4q_avg": 7.58,
            "net_income": 16865,
            "net_income_4q": null,
            "revenue": 440726,
            "revenue_4q": null,
            "common_shares": 315679,
            "book_valuer_per_share": 9.09,
            "book_valuer_per_share_4q_avg": 8.41,
            "equity": 287083,
            "current_ratio": 121.43,
            "debt_ratio": 70.88,
            "inventory_turnover_ratio": 4.05,
            "account_receivable_turnover_ratio": 1.2,
            "reinvestment_rate": null,
            "research_to_sale_ratio": null,
            "price_fair": 76.65,
            "eps_avg_yearly": 2.19,
            "eps_latest_yearly": 2.12,
            "eps_growth_yearly": 1622.42
        },
        "20102": {
            "year_quarter": 20102,
            "year": 2010,
            "quarter": 2,
            "eps": 0.6,
            "eps_growth_year": null,
            "eps_4q": 1.88,
            "eps_4q_growth_year": null,
            "roe": 6.42,
            "roe_4q": 21.47,
            "gross_profit": 36501,
            "gross_margin": 9.14,
            "gross_margin_4q_avg": 8.91,
            "net_income": 19056,
            "net_income_4q": null,
            "revenue": 399483,
            "revenue_4q": null,
            "common_shares": 315679,
            "book_valuer_per_share": 9.72,
            "book_valuer_per_share_4q_avg": 8.87,
            "equity": 306816,
            "current_ratio": 123.99,
            "debt_ratio": 69.89,
            "inventory_turnover_ratio": 2.24,
            "account_receivable_turnover_ratio": 1.15,
            "reinvestment_rate": null,
            "research_to_sale_ratio": null,
            "price_fair": 82.95,
            "eps_avg_yearly": 2.37,
            "eps_latest_yearly": 2.4,
            "eps_growth_yearly": 1535.62
        },
        "20103": {
            "year_quarter": 20103,
            "year": 2010,
            "quarter": 3,
            "eps": 0.57,
            "eps_growth_year": 129.61,
            "eps_4q": 2.2,
            "eps_4q_growth_year": null,
            "roe": 5.75,
            "roe_4q": 24.029999999999998,
            "gross_profit": 28586,
            "gross_margin": 5.43,
            "gross_margin_4q_avg": 8.89,
            "net_income": 18121,
            "net_income_4q": null,
            "revenue": 526516,
            "revenue_4q": null,
            "common_shares": 315679,
            "book_valuer_per_share": 10.25,
            "book_valuer_per_share_4q_avg": 9.41,
            "equity": 323522,
            "current_ratio": 129.73,
            "debt_ratio": 65.89,
            "inventory_turnover_ratio": 2.53,
            "account_receivable_turnover_ratio": 1.9,
            "reinvestment_rate": null,
            "research_to_sale_ratio": null,
            "price_fair": 82.32,
            "eps_avg_yearly": 2.35,
            "eps_latest_yearly": 2.28,
            "eps_growth_yearly": 1224.5
        },
        "20104": {
            "year_quarter": 20104,
            "year": 2010,
            "quarter": 4,
            "eps": 0.22,
            "eps_growth_year": -55.05,
            "eps_4q": 1.93,
            "eps_4q_growth_year": null,
            "roe": 2.09,
            "roe_4q": 20.31,
            "gross_profit": 11971,
            "gross_margin": 3.1,
            "gross_margin_4q_avg": 6.94,
            "net_income": 6811,
            "net_income_4q": null,
            "revenue": 386350,
            "revenue_4q": null,
            "common_shares": 315679,
            "book_valuer_per_share": 10.37,
            "book_valuer_per_share_4q_avg": 9.86,
            "equity": 327464,
            "current_ratio": 140.36,
            "debt_ratio": 65.59,
            "inventory_turnover_ratio": 2.09,
            "account_receivable_turnover_ratio": 1.38,
            "reinvestment_rate": null,
            "research_to_sale_ratio": null,
            "price_fair": 73.73,
            "eps_avg_yearly": 2.11,
            "eps_latest_yearly": 0.88,
            "eps_growth_yearly": 979.48
        },
        "20111": {
            "year_quarter": 20111,
            "year": 2011,
            "quarter": 1,
            "eps": -0.12,
            "eps_growth_year": -122.64,
            "eps_4q": 1.27,
            "eps_4q_growth_year": null,
            "roe": -1.16,
            "roe_4q": 13.1,
            "gross_profit": 21551,
            "gross_margin": 4.91,
            "gross_margin_4q_avg": 5.65,
            "net_income": -3793,
            "net_income_4q": null,
            "revenue": 438549,
            "revenue_4q": null,
            "common_shares": 315679,
            "book_valuer_per_share": 10.27,
            "book_valuer_per_share_4q_avg": 10.15,
            "equity": 324238,
            "current_ratio": 139.95,
            "debt_ratio": 67.17,
            "inventory_turnover_ratio": 2.23,
            "account_receivable_turnover_ratio": 1.25,
            "reinvestment_rate": null,
            "research_to_sale_ratio": null,
            "price_fair": 73.73,
            "eps_avg_yearly": 2.11,
            "eps_latest_yearly": 0.88,
            "eps_growth_yearly": 979.48
        },
        "20112": {
            "year_quarter": 20112,
            "year": 2011,
            "quarter": 2,
            "eps": 0.19,
            "eps_growth_year": -68.31,
            "eps_4q": 0.86,
            "eps_4q_growth_year": -54.14,
            "roe": 1.84,
            "roe_4q": 8.52,
            "gross_profit": 22563,
            "gross_margin": 5.69,
            "gross_margin_4q_avg": 4.78,
            "net_income": 6039,
            "net_income_4q": null,
            "revenue": 396652,
            "revenue_4q": null,
            "common_shares": 315679,
            "book_valuer_per_share": 10.5,
            "book_valuer_per_share_4q_avg": 10.35,
            "equity": 331477,
            "current_ratio": 156.68,
            "debt_ratio": 61.01,
            "inventory_turnover_ratio": 2.05,
            "account_receivable_turnover_ratio": 1.19,
            "reinvestment_rate": null,
            "research_to_sale_ratio": null,
            "price_fair": 67.2,
            "eps_avg_yearly": 1.92,
            "eps_latest_yearly": 0.88,
            "eps_growth_yearly": 39.38
        },
        "20113": {
            "year_quarter": 20113,
            "year": 2011,
            "quarter": 3,
            "eps": -0.15,
            "eps_growth_year": -126.41,
            "eps_4q": 0.14,
            "eps_4q_growth_year": -93.84,
            "roe": -1.44,
            "roe_4q": 1.33,
            "gross_profit": 26226,
            "gross_margin": 5.73,
            "gross_margin_4q_avg": 4.86,
            "net_income": -4786,
            "net_income_4q": null,
            "revenue": 457997,
            "revenue_4q": null,
            "common_shares": 315679,
            "book_valuer_per_share": 10.54,
            "book_valuer_per_share_4q_avg": 10.42,
            "equity": 332756,
            "current_ratio": 147.58,
            "debt_ratio": 65.2,
            "inventory_turnover_ratio": 2.18,
            "account_receivable_turnover_ratio": 1.51,
            "reinvestment_rate": null,
            "research_to_sale_ratio": null,
            "price_fair": 67.2,
            "eps_avg_yearly": 1.92,
            "eps_latest_yearly": 0.88,
            "eps_growth_yearly": 39.38
        },
        "20114": {
            "year_quarter": 20114,
            "year": 2011,
            "quarter": 4,
            "eps": -0.4,
            "eps_growth_year": -285.19,
            "eps_4q": -0.48,
            "eps_4q_growth_year": -124.9,
            "roe": -3.86,
            "roe_4q": -4.62,
            "gross_profit": 24344,
            "gross_margin": 6.53,
            "gross_margin_4q_avg": 5.72,
            "net_income": -12613,
            "net_income_4q": null,
            "revenue": 372741,
            "revenue_4q": null,
            "common_shares": 315679,
            "book_valuer_per_share": 10.16,
            "book_valuer_per_share_4q_avg": 10.37,
            "equity": 320809,
            "current_ratio": 161.42,
            "debt_ratio": 59.94,
            "inventory_turnover_ratio": 1.75,
            "account_receivable_turnover_ratio": 1.25,
            "reinvestment_rate": null,
            "research_to_sale_ratio": null,
            "price_fair": 67.2,
            "eps_avg_yearly": 1.92,
            "eps_latest_yearly": 0.88,
            "eps_growth_yearly": 39.38
        },
        "20121": {
            "year_quarter": 20121,
            "year": 2012,
            "quarter": 1,
            "eps": 0.02,
            "eps_growth_year": null,
            "eps_4q": -0.34,
            "eps_4q_growth_year": -126.47,
            "roe": 0.23,
            "roe_4q": -3.2300000000000004,
            "gross_profit": 17991,
            "gross_margin": 4.07,
            "gross_margin_4q_avg": 5.51,
            "net_income": 722,
            "net_income_4q": null,
            "revenue": 442259,
            "revenue_4q": null,
            "common_shares": 315679,
            "book_valuer_per_share": 10.02,
            "book_valuer_per_share_4q_avg": 10.31,
            "equity": 316250,
            "current_ratio": 154.67,
            "debt_ratio": 63.08,
            "inventory_turnover_ratio": 2.56,
            "account_receivable_turnover_ratio": 1.34,
            "reinvestment_rate": null,
            "research_to_sale_ratio": null,
            "price_fair": 67.2,
            "eps_avg_yearly": 1.92,
            "eps_latest_yearly": 0.88,
            "eps_growth_yearly": 39.38
        },
        "20122": {
            "year_quarter": 20122,
            "year": 2012,
            "quarter": 2,
            "eps": 0.23,
            "eps_growth_year": 18.96,
            "eps_4q": -0.3,
            "eps_4q_growth_year": -134.93,
            "roe": 2.24,
            "roe_4q": -2.8299999999999996,
            "gross_profit": 34754,
            "gross_margin": 5.41,
            "gross_margin_4q_avg": 5.44,
            "net_income": 7184,
            "net_income_4q": null,
            "revenue": 641876,
            "revenue_4q": null,
            "common_shares": 315679,
            "book_valuer_per_share": 10.27,
            "book_valuer_per_share_4q_avg": 10.25,
            "equity": 324259,
            "current_ratio": 139.65,
            "debt_ratio": 70.2,
            "inventory_turnover_ratio": 3.06,
            "account_receivable_turnover_ratio": 1.4,
            "reinvestment_rate": null,
            "research_to_sale_ratio": null,
            "price_fair": 61.37,
            "eps_avg_yearly": 1.75,
            "eps_latest_yearly": 0.92,
            "eps_growth_yearly": 732.81
        },
        "20123": {
            "year_quarter": 20123,
            "year": 2012,
            "quarter": 3,
            "eps": 0.15,
            "eps_growth_year": null,
            "eps_4q": 0,
            "eps_4q_growth_year": -96.96,
            "roe": 1.48,
            "roe_4q": 0.0900000000000003,
            "gross_profit": 26501,
            "gross_margin": 5.4,
            "gross_margin_4q_avg": 5.35,
            "net_income": 4837,
            "net_income_4q": null,
            "revenue": 490329,
            "revenue_4q": null,
            "common_shares": 315679,
            "book_valuer_per_share": 10.37,
            "book_valuer_per_share_4q_avg": 10.21,
            "equity": 327371,
            "current_ratio": 137.38,
            "debt_ratio": 71.28,
            "inventory_turnover_ratio": 1.67,
            "account_receivable_turnover_ratio": 0.99,
            "reinvestment_rate": null,
            "research_to_sale_ratio": null,
            "price_fair": 55.6,
            "eps_avg_yearly": 1.59,
            "eps_latest_yearly": 0.6,
            "eps_growth_yearly": 608.25
        },
        "20124": {
            "year_quarter": 20124,
            "year": 2012,
            "quarter": 4,
            "eps": -0.39,
            "eps_growth_year": null,
            "eps_4q": 0.02,
            "eps_4q_growth_year": null,
            "roe": -3.78,
            "roe_4q": 0.1700000000000004,
            "gross_profit": 10956,
            "gross_margin": 2.7,
            "gross_margin_4q_avg": 4.4,
            "net_income": -12163,
            "net_income_4q": null,
            "revenue": 406216,
            "revenue_4q": null,
            "common_shares": 315679,
            "book_valuer_per_share": 9.99,
            "book_valuer_per_share_4q_avg": 10.16,
            "equity": 315377,
            "current_ratio": 156.22,
            "debt_ratio": 62.37,
            "inventory_turnover_ratio": 1.61,
            "account_receivable_turnover_ratio": 1.05,
            "reinvestment_rate": 769.31,
            "research_to_sale_ratio": null,
            "price_fair": 55.6,
            "eps_avg_yearly": 1.59,
            "eps_latest_yearly": 0.6,
            "eps_growth_yearly": 608.25
        },
        "20131": {
            "year_quarter": 20131,
            "year": 2013,
            "quarter": 1,
            "eps": 0.06,
            "eps_growth_year": 200,
            "eps_4q": 0.06,
            "eps_4q_growth_year": null,
            "roe": 0.62,
            "roe_4q": 0.5600000000000005,
            "gross_profit": 30706,
            "gross_margin": 8.86,
            "gross_margin_4q_avg": 5.59,
            "net_income": 1940,
            "net_income_4q": null,
            "revenue": 346716,
            "revenue_4q": null,
            "common_shares": 315679,
            "book_valuer_per_share": 9.99,
            "book_valuer_per_share_4q_avg": 10.16,
            "equity": 315280,
            "current_ratio": 168.81,
            "debt_ratio": 57.52,
            "inventory_turnover_ratio": 1.97,
            "account_receivable_turnover_ratio": 1.22,
            "reinvestment_rate": 27.72,
            "research_to_sale_ratio": null,
            "price_fair": 55.6,
            "eps_avg_yearly": 1.59,
            "eps_latest_yearly": 0.6,
            "eps_growth_yearly": 608.25
        },
        "20132": {
            "year_quarter": 20132,
            "year": 2013,
            "quarter": 2,
            "eps": 0.54,
            "eps_growth_year": 137.29,
            "eps_4q": 0.36,
            "eps_4q_growth_year": null,
            "roe": 5.21,
            "roe_4q": 3.5300000000000002,
            "gross_profit": 41248,
            "gross_margin": 14.29,
            "gross_margin_4q_avg": 7.81,
            "net_income": 16897,
            "net_income_4q": null,
            "revenue": 288692,
            "revenue_4q": null,
            "common_shares": 315679,
            "book_valuer_per_share": 10.55,
            "book_valuer_per_share_4q_avg": 10.23,
            "equity": 333031,
            "current_ratio": 199.47,
            "debt_ratio": 49.14,
            "inventory_turnover_ratio": 2.31,
            "account_receivable_turnover_ratio": 1.26,
            "reinvestment_rate": 3.53,
            "research_to_sale_ratio": null,
            "price_fair": 58.1,
            "eps_avg_yearly": 1.66,
            "eps_latest_yearly": 2.16,
            "eps_growth_yearly": 932.22
        },
        "20133": {
            "year_quarter": 20133,
            "year": 2013,
            "quarter": 3,
            "eps": -0.04,
            "eps_growth_year": -126.11,
            "eps_4q": 0.17,
            "eps_4q_growth_year": 4143.18,
            "roe": -0.35,
            "roe_4q": 1.7000000000000006,
            "gross_profit": 19533,
            "gross_margin": 10.59,
            "gross_margin_4q_avg": 9.11,
            "net_income": -1158,
            "net_income_4q": null,
            "revenue": 184514,
            "revenue_4q": null,
            "common_shares": 315679,
            "book_valuer_per_share": 10.48,
            "book_valuer_per_share_4q_avg": 10.25,
            "equity": 330889,
            "current_ratio": 249.47,
            "debt_ratio": 39.35,
            "inventory_turnover_ratio": 2.47,
            "account_receivable_turnover_ratio": 0.97,
            "reinvestment_rate": 1.81,
            "research_to_sale_ratio": null,
            "price_fair": 58.1,
            "eps_avg_yearly": 1.66,
            "eps_latest_yearly": 2.16,
            "eps_growth_yearly": 932.22
        },
        "20134": {
            "year_quarter": 20134,
            "year": 2013,
            "quarter": 4,
            "eps": 0.34,
            "eps_growth_year": null,
            "eps_4q": 0.9,
            "eps_4q_growth_year": 4790.2,
            "roe": 3.17,
            "roe_4q": 8.649999999999999,
            "gross_profit": 35197,
            "gross_margin": 18.8,
            "gross_margin_4q_avg": 13.14,
            "net_income": 10684,
            "net_income_4q": null,
            "revenue": 187207,
            "revenue_4q": null,
            "common_shares": 315679,
            "book_valuer_per_share": 10.87,
            "book_valuer_per_share_4q_avg": 10.47,
            "equity": 343195,
            "current_ratio": 247.85,
            "debt_ratio": 39.51,
            "inventory_turnover_ratio": 2.1,
            "account_receivable_turnover_ratio": 1.21,
            "reinvestment_rate": -101.78,
            "research_to_sale_ratio": null,
            "price_fair": 56.8,
            "eps_avg_yearly": 1.62,
            "eps_latest_yearly": 2.16,
            "eps_growth_yearly": 1012.82
        },
        "20141": {
            "year_quarter": 20141,
            "year": 2014,
            "quarter": 1,
            "eps": 0.35,
            "eps_growth_year": 483.33,
            "eps_4q": 1.19,
            "eps_4q_growth_year": 1987.03,
            "roe": 3.18,
            "roe_4q": 11.21,
            "gross_profit": 34236,
            "gross_margin": 21.8,
            "gross_margin_4q_avg": 16.37,
            "net_income": 11102,
            "net_income_4q": null,
            "revenue": 157055,
            "revenue_4q": null,
            "common_shares": 315679,
            "book_valuer_per_share": 11.24,
            "book_valuer_per_share_4q_avg": 10.79,
            "equity": 354777,
            "current_ratio": 267.91,
            "debt_ratio": 36.84,
            "inventory_turnover_ratio": 1.39,
            "account_receivable_turnover_ratio": 1.1,
            "reinvestment_rate": -109.5,
            "research_to_sale_ratio": null,
            "price_fair": 53.2,
            "eps_avg_yearly": 1.52,
            "eps_latest_yearly": 1.4,
            "eps_growth_yearly": 1008.55
        },
        "20142": {
            "year_quarter": 20142,
            "year": 2014,
            "quarter": 2,
            "eps": 0.6,
            "eps_growth_year": 11.11,
            "eps_4q": 1.25,
            "eps_4q_growth_year": 243.58,
            "roe": 5.3,
            "roe_4q": 11.3,
            "gross_profit": 48621,
            "gross_margin": 24.34,
            "gross_margin_4q_avg": 18.88,
            "net_income": 18921,
            "net_income_4q": null,
            "revenue": 199769,
            "revenue_4q": null,
            "common_shares": 315679,
            "book_valuer_per_share": 11.39,
            "book_valuer_per_share_4q_avg": 11,
            "equity": 359715,
            "current_ratio": 322.02,
            "debt_ratio": 31.06,
            "inventory_turnover_ratio": 1.92,
            "account_receivable_turnover_ratio": 1.19,
            "reinvestment_rate": -117.79,
            "research_to_sale_ratio": null,
            "price_fair": 53.2,
            "eps_avg_yearly": 1.52,
            "eps_latest_yearly": 2.4,
            "eps_growth_yearly": 1041.82
        },
        "20143": {
            "year_quarter": 20143,
            "year": 2014,
            "quarter": 3,
            "eps": 1.25,
            "eps_growth_year": null,
            "eps_4q": 2.54,
            "eps_4q_growth_year": 1353.19,
            "roe": 10.37,
            "roe_4q": 22.019999999999996,
            "gross_profit": 68577,
            "gross_margin": 23.22,
            "gross_margin_4q_avg": 22.04,
            "net_income": 39451,
            "net_income_4q": null,
            "revenue": 295284,
            "revenue_4q": null,
            "common_shares": 315679,
            "book_valuer_per_share": 12.7,
            "book_valuer_per_share_4q_avg": 11.55,
            "equity": 400885,
            "current_ratio": 251.75,
            "debt_ratio": 39.49,
            "inventory_turnover_ratio": 3.06,
            "account_receivable_turnover_ratio": 1.23,
            "reinvestment_rate": -95.05,
            "research_to_sale_ratio": null,
            "price_fair": 66.8,
            "eps_avg_yearly": 1.91,
            "eps_latest_yearly": 5,
            "eps_growth_yearly": 1106.58
        },
        "20144": {
            "year_quarter": 20144,
            "year": 2014,
            "quarter": 4,
            "eps": 0.54,
            "eps_growth_year": 58.46,
            "eps_4q": 2.74,
            "eps_4q_growth_year": 204.64,
            "roe": 4.13,
            "roe_4q": 22.98,
            "gross_profit": 38157,
            "gross_margin": 18.67,
            "gross_margin_4q_avg": 22.01,
            "net_income": 16930,
            "net_income_4q": null,
            "revenue": 204408,
            "revenue_4q": null,
            "common_shares": 315679,
            "book_valuer_per_share": 13.3,
            "book_valuer_per_share_4q_avg": 12.16,
            "equity": 419923,
            "current_ratio": 352.91,
            "debt_ratio": 28.61,
            "inventory_turnover_ratio": 2.03,
            "account_receivable_turnover_ratio": 0.84,
            "reinvestment_rate": -57.26,
            "research_to_sale_ratio": null,
            "price_fair": 73.2,
            "eps_avg_yearly": 2.09,
            "eps_latest_yearly": 2.16,
            "eps_growth_yearly": 1109.21
        },
        "20151": {
            "year_quarter": 20151,
            "year": 2015,
            "quarter": 1,
            "eps": 0.28,
            "eps_growth_year": -20,
            "eps_4q": 2.66,
            "eps_4q_growth_year": 124.03,
            "roe": 2.07,
            "roe_4q": 21.87,
            "gross_profit": 35696,
            "gross_margin": 19.69,
            "gross_margin_4q_avg": 21.48,
            "net_income": 8767,
            "net_income_4q": null,
            "revenue": 181259,
            "revenue_4q": null,
            "common_shares": 315679,
            "book_valuer_per_share": 13.56,
            "book_valuer_per_share_4q_avg": 12.74,
            "equity": 427918,
            "current_ratio": 375.1,
            "debt_ratio": 26.53,
            "inventory_turnover_ratio": 1.59,
            "account_receivable_turnover_ratio": 1.09,
            "reinvestment_rate": -44.02,
            "research_to_sale_ratio": null,
            "price_fair": 68.95,
            "eps_avg_yearly": 1.97,
            "eps_latest_yearly": 1.12,
            "eps_growth_yearly": 946.49
        },
        "20152": {
            "year_quarter": 20152,
            "year": 2015,
            "quarter": 2,
            "eps": 0.41,
            "eps_growth_year": -31.67,
            "eps_4q": 2.47,
            "eps_4q_growth_year": 97.45,
            "roe": 3.15,
            "roe_4q": 19.72,
            "gross_profit": 47485,
            "gross_margin": 20.26,
            "gross_margin_4q_avg": 20.46,
            "net_income": 12940,
            "net_income_4q": null,
            "revenue": 234386,
            "revenue_4q": null,
            "common_shares": 315679,
            "book_valuer_per_share": 12.43,
            "book_valuer_per_share_4q_avg": 13,
            "equity": 392444,
            "current_ratio": 257.21,
            "debt_ratio": 38.15,
            "inventory_turnover_ratio": 1.96,
            "account_receivable_turnover_ratio": 1.44,
            "reinvestment_rate": -63.94,
            "research_to_sale_ratio": null,
            "price_fair": 67.67,
            "eps_avg_yearly": 1.93,
            "eps_latest_yearly": 1.64,
            "eps_growth_yearly": 861.96
        },
        "20153": {
            "year_quarter": 20153,
            "year": 2015,
            "quarter": 3,
            "eps": -0.08,
            "eps_growth_year": -106.4,
            "eps_4q": 1.14,
            "eps_4q_growth_year": -55.02,
            "roe": -0.66,
            "roe_4q": 8.69,
            "gross_profit": 19913,
            "gross_margin": 12.14,
            "gross_margin_4q_avg": 17.69,
            "net_income": -2580,
            "net_income_4q": null,
            "revenue": 164089,
            "revenue_4q": null,
            "common_shares": 315679,
            "book_valuer_per_share": 12.49,
            "book_valuer_per_share_4q_avg": 12.95,
            "equity": 394432,
            "current_ratio": 294.32,
            "debt_ratio": 33.42,
            "inventory_turnover_ratio": 1.68,
            "account_receivable_turnover_ratio": 0.97,
            "reinvestment_rate": -70.06,
            "research_to_sale_ratio": null,
            "price_fair": 67.67,
            "eps_avg_yearly": 1.93,
            "eps_latest_yearly": 1.64,
            "eps_growth_yearly": 861.96
        },
        "20154": {
            "year_quarter": 20154,
            "year": 2015,
            "quarter": 4,
            "eps": -0.46,
            "eps_growth_year": -186.32,
            "eps_4q": 0.14,
            "eps_4q_growth_year": -94.78,
            "roe": -3.58,
            "roe_4q": 0.9799999999999995,
            "gross_profit": 6357,
            "gross_margin": 4.69,
            "gross_margin_4q_avg": 14.2,
            "net_income": -14614,
            "net_income_4q": null,
            "revenue": 135556,
            "revenue_4q": null,
            "common_shares": 315679,
            "book_valuer_per_share": 12.09,
            "book_valuer_per_share_4q_avg": 12.64,
            "equity": 421725,
            "current_ratio": 295.76,
            "debt_ratio": 33.23,
            "inventory_turnover_ratio": 1.66,
            "account_receivable_turnover_ratio": 0.95,
            "reinvestment_rate": -72.89,
            "research_to_sale_ratio": null,
            "price_fair": 67.67,
            "eps_avg_yearly": 1.93,
            "eps_latest_yearly": 1.64,
            "eps_growth_yearly": 861.96
        },
        "20161": {
            "year_quarter": 20161,
            "year": 2016,
            "quarter": 1,
            "eps": -0.21,
            "eps_growth_year": -175,
            "eps_4q": -0.34,
            "eps_4q_growth_year": -112.8,
            "roe": -2.13,
            "roe_4q": -3.22,
            "gross_profit": 12166,
            "gross_margin": 9.73,
            "gross_margin_4q_avg": 11.71,
            "net_income": -8885,
            "net_income_4q": null,
            "revenue": 125005,
            "revenue_4q": null,
            "common_shares": 315679,
            "book_valuer_per_share": 11.83,
            "book_valuer_per_share_4q_avg": 12.21,
            "equity": 411112,
            "current_ratio": 310.98,
            "debt_ratio": 31.81,
            "inventory_turnover_ratio": 1.46,
            "account_receivable_turnover_ratio": 1.09,
            "reinvestment_rate": -71.44,
            "research_to_sale_ratio": null,
            "price_fair": 67.67,
            "eps_avg_yearly": 1.93,
            "eps_latest_yearly": 1.64,
            "eps_growth_yearly": 861.96
        },
        "20162": {
            "year_quarter": 20162,
            "year": 2016,
            "quarter": 2,
            "eps": -0.48,
            "eps_growth_year": -217.07,
            "eps_4q": -1.23,
            "eps_4q_growth_year": -149.7,
            "roe": -4.78,
            "roe_4q": -11.15,
            "gross_profit": 4045,
            "gross_margin": 3.17,
            "gross_margin_4q_avg": 7.43,
            "net_income": -18822,
            "net_income_4q": null,
            "revenue": 127623,
            "revenue_4q": null,
            "common_shares": 315679,
            "book_valuer_per_share": 10.89,
            "book_valuer_per_share_4q_avg": 11.83,
            "equity": 376123,
            "current_ratio": 299.89,
            "debt_ratio": 32.38,
            "inventory_turnover_ratio": 1.81,
            "account_receivable_turnover_ratio": 1.14,
            "reinvestment_rate": -86.26,
            "research_to_sale_ratio": null,
            "price_fair": 72.1,
            "eps_avg_yearly": 2.06,
            "eps_latest_yearly": 1.64,
            "eps_growth_yearly": 444.7
        },
        "20163": {
            "year_quarter": 20163,
            "year": 2016,
            "quarter": 3,
            "eps": -0.35,
            "eps_growth_year": null,
            "eps_4q": -1.5,
            "eps_4q_growth_year": -231.17,
            "roe": -4.27,
            "roe_4q": -14.76,
            "gross_profit": 9315,
            "gross_margin": 6.98,
            "gross_margin_4q_avg": 6.14,
            "net_income": -15634,
            "net_income_4q": null,
            "revenue": 133540,
            "revenue_4q": null,
            "common_shares": 315679,
            "book_valuer_per_share": 10.44,
            "book_valuer_per_share_4q_avg": 11.31,
            "equity": 356882,
            "current_ratio": 315.08,
            "debt_ratio": 30.76,
            "inventory_turnover_ratio": 2.27,
            "account_receivable_turnover_ratio": 1.11,
            "reinvestment_rate": -104.24,
            "research_to_sale_ratio": null,
            "price_fair": 79.4,
            "eps_avg_yearly": 2.27,
            "eps_latest_yearly": 1.64,
            "eps_growth_yearly": 528.1
        },
        "20164": {
            "year_quarter": 20164,
            "year": 2016,
            "quarter": 4,
            "eps": -0.31,
            "eps_growth_year": null,
            "eps_4q": -1.35,
            "eps_4q_growth_year": -1042.65,
            "roe": -3.82,
            "roe_4q": -15,
            "gross_profit": 7433,
            "gross_margin": 6.42,
            "gross_margin_4q_avg": 6.58,
            "net_income": -13394,
            "net_income_4q": null,
            "revenue": 115777,
            "revenue_4q": null,
            "common_shares": 315679,
            "book_valuer_per_share": 10.15,
            "book_valuer_per_share_4q_avg": 10.83,
            "equity": 344242,
            "current_ratio": 296.27,
            "debt_ratio": 32.28,
            "inventory_turnover_ratio": 2.1,
            "account_receivable_turnover_ratio": 0.95,
            "reinvestment_rate": -82.22,
            "research_to_sale_ratio": null,
            "price_fair": 79.4,
            "eps_avg_yearly": 2.27,
            "eps_latest_yearly": 1.64,
            "eps_growth_yearly": 528.1
        },
        "20171": {
            "year_quarter": 20171,
            "year": 2017,
            "quarter": 1,
            "eps": -0.21,
            "eps_growth_year": null,
            "eps_4q": -1.35,
            "eps_4q_growth_year": null,
            "roe": -2.55,
            "roe_4q": -15.419999999999998,
            "gross_profit": 17339,
            "gross_margin": 12.19,
            "gross_margin_4q_avg": 7.19,
            "net_income": -8589,
            "net_income_4q": null,
            "revenue": 142254,
            "revenue_4q": null,
            "common_shares": 315679,
            "book_valuer_per_share": 9.81,
            "book_valuer_per_share_4q_avg": 10.32,
            "equity": 330497,
            "current_ratio": 248.62,
            "debt_ratio": 37.95,
            "inventory_turnover_ratio": 1.79,
            "account_receivable_turnover_ratio": 1.13,
            "reinvestment_rate": 15.59,
            "research_to_sale_ratio": null,
            "price_fair": 79.4,
            "eps_avg_yearly": 2.27,
            "eps_latest_yearly": 1.64,
            "eps_growth_yearly": 528.1
        },
        "20172": {
            "year_quarter": 20172,
            "year": 2017,
            "quarter": 2,
            "eps": 0.29,
            "eps_growth_year": null,
            "eps_4q": -0.59,
            "eps_4q_growth_year": null,
            "roe": 2.73,
            "roe_4q": -7.909999999999999,
            "gross_profit": 36150,
            "gross_margin": 15.86,
            "gross_margin_4q_avg": 10.36,
            "net_income": 9144,
            "net_income_4q": null,
            "revenue": 227909,
            "revenue_4q": null,
            "common_shares": 315679,
            "book_valuer_per_share": 10.12,
            "book_valuer_per_share_4q_avg": 10.13,
            "equity": 340577,
            "current_ratio": 224.37,
            "debt_ratio": 42.23,
            "inventory_turnover_ratio": 2.19,
            "account_receivable_turnover_ratio": 1.34,
            "reinvestment_rate": 19.8,
            "research_to_sale_ratio": null,
            "price_fair": 80.03,
            "eps_avg_yearly": 2.29,
            "eps_latest_yearly": 1.64,
            "eps_growth_yearly": 82.79
        },
        "20173": {
            "year_quarter": 20173,
            "year": 2017,
            "quarter": 3,
            "eps": 0.43,
            "eps_growth_year": null,
            "eps_4q": 0.19,
            "eps_4q_growth_year": null,
            "roe": 3.96,
            "roe_4q": 0.31999999999999984,
            "gross_profit": 44385,
            "gross_margin": 13.19,
            "gross_margin_4q_avg": 11.92,
            "net_income": 13762,
            "net_income_4q": null,
            "revenue": 336444,
            "revenue_4q": null,
            "common_shares": 315679,
            "book_valuer_per_share": 10.57,
            "book_valuer_per_share_4q_avg": 10.16,
            "equity": 355138,
            "current_ratio": 165.96,
            "debt_ratio": 57.3,
            "inventory_turnover_ratio": 2.33,
            "account_receivable_turnover_ratio": 1.37,
            "reinvestment_rate": 25.52,
            "research_to_sale_ratio": null,
            "price_fair": 77.2,
            "eps_avg_yearly": 2.21,
            "eps_latest_yearly": 1.72,
            "eps_growth_yearly": 98.55
        },
        "20174": {
            "year_quarter": 20174,
            "year": 2017,
            "quarter": 4,
            "eps": 0.16,
            "eps_growth_year": null,
            "eps_4q": 0.66,
            "eps_4q_growth_year": null,
            "roe": 1.9,
            "roe_4q": 6.04,
            "gross_profit": 36307,
            "gross_margin": 9.77,
            "gross_margin_4q_avg": 12.75,
            "net_income": 6819,
            "net_income_4q": null,
            "revenue": 371606,
            "revenue_4q": null,
            "common_shares": 315679,
            "book_valuer_per_share": 10.77,
            "book_valuer_per_share_4q_avg": 10.32,
            "equity": 363494,
            "current_ratio": 165.69,
            "debt_ratio": 58.14,
            "inventory_turnover_ratio": 1.53,
            "account_receivable_turnover_ratio": 1.33,
            "reinvestment_rate": 24.55,
            "research_to_sale_ratio": null,
            "price_fair": 70.35,
            "eps_avg_yearly": 2.01,
            "eps_latest_yearly": 0.64,
            "eps_growth_yearly": 54.83
        },
        "20181": {
            "year_quarter": 20181,
            "year": 2018,
            "quarter": 1,
            "eps": 0.18,
            "eps_growth_year": null,
            "eps_4q": 1.06,
            "eps_4q_growth_year": null,
            "roe": 1.63,
            "roe_4q": 10.22,
            "gross_profit": 30115,
            "gross_margin": 9.7,
            "gross_margin_4q_avg": 12.13,
            "net_income": 5985,
            "net_income_4q": null,
            "revenue": 310425,
            "revenue_4q": null,
            "common_shares": 315679,
            "book_valuer_per_share": 10.96,
            "book_valuer_per_share_4q_avg": 10.61,
            "equity": 369946,
            "current_ratio": 183.23,
            "debt_ratio": 51.88,
            "inventory_turnover_ratio": 1.14,
            "account_receivable_turnover_ratio": 1.14,
            "reinvestment_rate": 21.39,
            "research_to_sale_ratio": null,
            "price_fair": 67.38,
            "eps_avg_yearly": 1.93,
            "eps_latest_yearly": 0.72,
            "eps_growth_yearly": 59.61
        },
        "20182": {
            "year_quarter": 20182,
            "year": 2018,
            "quarter": 2,
            "eps": 0.29,
            "eps_growth_year": 0,
            "eps_4q": 1.06,
            "eps_4q_growth_year": null,
            "roe": 2.99,
            "roe_4q": 10.48,
            "gross_profit": 42978,
            "gross_margin": 10.25,
            "gross_margin_4q_avg": 10.73,
            "net_income": 11178,
            "net_income_4q": null,
            "revenue": 419285,
            "revenue_4q": null,
            "common_shares": 315679,
            "book_valuer_per_share": 11.18,
            "book_valuer_per_share_4q_avg": 10.87,
            "equity": 378693,
            "current_ratio": 148.58,
            "debt_ratio": 65.02,
            "inventory_turnover_ratio": 1.43,
            "account_receivable_turnover_ratio": 1.27,
            "reinvestment_rate": 21.03,
            "research_to_sale_ratio": null,
            "price_fair": 61.95,
            "eps_avg_yearly": 1.77,
            "eps_latest_yearly": 1.16,
            "eps_growth_yearly": 54.46
        },
        "20183": {
            "year_quarter": 20183,
            "year": 2018,
            "quarter": 3,
            "eps": 0.2,
            "eps_growth_year": -53.49,
            "eps_4q": 0.74,
            "eps_4q_growth_year": 283.73,
            "roe": 1.74,
            "roe_4q": 8.26,
            "gross_profit": 45013,
            "gross_margin": 8.64,
            "gross_margin_4q_avg": 9.59,
            "net_income": 7525,
            "net_income_4q": null,
            "revenue": 520782,
            "revenue_4q": null,
            "common_shares": 365679,
            "book_valuer_per_share": 12.58,
            "book_valuer_per_share_4q_avg": 11.37,
            "equity": 485905,
            "current_ratio": 172.44,
            "debt_ratio": 56.48,
            "inventory_turnover_ratio": 1.63,
            "account_receivable_turnover_ratio": 1.12,
            "reinvestment_rate": 41.05,
            "research_to_sale_ratio": null,
            "price_fair": 3.74,
            "eps_avg_yearly": 1.25,
            "eps_latest_yearly": 0.8,
            "eps_growth_yearly": -15.23
        },
        "20184": {
            "year_quarter": 20184,
            "year": 2018,
            "quarter": 4,
            "eps": -0.09,
            "eps_growth_year": -159.45,
            "eps_4q": 0.51,
            "eps_4q_growth_year": -22.5,
            "roe": -0.24,
            "roe_4q": 6.12,
            "gross_profit": 30333,
            "gross_margin": 8.12,
            "gross_margin_4q_avg": 9.18,
            "net_income": -1188,
            "net_income_4q": null,
            "revenue": 373500,
            "revenue_4q": null,
            "common_shares": 365679,
            "book_valuer_per_share": 12.52,
            "book_valuer_per_share_4q_avg": 11.81,
            "equity": 485886,
            "current_ratio": 193.46,
            "debt_ratio": 49.94,
            "inventory_turnover_ratio": 1.28,
            "account_receivable_turnover_ratio": 0.84,
            "reinvestment_rate": 566.57,
            "research_to_sale_ratio": null,
            "price_fair": 27.92,
            "eps_avg_yearly": 1.11,
            "eps_latest_yearly": 0.8,
            "eps_growth_yearly": 15.05
        },
        "20191": {
            "year_quarter": 20191,
            "year": 2019,
            "quarter": 1,
            "eps": 0.1,
            "eps_growth_year": -44.44,
            "eps_4q": 0.46,
            "eps_4q_growth_year": -56.75,
            "roe": 1.18,
            "roe_4q": 5.67,
            "gross_profit": 30333,
            "gross_margin": 10.51,
            "gross_margin_4q_avg": 9.38,
            "net_income": 5778,
            "net_income_4q": null,
            "revenue": 288486,
            "revenue_4q": null,
            "common_shares": 365679,
            "book_valuer_per_share": 12.65,
            "book_valuer_per_share_4q_avg": 12.23,
            "equity": 493070,
            "current_ratio": 174.01,
            "debt_ratio": 55.67,
            "inventory_turnover_ratio": 0.95,
            "account_receivable_turnover_ratio": 0.87,
            "reinvestment_rate": null,
            "research_to_sale_ratio": null,
            "price_fair": 38.97,
            "eps_avg_yearly": 1.11,
            "eps_latest_yearly": 0.8,
            "eps_growth_yearly": 49.66
        },
        "20192": {
            "year_quarter": 20192,
            "year": 2019,
            "quarter": 2,
            "eps": 0.03,
            "eps_growth_year": -89.66,
            "eps_4q": 0.24,
            "eps_4q_growth_year": -77.57,
            "roe": 0.25,
            "roe_4q": 2.9299999999999997,
            "gross_profit": 29301,
            "gross_margin": 10.82,
            "gross_margin_4q_avg": 9.52,
            "net_income": 1210,
            "net_income_4q": null,
            "revenue": 270911,
            "revenue_4q": null,
            "common_shares": 365679,
            "book_valuer_per_share": 12.47,
            "book_valuer_per_share_4q_avg": 12.56,
            "equity": 486546,
            "current_ratio": 204.56,
            "debt_ratio": 47.23,
            "inventory_turnover_ratio": 0.95,
            "account_receivable_turnover_ratio": 1.01,
            "reinvestment_rate": null,
            "research_to_sale_ratio": null,
            "price_fair": 2.58,
            "eps_avg_yearly": 0.86,
            "eps_latest_yearly": 0.12,
            "eps_growth_yearly": -27.96
        },
        "20193": {
            "year_quarter": 20193,
            "year": 2019,
            "quarter": 3,
            "eps": -0.04,
            "eps_growth_year": -120,
            "eps_4q": -0,
            "eps_4q_growth_year": -100.63,
            "roe": -1.22,
            "roe_4q": -0.030000000000000027,
            "gross_profit": 24859,
            "gross_margin": 9.59,
            "gross_margin_4q_avg": 9.76,
            "net_income": -5893,
            "net_income_4q": null,
            "revenue": 259227,
            "revenue_4q": null,
            "common_shares": 365679,
            "book_valuer_per_share": 12.39,
            "book_valuer_per_share_4q_avg": 12.51,
            "equity": 478945,
            "current_ratio": 198.17,
            "debt_ratio": 52.86,
            "inventory_turnover_ratio": 1.14,
            "account_receivable_turnover_ratio": 1.28,
            "reinvestment_rate": null,
            "research_to_sale_ratio": null,
            "price_fair": 2.58,
            "eps_avg_yearly": 0.86,
            "eps_latest_yearly": 0.12,
            "eps_growth_yearly": -27.96
        },
        "20194": {
            "year_quarter": 20194,
            "year": 2019,
            "quarter": 4,
            "eps": 0.21,
            "eps_growth_year": null,
            "eps_4q": 0.3,
            "eps_4q_growth_year": -41.15,
            "roe": 1.85,
            "roe_4q": 2.06,
            "gross_profit": 33009,
            "gross_margin": 14.49,
            "gross_margin_4q_avg": 11.35,
            "net_income": 8960,
            "net_income_4q": null,
            "revenue": 227877,
            "revenue_4q": null,
            "common_shares": 365679,
            "book_valuer_per_share": 12.62,
            "book_valuer_per_share_4q_avg": 12.53,
            "equity": 488539,
            "current_ratio": 279.26,
            "debt_ratio": 41.68,
            "inventory_turnover_ratio": 1.09,
            "account_receivable_turnover_ratio": 1.29,
            "reinvestment_rate": 1877.53,
            "research_to_sale_ratio": null,
            "price_fair": 2.58,
            "eps_avg_yearly": 0.86,
            "eps_latest_yearly": 0.12,
            "eps_growth_yearly": -27.96
        },
        "20201": {
            "year_quarter": 20201,
            "year": 2020,
            "quarter": 1,
            "eps": 0.16,
            "eps_growth_year": 60,
            "eps_4q": 0.36,
            "eps_4q_growth_year": -20.94,
            "roe": 1.4,
            "roe_4q": 2.2800000000000002,
            "gross_profit": 24518,
            "gross_margin": 13.95,
            "gross_margin_4q_avg": 12.21,
            "net_income": 6859,
            "net_income_4q": null,
            "revenue": 175794,
            "revenue_4q": null,
            "common_shares": 365679,
            "book_valuer_per_share": 12.76,
            "book_valuer_per_share_4q_avg": 12.56,
            "equity": 494624,
            "current_ratio": 297.41,
            "debt_ratio": 40.1,
            "inventory_turnover_ratio": 0.88,
            "account_receivable_turnover_ratio": 1,
            "reinvestment_rate": 751.16,
            "research_to_sale_ratio": null,
            "price_fair": 2.49,
            "eps_avg_yearly": 0.83,
            "eps_latest_yearly": 0.64,
            "eps_growth_yearly": -37.57
        },
        "20202": {
            "year_quarter": 20202,
            "year": 2020,
            "quarter": 2,
            "eps": 0.08,
            "eps_growth_year": 166.67,
            "eps_4q": 0.41,
            "eps_4q_growth_year": 70.47,
            "roe": 0.83,
            "roe_4q": 2.8600000000000003,
            "gross_profit": 9904,
            "gross_margin": 5.33,
            "gross_margin_4q_avg": 10.84,
            "net_income": 3942,
            "net_income_4q": null,
            "revenue": 185835,
            "revenue_4q": null,
            "common_shares": 365679,
            "book_valuer_per_share": 12.58,
            "book_valuer_per_share_4q_avg": 12.59,
            "equity": 460098,
            "current_ratio": 291.56,
            "debt_ratio": 40.81,
            "inventory_turnover_ratio": 1.02,
            "account_receivable_turnover_ratio": 1.11,
            "reinvestment_rate": 394.61,
            "research_to_sale_ratio": null,
            "price_fair": 2.3,
            "eps_avg_yearly": 0.77,
            "eps_latest_yearly": 0.32,
            "eps_growth_yearly": -57.87
        },
        "20203": {
            "year_quarter": 20203,
            "year": 2020,
            "quarter": 3,
            "eps": 0.01,
            "eps_growth_year": null,
            "eps_4q": 0.46,
            "eps_4q_growth_year": null,
            "roe": 0.05,
            "roe_4q": 4.13,
            "gross_profit": 22231,
            "gross_margin": 13.23,
            "gross_margin_4q_avg": 11.75,
            "net_income": 214,
            "net_income_4q": null,
            "revenue": 167976,
            "revenue_4q": null,
            "common_shares": 365679,
            "book_valuer_per_share": 12.58,
            "book_valuer_per_share_4q_avg": 12.64,
            "equity": 460085,
            "current_ratio": 329.06,
            "debt_ratio": 39.67,
            "inventory_turnover_ratio": 0.88,
            "account_receivable_turnover_ratio": 1.03,
            "reinvestment_rate": 303.69,
            "research_to_sale_ratio": null,
            "price_fair": 2.05,
            "eps_avg_yearly": 0.68,
            "eps_latest_yearly": 0.04,
            "eps_growth_yearly": -90.33
        },
        "20204": {
            "year_quarter": 20204,
            "year": 2020,
            "quarter": 4,
            "eps": 0.11,
            "eps_growth_year": -49.15,
            "eps_4q": 0.35,
            "eps_4q_growth_year": 16.18,
            "roe": 0.86,
            "roe_4q": 3.1399999999999997,
            "gross_profit": 26526,
            "gross_margin": 11.92,
            "gross_margin_4q_avg": 11.11,
            "net_income": 3974,
            "net_income_4q": null,
            "revenue": 222571,
            "revenue_4q": null,
            "common_shares": 365679,
            "book_valuer_per_share": 12.7,
            "book_valuer_per_share_4q_avg": 12.66,
            "equity": 464441,
            "current_ratio": 331.57,
            "debt_ratio": 42.41,
            "inventory_turnover_ratio": 1.57,
            "account_receivable_turnover_ratio": 1.12,
            "reinvestment_rate": 330.32,
            "research_to_sale_ratio": null,
            "price_fair": 23.1,
            "eps_avg_yearly": 0.66,
            "eps_latest_yearly": 0.44,
            "eps_growth_yearly": 318.7
        },
        "20211": {
            "year_quarter": 20211,
            "year": 2021,
            "quarter": 1,
            "eps": 0.09,
            "eps_growth_year": -43.75,
            "eps_4q": 0.28,
            "eps_4q_growth_year": -21.3,
            "roe": 0.71,
            "roe_4q": 2.4499999999999997,
            "gross_profit": 28554,
            "gross_margin": 17.82,
            "gross_margin_4q_avg": 12.08,
            "net_income": 3316,
            "net_income_4q": null,
            "revenue": 160219,
            "revenue_4q": null,
            "common_shares": 365679,
            "book_valuer_per_share": 12.81,
            "book_valuer_per_share_4q_avg": 12.67,
            "equity": 468390,
            "current_ratio": 283.54,
            "debt_ratio": 44.78,
            "inventory_turnover_ratio": 1.08,
            "account_receivable_turnover_ratio": 0.74,
            "reinvestment_rate": 283.99,
            "research_to_sale_ratio": null,
            "price_fair": 22.15,
            "eps_avg_yearly": 0.63,
            "eps_latest_yearly": 0.36,
            "eps_growth_yearly": 283.12
        },
        "20212": {
            "year_quarter": 20212,
            "year": 2021,
            "quarter": 2,
            "eps": 0.31,
            "eps_growth_year": 287.5,
            "eps_4q": 0.52,
            "eps_4q_growth_year": 28.24,
            "roe": 2.43,
            "roe_4q": 4.05,
            "gross_profit": 42949,
            "gross_margin": 16.74,
            "gross_margin_4q_avg": 14.93,
            "net_income": 11515,
            "net_income_4q": null,
            "revenue": 256577,
            "revenue_4q": null,
            "common_shares": 365679,
            "book_valuer_per_share": 13.1,
            "book_valuer_per_share_4q_avg": 12.8,
            "equity": 479106,
            "current_ratio": 234.05,
            "debt_ratio": 48.82,
            "inventory_turnover_ratio": 1.24,
            "account_receivable_turnover_ratio": 1.07,
            "reinvestment_rate": 273.37,
            "research_to_sale_ratio": null,
            "price_fair": 23.92,
            "eps_avg_yearly": 0.68,
            "eps_latest_yearly": 1.24,
            "eps_growth_yearly": 341
        },
        "20213": {
            "year_quarter": 20213,
            "year": 2021,
            "quarter": 3,
            "eps": 0.28,
            "eps_growth_year": 2700,
            "eps_4q": 0.79,
            "eps_4q_growth_year": 74.02,
            "roe": 2.14,
            "roe_4q": 6.140000000000001,
            "gross_profit": 32299,
            "gross_margin": 12.38,
            "gross_margin_4q_avg": 14.72,
            "net_income": 10236,
            "net_income_4q": null,
            "revenue": 260810,
            "revenue_4q": null,
            "common_shares": 365679,
            "book_valuer_per_share": 13.1,
            "book_valuer_per_share_4q_avg": 12.93,
            "equity": 478996,
            "current_ratio": 202.97,
            "debt_ratio": 52.49,
            "inventory_turnover_ratio": 1.15,
            "account_receivable_turnover_ratio": 0.94,
            "reinvestment_rate": 280.6,
            "research_to_sale_ratio": null,
            "price_fair": 22.17,
            "eps_avg_yearly": 0.63,
            "eps_latest_yearly": 1.12,
            "eps_growth_yearly": 321.69
        },
        "20214": {
            "year_quarter": 20214,
            "year": 2021,
            "quarter": 4,
            "eps": 0.15,
            "eps_growth_year": 39,
            "eps_4q": 0.84,
            "eps_4q_growth_year": 138.12,
            "roe": 1.15,
            "roe_4q": 6.430000000000001,
            "gross_profit": 32748,
            "gross_margin": 10.15,
            "gross_margin_4q_avg": 14.27,
            "net_income": 5524,
            "net_income_4q": null,
            "revenue": 322764,
            "revenue_4q": null,
            "common_shares": 365679,
            "book_valuer_per_share": 13.25,
            "book_valuer_per_share_4q_avg": 13.07,
            "equity": 484611,
            "current_ratio": 183.24,
            "debt_ratio": 55.81,
            "inventory_turnover_ratio": 1.29,
            "account_receivable_turnover_ratio": 1,
            "reinvestment_rate": 282.52,
            "research_to_sale_ratio": null,
            "price_fair": 22.05,
            "eps_avg_yearly": 0.63,
            "eps_latest_yearly": 0.6,
            "eps_growth_yearly": 327.14
        },
        "20221": {
            "year_quarter": 20221,
            "year": 2022,
            "quarter": 1,
            "eps": 0.45,
            "eps_growth_year": 400,
            "eps_4q": 1.2,
            "eps_4q_growth_year": 322.05,
            "roe": 3.35,
            "roe_4q": 9.07,
            "gross_profit": 44814,
            "gross_margin": 13.65,
            "gross_margin_4q_avg": 13.23,
            "net_income": 16568,
            "net_income_4q": null,
            "revenue": 328343,
            "revenue_4q": null,
            "common_shares": 365679,
            "book_valuer_per_share": 13.76,
            "book_valuer_per_share_4q_avg": 13.3,
            "equity": 503107,
            "current_ratio": 167.88,
            "debt_ratio": 59.35,
            "inventory_turnover_ratio": 1.07,
            "account_receivable_turnover_ratio": 0.85,
            "reinvestment_rate": 249.75,
            "research_to_sale_ratio": 0.54,
            "price_fair": 25.2,
            "eps_avg_yearly": 0.72,
            "eps_latest_yearly": 1.8,
            "eps_growth_yearly": 389.64
        },
        "20222": {
            "year_quarter": 20222,
            "year": 2022,
            "quarter": 2,
            "eps": 0.35,
            "eps_growth_year": 12.9,
            "eps_4q": 1.23,
            "eps_4q_growth_year": 136.93,
            "roe": 2.54,
            "roe_4q": 9.180000000000001,
            "gross_profit": 44653,
            "gross_margin": 14.72,
            "gross_margin_4q_avg": 12.73,
            "net_income": 12733,
            "net_income_4q": null,
            "revenue": 303315,
            "revenue_4q": null,
            "common_shares": 365679,
            "book_valuer_per_share": 13.61,
            "book_valuer_per_share_4q_avg": 13.43,
            "equity": 497562,
            "current_ratio": 159.52,
            "debt_ratio": 61.55,
            "inventory_turnover_ratio": 0.76,
            "account_receivable_turnover_ratio": 0.77,
            "reinvestment_rate": 240.61,
            "research_to_sale_ratio": 0.55,
            "price_fair": 25.9,
            "eps_avg_yearly": 0.74,
            "eps_latest_yearly": 1.4,
            "eps_growth_yearly": 361.86
        },
        "20223": {
            "year_quarter": 20223,
            "year": 2022,
            "quarter": 3,
            "eps": -0.51,
            "eps_growth_year": -282.14,
            "eps_4q": 0.44,
            "eps_4q_growth_year": -44.94,
            "roe": -3.77,
            "roe_4q": 3.27,
            "gross_profit": 22214,
            "gross_margin": 5.01,
            "gross_margin_4q_avg": 10.88,
            "net_income": -18732,
            "net_income_4q": null,
            "revenue": 443788,
            "revenue_4q": null,
            "common_shares": 365679,
            "book_valuer_per_share": 13.53,
            "book_valuer_per_share_4q_avg": 13.54,
            "equity": 496407,
            "current_ratio": 140.77,
            "debt_ratio": 67.8,
            "inventory_turnover_ratio": 0.99,
            "account_receivable_turnover_ratio": 1.02,
            "reinvestment_rate": 359.26,
            "research_to_sale_ratio": 0.46,
            "price_fair": 25.71,
            "eps_avg_yearly": 0.73,
            "eps_latest_yearly": 1.4,
            "eps_growth_yearly": 406.05
        },
        "20224": {
            "year_quarter": 20224,
            "year": 2022,
            "quarter": 4,
            "eps": 0.09,
            "eps_growth_year": -38.29,
            "eps_4q": 0.32,
            "eps_4q_growth_year": -61.73,
            "roe": 0.72,
            "roe_4q": 2.8400000000000003,
            "gross_profit": 44649,
            "gross_margin": 13.04,
            "gross_margin_4q_avg": 11.61,
            "net_income": 4341,
            "net_income_4q": null,
            "revenue": 342272,
            "revenue_4q": null,
            "common_shares": 465679,
            "book_valuer_per_share": 15.18,
            "book_valuer_per_share_4q_avg": 14.02,
            "equity": 707133,
            "current_ratio": 197.05,
            "debt_ratio": 50.96,
            "inventory_turnover_ratio": 0.64,
            "account_receivable_turnover_ratio": 0.8,
            "reinvestment_rate": 327.38,
            "research_to_sale_ratio": 1.62,
            "price_fair": 25.71,
            "eps_avg_yearly": 0.73,
            "eps_latest_yearly": 1.4,
            "eps_growth_yearly": 406.05
        },
        "20231": {
            "year_quarter": 20231,
            "year": 2023,
            "quarter": 1,
            "eps": -0.03,
            "eps_growth_year": -106.67,
            "eps_4q": -0.07,
            "eps_4q_growth_year": -105.86,
            "roe": -0.23,
            "roe_4q": -0.7400000000000002,
            "gross_profit": 37904,
            "gross_margin": 11.21,
            "gross_margin_4q_avg": 11,
            "net_income": -1613,
            "net_income_4q": null,
            "revenue": 338114,
            "revenue_4q": null,
            "common_shares": 465679,
            "book_valuer_per_share": 15.15,
            "book_valuer_per_share_4q_avg": 14.37,
            "equity": 705617,
            "current_ratio": 212.66,
            "debt_ratio": 48.09,
            "inventory_turnover_ratio": 0.69,
            "account_receivable_turnover_ratio": 0.96,
            "reinvestment_rate": 352.34,
            "research_to_sale_ratio": 1.9,
            "price_fair": 25.71,
            "eps_avg_yearly": 0.73,
            "eps_latest_yearly": 1.4,
            "eps_growth_yearly": 406.05
        },
        "20232": {
            "year_quarter": 20232,
            "year": 2023,
            "quarter": 2,
            "eps": 0.37,
            "eps_growth_year": 5.71,
            "eps_4q": 0.03,
            "eps_4q_growth_year": -97.96,
            "roe": 2.45,
            "roe_4q": -0.8299999999999996,
            "gross_profit": 49525,
            "gross_margin": 13.97,
            "gross_margin_4q_avg": 10.81,
            "net_income": 17177,
            "net_income_4q": null,
            "revenue": 354586,
            "revenue_4q": null,
            "common_shares": 465679,
            "book_valuer_per_share": 15.02,
            "book_valuer_per_share_4q_avg": 14.72,
            "equity": 699352,
            "current_ratio": 227.83,
            "debt_ratio": 45.75,
            "inventory_turnover_ratio": 0.87,
            "account_receivable_turnover_ratio": 0.97,
            "reinvestment_rate": 280.11,
            "research_to_sale_ratio": 1.3,
            "price_fair": 27.86,
            "eps_avg_yearly": 0.8,
            "eps_latest_yearly": 1.4,
            "eps_growth_yearly": 474.65
        },
        "20233": {
            "year_quarter": 20233,
            "year": 2023,
            "quarter": 3,
            "eps": 0.08,
            "eps_growth_year": null,
            "eps_4q": 0.51,
            "eps_4q_growth_year": 16.37,
            "roe": 0.54,
            "roe_4q": 3.4800000000000004,
            "gross_profit": 31898,
            "gross_margin": 7.72,
            "gross_margin_4q_avg": 11.49,
            "net_income": 3793,
            "net_income_4q": null,
            "revenue": 413148,
            "revenue_4q": null,
            "common_shares": 465679,
            "book_valuer_per_share": 15.18,
            "book_valuer_per_share_4q_avg": 15.13,
            "equity": 706817,
            "current_ratio": 231.28,
            "debt_ratio": 44.81,
            "inventory_turnover_ratio": 1.58,
            "account_receivable_turnover_ratio": 1,
            "reinvestment_rate": 80.03,
            "research_to_sale_ratio": 1.44,
            "price_fair": 26.35,
            "eps_avg_yearly": 0.75,
            "eps_latest_yearly": 0.32,
            "eps_growth_yearly": 403
        }
    },
    "months": {
        "2004-01": {
            "month": "2004-01",
            "price": "28.00",
            "revenue": 184576
        },
        "2004-02": {
            "month": "2004-02",
            "price": "26.25",
            "revenue": 240247
        },
        "2004-03": {
            "month": "2004-03",
            "price": "23.17",
            "revenue": 352105
        },
        "2004-04": {
            "month": "2004-04",
            "price": "33.59",
            "revenue": 313071
        },
        "2004-05": {
            "month": "2004-05",
            "price": "37.86",
            "revenue": 190914
        },
        "2004-06": {
            "month": "2004-06",
            "price": "35.14",
            "revenue": 267826
        },
        "2004-07": {
            "month": "2004-07",
            "price": "35.25",
            "revenue": 245039
        },
        "2004-08": {
            "month": "2004-08",
            "price": "29.82",
            "revenue": 256661
        },
        "2004-09": {
            "month": "2004-09",
            "price": "23.91",
            "revenue": 320492
        },
        "2004-10": {
            "month": "2004-10",
            "price": "20.15",
            "revenue": 320773
        },
        "2004-11": {
            "month": "2004-11",
            "price": "13.39",
            "revenue": 316465
        },
        "2004-12": {
            "month": "2004-12",
            "price": "12.67",
            "revenue": 246444
        },
        "2005-01": {
            "month": "2005-01",
            "price": "12.22",
            "revenue": 262671
        },
        "2005-02": {
            "month": "2005-02",
            "price": "12.41",
            "revenue": 248878
        },
        "2005-03": {
            "month": "2005-03",
            "price": "13.19",
            "revenue": 280327
        },
        "2005-04": {
            "month": "2005-04",
            "price": "12.82",
            "revenue": 267826
        },
        "2005-05": {
            "month": "2005-05",
            "price": "12.71",
            "revenue": 269823
        },
        "2005-06": {
            "month": "2005-06",
            "price": "12.52",
            "revenue": 231640
        },
        "2005-07": {
            "month": "2005-07",
            "price": "12.78",
            "revenue": 301836
        },
        "2005-08": {
            "month": "2005-08",
            "price": "11.72",
            "revenue": 340787
        },
        "2005-09": {
            "month": "2005-09",
            "price": "10.75",
            "revenue": 356205
        },
        "2005-10": {
            "month": "2005-10",
            "price": "10.72",
            "revenue": 355796
        },
        "2005-11": {
            "month": "2005-11",
            "price": "10.12",
            "revenue": 433267
        },
        "2005-12": {
            "month": "2005-12",
            "price": "9.85",
            "revenue": 400635
        },
        "2006-01": {
            "month": "2006-01",
            "price": "10.28",
            "revenue": 330017
        },
        "2006-02": {
            "month": "2006-02",
            "price": "9.88",
            "revenue": 245235
        },
        "2006-03": {
            "month": "2006-03",
            "price": "9.67",
            "revenue": 336504
        },
        "2006-04": {
            "month": "2006-04",
            "price": "9.83",
            "revenue": 465052
        },
        "2006-05": {
            "month": "2006-05",
            "price": "12.24",
            "revenue": 479454
        },
        "2006-06": {
            "month": "2006-06",
            "price": "12.37",
            "revenue": 407013
        },
        "2006-07": {
            "month": "2006-07",
            "price": "12.00",
            "revenue": 364713
        },
        "2006-08": {
            "month": "2006-08",
            "price": "11.37",
            "revenue": 310972
        },
        "2006-09": {
            "month": "2006-09",
            "price": "12.13",
            "revenue": 305910
        },
        "2006-10": {
            "month": "2006-10",
            "price": "11.27",
            "revenue": 429026
        },
        "2006-11": {
            "month": "2006-11",
            "price": "11.09",
            "revenue": 440185
        },
        "2006-12": {
            "month": "2006-12",
            "price": "12.79",
            "revenue": 186825
        },
        "2007-01": {
            "month": "2007-01",
            "price": "11.98",
            "revenue": 158185
        },
        "2007-02": {
            "month": "2007-02",
            "price": "11.32",
            "revenue": 118845
        },
        "2007-03": {
            "month": "2007-03",
            "price": "11.00",
            "revenue": 199082
        },
        "2007-04": {
            "month": "2007-04",
            "price": "12.78",
            "revenue": 166487
        },
        "2007-05": {
            "month": "2007-05",
            "price": "13.77",
            "revenue": 313953
        },
        "2007-06": {
            "month": "2007-06",
            "price": "14.42",
            "revenue": 383060
        },
        "2007-07": {
            "month": "2007-07",
            "price": "14.93",
            "revenue": 369331
        },
        "2007-08": {
            "month": "2007-08",
            "price": "16.69",
            "revenue": 364253
        },
        "2007-09": {
            "month": "2007-09",
            "price": "17.01",
            "revenue": 416437
        },
        "2007-10": {
            "month": "2007-10",
            "price": "16.53",
            "revenue": 322931
        },
        "2007-11": {
            "month": "2007-11",
            "price": "13.50",
            "revenue": 250530
        },
        "2007-12": {
            "month": "2007-12",
            "price": "13.36",
            "revenue": 285979
        },
        "2008-01": {
            "month": "2008-01",
            "price": "13.37",
            "revenue": 266249
        },
        "2008-02": {
            "month": "2008-02",
            "price": "14.52",
            "revenue": 211678
        },
        "2008-03": {
            "month": "2008-03",
            "price": "14.42",
            "revenue": 232119
        },
        "2008-04": {
            "month": "2008-04",
            "price": "14.16",
            "revenue": 261670
        },
        "2008-05": {
            "month": "2008-05",
            "price": "13.03",
            "revenue": 239581
        },
        "2008-06": {
            "month": "2008-06",
            "price": "13.41",
            "revenue": 273274
        },
        "2008-07": {
            "month": "2008-07",
            "price": "12.38",
            "revenue": 159975
        },
        "2008-08": {
            "month": "2008-08",
            "price": "11.13",
            "revenue": 244191
        },
        "2008-09": {
            "month": "2008-09",
            "price": "10.47",
            "revenue": 404916
        },
        "2008-10": {
            "month": "2008-10",
            "price": "8.93",
            "revenue": 218344
        },
        "2008-11": {
            "month": "2008-11",
            "price": "7.62",
            "revenue": 186177
        },
        "2008-12": {
            "month": "2008-12",
            "price": "8.59",
            "revenue": 136382
        },
        "2009-01": {
            "month": "2009-01",
            "price": "6.49",
            "revenue": 82818
        },
        "2009-02": {
            "month": "2009-02",
            "price": "6.82",
            "revenue": 125371
        },
        "2009-03": {
            "month": "2009-03",
            "price": "7.12",
            "revenue": 152105
        },
        "2009-04": {
            "month": "2009-04",
            "price": "8.02",
            "revenue": 190958
        },
        "2009-05": {
            "month": "2009-05",
            "price": "8.95",
            "revenue": 197558
        },
        "2009-06": {
            "month": "2009-06",
            "price": "7.14",
            "revenue": 274427
        },
        "2009-07": {
            "month": "2009-07",
            "price": "6.92",
            "revenue": 196440
        },
        "2009-08": {
            "month": "2009-08",
            "price": "7.88",
            "revenue": 219373
        },
        "2009-09": {
            "month": "2009-09",
            "price": "8.02",
            "revenue": 171908
        },
        "2009-10": {
            "month": "2009-10",
            "price": "9.74",
            "revenue": 107527
        },
        "2009-11": {
            "month": "2009-11",
            "price": "10.15",
            "revenue": 107602
        },
        "2009-12": {
            "month": "2009-12",
            "price": "10.21",
            "revenue": 124666
        },
        "2010-01": {
            "month": "2010-01",
            "price": "10.87",
            "revenue": 132440
        },
        "2010-02": {
            "month": "2010-02",
            "price": "10.92",
            "revenue": 87061
        },
        "2010-03": {
            "month": "2010-03",
            "price": "12.61",
            "revenue": 104731
        },
        "2010-04": {
            "month": "2010-04",
            "price": "13.00",
            "revenue": 99743
        },
        "2010-05": {
            "month": "2010-05",
            "price": "15.88",
            "revenue": 87104
        },
        "2010-06": {
            "month": "2010-06",
            "price": "14.48",
            "revenue": 96567
        },
        "2010-07": {
            "month": "2010-07",
            "price": "15.82",
            "revenue": 186276
        },
        "2010-08": {
            "month": "2010-08",
            "price": "18.20",
            "revenue": 146187
        },
        "2010-09": {
            "month": "2010-09",
            "price": "19.22",
            "revenue": 79481
        },
        "2010-10": {
            "month": "2010-10",
            "price": "15.52",
            "revenue": 62493
        },
        "2010-11": {
            "month": "2010-11",
            "price": "17.26",
            "revenue": 80644
        },
        "2010-12": {
            "month": "2010-12",
            "price": "22.38",
            "revenue": 124766
        },
        "2011-01": {
            "month": "2011-01",
            "price": "22.13",
            "revenue": 134228
        },
        "2011-02": {
            "month": "2011-02",
            "price": "22.91",
            "revenue": 79819
        },
        "2011-03": {
            "month": "2011-03",
            "price": "22.15",
            "revenue": 125337
        },
        "2011-04": {
            "month": "2011-04",
            "price": "21.01",
            "revenue": 87092
        },
        "2011-05": {
            "month": "2011-05",
            "price": "17.78",
            "revenue": 92055
        },
        "2011-06": {
            "month": "2011-06",
            "price": "16.92",
            "revenue": 93992
        },
        "2011-07": {
            "month": "2011-07",
            "price": "14.67",
            "revenue": 113989
        },
        "2011-08": {
            "month": "2011-08",
            "price": "11.82",
            "revenue": 107553
        },
        "2011-09": {
            "month": "2011-09",
            "price": "11.15",
            "revenue": 114913
        },
        "2011-10": {
            "month": "2011-10",
            "price": "11.08",
            "revenue": 81013
        },
        "2011-11": {
            "month": "2011-11",
            "price": "10.02",
            "revenue": 78185
        },
        "2011-12": {
            "month": "2011-12",
            "price": "7.42",
            "revenue": 90659
        },
        "2012-01": {
            "month": "2012-01",
            "price": "7.22",
            "revenue": 80310
        },
        "2012-02": {
            "month": "2012-02",
            "price": "9.41",
            "revenue": 104651
        },
        "2012-03": {
            "month": "2012-03",
            "price": "9.17",
            "revenue": 161788
        },
        "2012-04": {
            "month": "2012-04",
            "price": "8.21",
            "revenue": 194893
        },
        "2012-05": {
            "month": "2012-05",
            "price": "9.36",
            "revenue": 220424
        },
        "2012-06": {
            "month": "2012-06",
            "price": "15.31",
            "revenue": 126580
        },
        "2012-07": {
            "month": "2012-07",
            "price": "14.95",
            "revenue": 147962
        },
        "2012-08": {
            "month": "2012-08",
            "price": "15.71",
            "revenue": 105524
        },
        "2012-09": {
            "month": "2012-09",
            "price": "14.18",
            "revenue": 133360
        },
        "2012-10": {
            "month": "2012-10",
            "price": "12.10",
            "revenue": 110177
        },
        "2012-11": {
            "month": "2012-11",
            "price": "10.52",
            "revenue": 118372
        },
        "2012-12": {
            "month": "2012-12",
            "price": "10.89",
            "revenue": 124245
        },
        "2013-01": {
            "month": "2013-01",
            "price": "12.19",
            "revenue": 165454
        },
        "2013-02": {
            "month": "2013-02",
            "price": "12.97",
            "revenue": 63336
        },
        "2013-03": {
            "month": "2013-03",
            "price": "13.81",
            "revenue": 116441
        },
        "2013-04": {
            "month": "2013-04",
            "price": "12.80",
            "revenue": 118231
        },
        "2013-05": {
            "month": "2013-05",
            "price": "11.48",
            "revenue": 93822
        },
        "2013-06": {
            "month": "2013-06",
            "price": "10.75",
            "revenue": 78124
        },
        "2013-07": {
            "month": "2013-07",
            "price": "10.74",
            "revenue": 60219
        },
        "2013-08": {
            "month": "2013-08",
            "price": "10.89",
            "revenue": 60575
        },
        "2013-09": {
            "month": "2013-09",
            "price": "11.72",
            "revenue": 63719
        },
        "2013-10": {
            "month": "2013-10",
            "price": "11.28",
            "revenue": 94363
        },
        "2013-11": {
            "month": "2013-11",
            "price": "10.39",
            "revenue": 50765
        },
        "2013-12": {
            "month": "2013-12",
            "price": "10.97",
            "revenue": 42079
        },
        "2014-01": {
            "month": "2014-01",
            "price": "17.76",
            "revenue": 41098
        },
        "2014-02": {
            "month": "2014-02",
            "price": "32.03",
            "revenue": 47007
        },
        "2014-03": {
            "month": "2014-03",
            "price": "46.12",
            "revenue": 68950
        },
        "2014-04": {
            "month": "2014-04",
            "price": "49.69",
            "revenue": 67095
        },
        "2014-05": {
            "month": "2014-05",
            "price": "46.91",
            "revenue": 69415
        },
        "2014-06": {
            "month": "2014-06",
            "price": "52.44",
            "revenue": 63257
        },
        "2014-07": {
            "month": "2014-07",
            "price": "62.04",
            "revenue": 66187
        },
        "2014-08": {
            "month": "2014-08",
            "price": "60.15",
            "revenue": 69655
        },
        "2014-09": {
            "month": "2014-09",
            "price": "74.27",
            "revenue": 159442
        },
        "2014-10": {
            "month": "2014-10",
            "price": "73.37",
            "revenue": 76637
        },
        "2014-11": {
            "month": "2014-11",
            "price": "64.88",
            "revenue": 61152
        },
        "2014-12": {
            "month": "2014-12",
            "price": "61.75",
            "revenue": 66624
        },
        "2015-01": {
            "month": "2015-01",
            "price": "55.44",
            "revenue": 68335
        },
        "2015-02": {
            "month": "2015-02",
            "price": "55.81",
            "revenue": 43972
        },
        "2015-03": {
            "month": "2015-03",
            "price": "55.70",
            "revenue": 68952
        },
        "2015-04": {
            "month": "2015-04",
            "price": "49.64",
            "revenue": 72850
        },
        "2015-05": {
            "month": "2015-05",
            "price": "45.64",
            "revenue": 82728
        },
        "2015-06": {
            "month": "2015-06",
            "price": "38.52",
            "revenue": 78808
        },
        "2015-07": {
            "month": "2015-07",
            "price": "32.18",
            "revenue": 60995
        },
        "2015-08": {
            "month": "2015-08",
            "price": "27.44",
            "revenue": 53230
        },
        "2015-09": {
            "month": "2015-09",
            "price": "23.50",
            "revenue": 49864
        },
        "2015-10": {
            "month": "2015-10",
            "price": "23.59",
            "revenue": 47568
        },
        "2015-11": {
            "month": "2015-11",
            "price": "30.10",
            "revenue": 44809
        },
        "2015-12": {
            "month": "2015-12",
            "price": "28.03",
            "revenue": 43180
        },
        "2016-01": {
            "month": "2016-01",
            "price": "25.87",
            "revenue": 47394
        },
        "2016-02": {
            "month": "2016-02",
            "price": "23.52",
            "revenue": 31553
        },
        "2016-03": {
            "month": "2016-03",
            "price": "24.33",
            "revenue": 46058
        },
        "2016-04": {
            "month": "2016-04",
            "price": "19.59",
            "revenue": 46069
        },
        "2016-05": {
            "month": "2016-05",
            "price": "16.85",
            "revenue": 40422
        },
        "2016-06": {
            "month": "2016-06",
            "price": "23.84",
            "revenue": 41132
        },
        "2016-07": {
            "month": "2016-07",
            "price": "23.16",
            "revenue": 49776
        },
        "2016-08": {
            "month": "2016-08",
            "price": "21.55",
            "revenue": 43926
        },
        "2016-09": {
            "month": "2016-09",
            "price": "19.15",
            "revenue": 39838
        },
        "2016-10": {
            "month": "2016-10",
            "price": "20.44",
            "revenue": 39635
        },
        "2016-11": {
            "month": "2016-11",
            "price": "17.87",
            "revenue": 32887
        },
        "2016-12": {
            "month": "2016-12",
            "price": "19.77",
            "revenue": 43256
        },
        "2017-01": {
            "month": "2017-01",
            "price": "19.45",
            "revenue": 36526
        },
        "2017-02": {
            "month": "2017-02",
            "price": "19.92",
            "revenue": 46145
        },
        "2017-03": {
            "month": "2017-03",
            "price": "19.13",
            "revenue": 59582
        },
        "2017-04": {
            "month": "2017-04",
            "price": "18.19",
            "revenue": 80953
        },
        "2017-05": {
            "month": "2017-05",
            "price": "21.42",
            "revenue": 70929
        },
        "2017-06": {
            "month": "2017-06",
            "price": "22.88",
            "revenue": 76027
        },
        "2017-07": {
            "month": "2017-07",
            "price": "22.12",
            "revenue": 84358
        },
        "2017-08": {
            "month": "2017-08",
            "price": "25.58",
            "revenue": 110598
        },
        "2017-09": {
            "month": "2017-09",
            "price": "28.01",
            "revenue": 141488
        },
        "2017-10": {
            "month": "2017-10",
            "price": "39.40",
            "revenue": 130538
        },
        "2017-11": {
            "month": "2017-11",
            "price": "37.39",
            "revenue": 127595
        },
        "2017-12": {
            "month": "2017-12",
            "price": "31.04",
            "revenue": 111321
        },
        "2018-01": {
            "month": "2018-01",
            "price": "30.81",
            "revenue": 97538
        },
        "2018-02": {
            "month": "2018-02",
            "price": "29.18",
            "revenue": 86996
        },
        "2018-03": {
            "month": "2018-03",
            "price": "28.00",
            "revenue": 125891
        },
        "2018-04": {
            "month": "2018-04",
            "price": "26.84",
            "revenue": 135935
        },
        "2018-05": {
            "month": "2018-05",
            "price": "24.97",
            "revenue": 135481
        },
        "2018-06": {
            "month": "2018-06",
            "price": "26.32",
            "revenue": 147868
        },
        "2018-07": {
            "month": "2018-07",
            "price": "24.40",
            "revenue": 198130
        },
        "2018-08": {
            "month": "2018-08",
            "price": "23.08",
            "revenue": 194480
        },
        "2018-09": {
            "month": "2018-09",
            "price": "24.04",
            "revenue": 128093
        },
        "2018-10": {
            "month": "2018-10",
            "price": "19.46",
            "revenue": 110697
        },
        "2018-11": {
            "month": "2018-11",
            "price": "17.72",
            "revenue": 131684
        },
        "2018-12": {
            "month": "2018-12",
            "price": "18.48",
            "revenue": 131178
        },
        "2019-01": {
            "month": "2019-01",
            "price": "18.51",
            "revenue": 103523
        },
        "2019-02": {
            "month": "2019-02",
            "price": "18.32",
            "revenue": 79877
        },
        "2019-03": {
            "month": "2019-03",
            "price": "18.53",
            "revenue": 105087
        },
        "2019-04": {
            "month": "2019-04",
            "price": "19.58",
            "revenue": 131531
        },
        "2019-05": {
            "month": "2019-05",
            "price": "18.04",
            "revenue": 65037
        },
        "2019-06": {
            "month": "2019-06",
            "price": "17.82",
            "revenue": 74342
        },
        "2019-07": {
            "month": "2019-07",
            "price": "17.02",
            "revenue": 73395
        },
        "2019-08": {
            "month": "2019-08",
            "price": "15.50",
            "revenue": 80824
        },
        "2019-09": {
            "month": "2019-09",
            "price": "15.51",
            "revenue": 105009
        },
        "2019-10": {
            "month": "2019-10",
            "price": "15.44",
            "revenue": 79784
        },
        "2019-11": {
            "month": "2019-11",
            "price": "15.58",
            "revenue": 78894
        },
        "2019-12": {
            "month": "2019-12",
            "price": "15.22",
            "revenue": 68818
        },
        "2020-01": {
            "month": "2020-01",
            "price": "16.04",
            "revenue": 49849
        },
        "2020-02": {
            "month": "2020-02",
            "price": "18.74",
            "revenue": 50911
        },
        "2020-03": {
            "month": "2020-03",
            "price": "16.22",
            "revenue": 75034
        },
        "2020-04": {
            "month": "2020-04",
            "price": "17.50",
            "revenue": 55347
        },
        "2020-05": {
            "month": "2020-05",
            "price": "20.41",
            "revenue": 54788
        },
        "2020-06": {
            "month": "2020-06",
            "price": "19.22",
            "revenue": 75700
        },
        "2020-07": {
            "month": "2020-07",
            "price": "17.88",
            "revenue": 61393
        },
        "2020-08": {
            "month": "2020-08",
            "price": "16.98",
            "revenue": 50683
        },
        "2020-09": {
            "month": "2020-09",
            "price": "18.99",
            "revenue": 55899
        },
        "2020-10": {
            "month": "2020-10",
            "price": "19.46",
            "revenue": 87105
        },
        "2020-11": {
            "month": "2020-11",
            "price": "17.39",
            "revenue": 59348
        },
        "2020-12": {
            "month": "2020-12",
            "price": "16.60",
            "revenue": 76497
        },
        "2021-01": {
            "month": "2021-01",
            "price": "15.26",
            "revenue": 52788
        },
        "2021-02": {
            "month": "2021-02",
            "price": "14.99",
            "revenue": 41184
        },
        "2021-03": {
            "month": "2021-03",
            "price": "15.51",
            "revenue": 66247
        },
        "2021-04": {
            "month": "2021-04",
            "price": "19.55",
            "revenue": 90075
        },
        "2021-05": {
            "month": "2021-05",
            "price": "22.78",
            "revenue": 84789
        },
        "2021-06": {
            "month": "2021-06",
            "price": "21.43",
            "revenue": 81712
        },
        "2021-07": {
            "month": "2021-07",
            "price": "20.57",
            "revenue": 92282
        },
        "2021-08": {
            "month": "2021-08",
            "price": "20.05",
            "revenue": 92193
        },
        "2021-09": {
            "month": "2021-09",
            "price": "30.26",
            "revenue": 76336
        },
        "2021-10": {
            "month": "2021-10",
            "price": "34.71",
            "revenue": 78169
        },
        "2021-11": {
            "month": "2021-11",
            "price": "28.49",
            "revenue": 97316
        },
        "2021-12": {
            "month": "2021-12",
            "price": "28.02",
            "revenue": 147279
        },
        "2022-01": {
            "month": "2022-01",
            "price": "31.36",
            "revenue": 100656
        },
        "2022-02": {
            "month": "2022-02",
            "price": "27.62",
            "revenue": 102723
        },
        "2022-03": {
            "month": "2022-03",
            "price": "27.83",
            "revenue": 124964
        },
        "2022-04": {
            "month": "2022-04",
            "price": "31.93",
            "revenue": 111656
        },
        "2022-05": {
            "month": "2022-05",
            "price": "33.70",
            "revenue": 85918
        },
        "2022-06": {
            "month": "2022-06",
            "price": "29.37",
            "revenue": 105741
        },
        "2022-07": {
            "month": "2022-07",
            "price": "26.73",
            "revenue": 93970
        },
        "2022-08": {
            "month": "2022-08",
            "price": "28.92",
            "revenue": 144669
        },
        "2022-09": {
            "month": "2022-09",
            "price": "32.06",
            "revenue": 205150
        },
        "2022-10": {
            "month": "2022-10",
            "price": "29.10",
            "revenue": 138050
        },
        "2022-11": {
            "month": "2022-11",
            "price": "32.15",
            "revenue": 105866
        },
        "2022-12": {
            "month": "2022-12",
            "price": "32.45",
            "revenue": 98355
        },
        "2023-01": {
            "month": "2023-01",
            "price": "30.67",
            "revenue": 100538
        },
        "2023-02": {
            "month": "2023-02",
            "price": "30.22",
            "revenue": 111349
        },
        "2023-03": {
            "month": "2023-03",
            "price": "29.97",
            "revenue": 126227
        },
        "2023-04": {
            "month": "2023-04",
            "price": "29.33",
            "revenue": 116834
        },
        "2023-05": {
            "month": "2023-05",
            "price": "29.13",
            "revenue": 109215
        },
        "2023-06": {
            "month": "2023-06",
            "price": "27.11",
            "revenue": 128537
        },
        "2023-07": {
            "month": "2023-07",
            "price": "26.10",
            "revenue": 125430
        },
        "2023-08": {
            "month": "2023-08",
            "price": "23.98",
            "revenue": 159839
        },
        "2023-09": {
            "month": "2023-09",
            "price": "24.50",
            "revenue": 127880
        },
        "2023-10": {
            "month": "2023-10",
            "price": "23.07",
            "revenue": 143896
        },
        "2023-11": {
            "month": "2023-11",
            "price": "22.62",
            "revenue": 120495
        }
    }
}
