{
    "summary": {
        "stock_name": "光環",
        "stock_id": "3234",
        "category": "通信網路",
        "main_business": "應用於光纖通訊、4G/5G基地台/雲端/3D感測使用之<br>垂直共振腔面射型雷射(VCSEL)、<br>FP/DFB、PIN/PINTIA之各型式產品。",
        "website_url": "http://www.truelight.com.tw",
        "ceo": "劉漢興",
        "pe_ratio": -11,
        "report_year_from": 2002,
        "report_year_to": 2023,
        "age": 22,
        "eps_negative_percentage": 40,
        "eps_growth_avg": {
            "last_all": 5.82,
            "last_2y": -100,
            "last_4y": -100,
            "last_8y": -41.83,
            "last_12y": -0.73,
            "last_16y": null,
            "last_20y": null,
            "at_2006_last_3y": null,
            "at_2007_last_3y": null,
            "at_2008_last_3y": null,
            "at_2009_last_3y": null,
            "at_2010_last_3y": null,
            "at_2011_last_3y": null,
            "at_2012_last_3y": null,
            "at_2013_last_3y": 29.91,
            "at_2014_last_3y": 40.37,
            "at_2015_last_3y": 47.26,
            "at_2016_last_3y": 20.44,
            "at_2017_last_3y": 8.17,
            "at_2018_last_3y": -22.43,
            "at_2019_last_3y": -83.65,
            "at_2020_last_3y": -100,
            "at_2021_last_3y": -100,
            "at_2022_last_3y": -100,
            "at_2023_last_3y": -100,
            "at_2024_last_3y": -100,
            "at_2006_last_all": null,
            "at_2007_last_all": null,
            "at_2008_last_all": null,
            "at_2009_last_all": null,
            "at_2010_last_all": null,
            "at_2011_last_all": 65.3,
            "at_2012_last_all": 56.87,
            "at_2013_last_all": 29.91,
            "at_2014_last_all": 43.93,
            "at_2015_last_all": 53.27,
            "at_2016_last_all": 36.05,
            "at_2017_last_all": 19.04,
            "at_2018_last_all": 19.04,
            "at_2019_last_all": 19.04,
            "at_2020_last_all": 19.04,
            "at_2021_last_all": 5.82,
            "at_2022_last_all": 5.82,
            "at_2023_last_all": 5.82,
            "at_2024_last_all": 5.82
        },
        "latest_eps": -2.53,
        "latest_price": 26.85,
        "latest_roe": -33.06,
        "latest_gross_margin": 6.76,
        "latest_equity": 892160,
        "latest_revenue": 162436,
        "latest_gross_profit": 10986,
        "latest_net_income": -99472,
        "latest_debt_ratio": 35.89,
        "latest_current_ratio": 274.46,
        "latest_account_receivable_turnover_ratio": 1.74,
        "latest_inventory_turnover_ratio": 0.39,
        "latest_reinvestment_rate": null,
        "latest_research_to_sale_ratio": 36.58
    },
    "eps_dividends": {
        "2001": {
            "cash": 0,
            "stock": 0,
            "eps": 0
        },
        "2002": {
            "cash": 0,
            "stock": 0,
            "eps": 0
        },
        "2003": {
            "cash": 0,
            "stock": 0,
            "eps": 0
        },
        "2004": {
            "cash": 0,
            "stock": 0,
            "eps": 0
        },
        "2005": {
            "cash": 0,
            "stock": 0,
            "eps": 0
        },
        "2006": {
            "cash": 0,
            "stock": 0,
            "eps": 0
        },
        "2007": {
            "cash": 0,
            "stock": 0,
            "eps": 0
        },
        "2008": {
            "cash": 0.9,
            "stock": 0.1,
            "eps": 0
        },
        "2009": {
            "cash": 0,
            "stock": 0,
            "eps": 0.55
        },
        "2010": {
            "cash": 0.52,
            "stock": 0,
            "eps": 0.87
        },
        "2011": {
            "cash": 1,
            "stock": 0,
            "eps": 1.5
        },
        "2012": {
            "cash": 1.49,
            "stock": 0,
            "eps": 2.1
        },
        "2013": {
            "cash": 0.1,
            "stock": 0.6,
            "eps": 1.03
        },
        "2014": {
            "cash": 0.95,
            "stock": 0,
            "eps": 2.95
        },
        "2015": {
            "cash": 2.7,
            "stock": 0,
            "eps": 7.89
        },
        "2016": {
            "cash": 5,
            "stock": 0,
            "eps": 2.58
        },
        "2017": {
            "cash": 1,
            "stock": 0,
            "eps": -8.96
        },
        "2018": {
            "cash": 0,
            "stock": 0,
            "eps": -2.47
        },
        "2019": {
            "cash": 0,
            "stock": 0,
            "eps": -4.36
        },
        "2020": {
            "cash": 0,
            "stock": 0,
            "eps": 0.09
        },
        "2021": {
            "cash": 0,
            "stock": 0,
            "eps": -1.74
        },
        "2022": {
            "cash": 0,
            "stock": 0,
            "eps": -0.35
        },
        "2023": {
            "cash": 0,
            "stock": 0,
            "eps": -2.69
        }
    },
    "dividends": {
        "2008-05-13": {
            "cash": 0.9,
            "stock": 0.1
        },
        "2010-04-02": {
            "cash": 0.52,
            "stock": 0
        },
        "2011-04-22": {
            "cash": 1,
            "stock": 0
        },
        "2012-03-13": {
            "cash": 1.49,
            "stock": 0
        },
        "2013-06-18": {
            "cash": 0.1,
            "stock": 0.6
        },
        "2014-05-30": {
            "cash": 0.95,
            "stock": 0
        },
        "2015-08-14": {
            "cash": 2.7,
            "stock": 0
        },
        "2016-06-30": {
            "cash": 5,
            "stock": 0
        },
        "2017-07-31": {
            "cash": 1,
            "stock": 0
        }
    },
    "prices": {
        "200101": "無",
        "200102": "無",
        "200103": "無",
        "200104": "無",
        "200105": "無",
        "200106": "無",
        "200107": "無",
        "200108": "無",
        "200109": "無",
        "200110": "無",
        "200111": "無",
        "200112": "無",
        "200201": "無",
        "200202": "無",
        "200203": "無",
        "200204": "無",
        "200205": "無",
        "200206": "無",
        "200207": "無",
        "200208": "無",
        "200209": "無",
        "200210": "無",
        "200211": "無",
        "200212": "無",
        "200301": "無",
        "200302": "無",
        "200303": "無",
        "200304": "無",
        "200305": "無",
        "200306": "無",
        "200307": "無",
        "200308": "無",
        "200309": "無",
        "200310": "16.43",
        "200311": "15.61",
        "200312": "14.85",
        "200401": "13.88",
        "200402": "15.00",
        "200403": "15.15",
        "200404": "16.05",
        "200405": "無",
        "200406": "13.67",
        "200407": "12.26",
        "200408": "9.55",
        "200409": "10.06",
        "200410": "無",
        "200411": "無",
        "200412": "8.22",
        "200501": "7.26",
        "200502": "6.95",
        "200503": "6.58",
        "200504": "6.07",
        "200505": "6.84",
        "200506": "7.66",
        "200507": "8.31",
        "200508": "9.05",
        "200509": "8.21",
        "200510": "7.01",
        "200511": "4.51",
        "200512": "4.59",
        "200601": "5.73",
        "200602": "5.20",
        "200603": "7.40",
        "200604": "9.92",
        "200605": "14.02",
        "200606": "11.87",
        "200607": "9.85",
        "200608": "10.19",
        "200609": "10.18",
        "200610": "9.96",
        "200611": "10.41",
        "200612": "13.77",
        "200701": "16.47",
        "200702": "22.13",
        "200703": "28.81",
        "200704": "43.52",
        "200705": "44.32",
        "200706": "49.25",
        "200707": "58.33",
        "200708": "51.23",
        "200709": "47.91",
        "200710": "39.91",
        "200711": "32.91",
        "200712": "33.23",
        "200801": "26.63",
        "200802": "22.48",
        "200803": "23.33",
        "200804": "23.97",
        "200805": "27.30",
        "200806": "27.27",
        "200807": "21.92",
        "200808": "20.42",
        "200809": "13.26",
        "200810": "9.45",
        "200811": "7.49",
        "200812": "6.30",
        "200901": "7.09",
        "200902": "7.67",
        "200903": "11.88",
        "200904": "12.81",
        "200905": "12.34",
        "200906": "10.13",
        "200907": "11.50",
        "200908": "12.42",
        "200909": "11.14",
        "200910": "12.84",
        "200911": "14.05",
        "200912": "18.63",
        "201001": "20.17",
        "201002": "19.74",
        "201003": "24.06",
        "201004": "26.99",
        "201005": "23.40",
        "201006": "20.38",
        "201007": "21.56",
        "201008": "25.49",
        "201009": "27.67",
        "201010": "29.01",
        "201011": "26.37",
        "201012": "28.41",
        "201101": "27.31",
        "201102": "29.63",
        "201103": "28.16",
        "201104": "31.35",
        "201105": "28.50",
        "201106": "26.24",
        "201107": "23.98",
        "201108": "16.64",
        "201109": "15.65",
        "201110": "16.78",
        "201111": "15.99",
        "201112": "14.58",
        "201201": "16.74",
        "201202": "22.83",
        "201203": "25.79",
        "201204": "25.04",
        "201205": "23.53",
        "201206": "22.19",
        "201207": "21.06",
        "201208": "23.40",
        "201209": "23.74",
        "201210": "23.19",
        "201211": "21.79",
        "201212": "24.20",
        "201301": "28.64",
        "201302": "28.77",
        "201303": "26.85",
        "201304": "29.15",
        "201305": "26.91",
        "201306": "23.02",
        "201307": "22.78",
        "201308": "22.38",
        "201309": "22.69",
        "201310": "22.61",
        "201311": "20.99",
        "201312": "21.04",
        "201401": "21.05",
        "201402": "21.42",
        "201403": "25.49",
        "201404": "25.46",
        "201405": "24.97",
        "201406": "25.20",
        "201407": "24.34",
        "201408": "23.90",
        "201409": "25.30",
        "201410": "27.36",
        "201411": "28.36",
        "201412": "33.09",
        "201501": "38.98",
        "201502": "40.63",
        "201503": "48.74",
        "201504": "56.42",
        "201505": "64.85",
        "201506": "88.28",
        "201507": "81.15",
        "201508": "68.52",
        "201509": "79.60",
        "201510": "99.85",
        "201511": "106.19",
        "201512": "94.80",
        "201601": "84.14",
        "201602": "91.45",
        "201603": "97.90",
        "201604": "85.09",
        "201605": "70.83",
        "201606": "74.94",
        "201607": "68.99",
        "201608": "69.76",
        "201609": "69.39",
        "201610": "59.77",
        "201611": "49.82",
        "201612": "54.84",
        "201701": "54.94",
        "201702": "59.71",
        "201703": "58.67",
        "201704": "53.71",
        "201705": "41.24",
        "201706": "40.14",
        "201707": "38.43",
        "201708": "32.72",
        "201709": "34.97",
        "201710": "36.59",
        "201711": "35.12",
        "201712": "40.84",
        "201801": "39.13",
        "201802": "32.53",
        "201803": "30.44",
        "201804": "27.73",
        "201805": "25.21",
        "201806": "34.04",
        "201807": "33.72",
        "201808": "30.28",
        "201809": "27.73",
        "201810": "24.12",
        "201811": "22.93",
        "201812": "29.61",
        "201901": "35.95",
        "201902": "35.35",
        "201903": "35.92",
        "201904": "33.56",
        "201905": "25.79",
        "201906": "25.98",
        "201907": "28.01",
        "201908": "26.86",
        "201909": "29.23",
        "201910": "29.97",
        "201911": "32.80",
        "201912": "34.86",
        "202001": "38.94",
        "202002": "35.15",
        "202003": "27.54",
        "202004": "29.04",
        "202005": "35.52",
        "202006": "38.58",
        "202007": "50.63",
        "202008": "44.43",
        "202009": "40.62",
        "202010": "37.17",
        "202011": "43.00",
        "202012": "43.20",
        "202101": "38.47",
        "202102": "39.18",
        "202103": "40.81",
        "202104": "39.28",
        "202105": "29.97",
        "202106": "29.99",
        "202107": "30.66",
        "202108": "28.43",
        "202109": "26.37",
        "202110": "25.62",
        "202111": "28.26",
        "202112": "27.17",
        "202201": "26.59",
        "202202": "25.47",
        "202203": "24.54",
        "202204": "22.76",
        "202205": "20.45",
        "202206": "21.90",
        "202207": "24.41",
        "202208": "27.08",
        "202209": "25.95",
        "202210": "21.23",
        "202211": "22.37",
        "202212": "23.95",
        "202301": "21.63",
        "202302": "23.00",
        "202303": "24.32",
        "202304": "24.30",
        "202305": "22.34",
        "202306": "23.02",
        "202307": "29.64",
        "202308": "26.88",
        "202309": "25.09",
        "202310": "30.58",
        "202311": "28.45",
        "202312": "28.69"
    },
    "quarters": {
        "20011": {
            "year_quarter": 20011,
            "year": 2001,
            "quarter": 1,
            "eps": null,
            "eps_growth_year": null,
            "eps_4q": null,
            "eps_4q_growth_year": null,
            "roe": null,
            "roe_4q": 0,
            "gross_profit": null,
            "gross_margin": null,
            "gross_margin_4q_avg": 0,
            "net_income": null,
            "net_income_4q": null,
            "revenue": null,
            "revenue_4q": null,
            "common_shares": null,
            "book_valuer_per_share": null,
            "book_valuer_per_share_4q_avg": 0,
            "equity": null,
            "current_ratio": null,
            "debt_ratio": null,
            "inventory_turnover_ratio": null,
            "account_receivable_turnover_ratio": null,
            "reinvestment_rate": null,
            "research_to_sale_ratio": null,
            "price_fair": 0,
            "eps_avg_yearly": 0,
            "eps_latest_yearly": 0,
            "eps_growth_yearly": 0
        },
        "20012": {
            "year_quarter": 20012,
            "year": 2001,
            "quarter": 2,
            "eps": null,
            "eps_growth_year": null,
            "eps_4q": null,
            "eps_4q_growth_year": null,
            "roe": null,
            "roe_4q": 0,
            "gross_profit": null,
            "gross_margin": null,
            "gross_margin_4q_avg": 0,
            "net_income": null,
            "net_income_4q": null,
            "revenue": null,
            "revenue_4q": null,
            "common_shares": null,
            "book_valuer_per_share": null,
            "book_valuer_per_share_4q_avg": 0,
            "equity": null,
            "current_ratio": null,
            "debt_ratio": null,
            "inventory_turnover_ratio": null,
            "account_receivable_turnover_ratio": null,
            "reinvestment_rate": null,
            "research_to_sale_ratio": null,
            "price_fair": 0,
            "eps_avg_yearly": 0,
            "eps_latest_yearly": 0,
            "eps_growth_yearly": 0
        },
        "20013": {
            "year_quarter": 20013,
            "year": 2001,
            "quarter": 3,
            "eps": null,
            "eps_growth_year": null,
            "eps_4q": null,
            "eps_4q_growth_year": null,
            "roe": null,
            "roe_4q": 0,
            "gross_profit": null,
            "gross_margin": null,
            "gross_margin_4q_avg": 0,
            "net_income": null,
            "net_income_4q": null,
            "revenue": null,
            "revenue_4q": null,
            "common_shares": null,
            "book_valuer_per_share": null,
            "book_valuer_per_share_4q_avg": 0,
            "equity": null,
            "current_ratio": null,
            "debt_ratio": null,
            "inventory_turnover_ratio": null,
            "account_receivable_turnover_ratio": null,
            "reinvestment_rate": null,
            "research_to_sale_ratio": null,
            "price_fair": 0,
            "eps_avg_yearly": 0,
            "eps_latest_yearly": 0,
            "eps_growth_yearly": 0
        },
        "20014": {
            "year_quarter": 20014,
            "year": 2001,
            "quarter": 4,
            "eps": null,
            "eps_growth_year": null,
            "eps_4q": null,
            "eps_4q_growth_year": null,
            "roe": null,
            "roe_4q": 0,
            "gross_profit": null,
            "gross_margin": null,
            "gross_margin_4q_avg": 0,
            "net_income": null,
            "net_income_4q": null,
            "revenue": null,
            "revenue_4q": null,
            "common_shares": 800000,
            "book_valuer_per_share": 10.06,
            "book_valuer_per_share_4q_avg": 2.52,
            "equity": 804830,
            "current_ratio": 298.71,
            "debt_ratio": 34.37,
            "inventory_turnover_ratio": null,
            "account_receivable_turnover_ratio": null,
            "reinvestment_rate": null,
            "research_to_sale_ratio": null,
            "price_fair": 0,
            "eps_avg_yearly": 0,
            "eps_latest_yearly": 0,
            "eps_growth_yearly": 0
        },
        "20021": {
            "year_quarter": 20021,
            "year": 2002,
            "quarter": 1,
            "eps": null,
            "eps_growth_year": null,
            "eps_4q": null,
            "eps_4q_growth_year": null,
            "roe": null,
            "roe_4q": 0,
            "gross_profit": null,
            "gross_margin": null,
            "gross_margin_4q_avg": 0,
            "net_income": null,
            "net_income_4q": null,
            "revenue": null,
            "revenue_4q": null,
            "common_shares": null,
            "book_valuer_per_share": null,
            "book_valuer_per_share_4q_avg": 2.52,
            "equity": null,
            "current_ratio": null,
            "debt_ratio": null,
            "inventory_turnover_ratio": null,
            "account_receivable_turnover_ratio": null,
            "reinvestment_rate": null,
            "research_to_sale_ratio": null,
            "price_fair": 0,
            "eps_avg_yearly": 0,
            "eps_latest_yearly": 0,
            "eps_growth_yearly": 0
        },
        "20022": {
            "year_quarter": 20022,
            "year": 2002,
            "quarter": 2,
            "eps": null,
            "eps_growth_year": null,
            "eps_4q": null,
            "eps_4q_growth_year": null,
            "roe": null,
            "roe_4q": 0,
            "gross_profit": null,
            "gross_margin": null,
            "gross_margin_4q_avg": 0,
            "net_income": null,
            "net_income_4q": null,
            "revenue": null,
            "revenue_4q": null,
            "common_shares": null,
            "book_valuer_per_share": null,
            "book_valuer_per_share_4q_avg": 2.52,
            "equity": null,
            "current_ratio": null,
            "debt_ratio": null,
            "inventory_turnover_ratio": null,
            "account_receivable_turnover_ratio": null,
            "reinvestment_rate": null,
            "research_to_sale_ratio": null,
            "price_fair": 0,
            "eps_avg_yearly": 0,
            "eps_latest_yearly": 0,
            "eps_growth_yearly": 0
        },
        "20023": {
            "year_quarter": 20023,
            "year": 2002,
            "quarter": 3,
            "eps": null,
            "eps_growth_year": null,
            "eps_4q": null,
            "eps_4q_growth_year": null,
            "roe": null,
            "roe_4q": 0,
            "gross_profit": null,
            "gross_margin": null,
            "gross_margin_4q_avg": 0,
            "net_income": null,
            "net_income_4q": null,
            "revenue": null,
            "revenue_4q": null,
            "common_shares": null,
            "book_valuer_per_share": null,
            "book_valuer_per_share_4q_avg": 2.52,
            "equity": null,
            "current_ratio": null,
            "debt_ratio": null,
            "inventory_turnover_ratio": null,
            "account_receivable_turnover_ratio": null,
            "reinvestment_rate": null,
            "research_to_sale_ratio": null,
            "price_fair": 0,
            "eps_avg_yearly": 0,
            "eps_latest_yearly": 0,
            "eps_growth_yearly": 0
        },
        "20024": {
            "year_quarter": 20024,
            "year": 2002,
            "quarter": 4,
            "eps": null,
            "eps_growth_year": null,
            "eps_4q": null,
            "eps_4q_growth_year": null,
            "roe": null,
            "roe_4q": 0,
            "gross_profit": null,
            "gross_margin": null,
            "gross_margin_4q_avg": 0,
            "net_income": null,
            "net_income_4q": null,
            "revenue": null,
            "revenue_4q": null,
            "common_shares": 800000,
            "book_valuer_per_share": 7.46,
            "book_valuer_per_share_4q_avg": 1.87,
            "equity": 597018,
            "current_ratio": 349.91,
            "debt_ratio": 36.54,
            "inventory_turnover_ratio": null,
            "account_receivable_turnover_ratio": null,
            "reinvestment_rate": null,
            "research_to_sale_ratio": null,
            "price_fair": 0,
            "eps_avg_yearly": 0,
            "eps_latest_yearly": 0,
            "eps_growth_yearly": 0
        },
        "20031": {
            "year_quarter": 20031,
            "year": 2003,
            "quarter": 1,
            "eps": null,
            "eps_growth_year": null,
            "eps_4q": null,
            "eps_4q_growth_year": null,
            "roe": null,
            "roe_4q": 0,
            "gross_profit": null,
            "gross_margin": null,
            "gross_margin_4q_avg": 0,
            "net_income": null,
            "net_income_4q": null,
            "revenue": null,
            "revenue_4q": null,
            "common_shares": null,
            "book_valuer_per_share": null,
            "book_valuer_per_share_4q_avg": 1.87,
            "equity": null,
            "current_ratio": null,
            "debt_ratio": null,
            "inventory_turnover_ratio": null,
            "account_receivable_turnover_ratio": null,
            "reinvestment_rate": null,
            "research_to_sale_ratio": null,
            "price_fair": 0,
            "eps_avg_yearly": 0,
            "eps_latest_yearly": 0,
            "eps_growth_yearly": 0
        },
        "20032": {
            "year_quarter": 20032,
            "year": 2003,
            "quarter": 2,
            "eps": null,
            "eps_growth_year": null,
            "eps_4q": null,
            "eps_4q_growth_year": null,
            "roe": null,
            "roe_4q": 0,
            "gross_profit": null,
            "gross_margin": null,
            "gross_margin_4q_avg": 0,
            "net_income": null,
            "net_income_4q": null,
            "revenue": null,
            "revenue_4q": null,
            "common_shares": null,
            "book_valuer_per_share": null,
            "book_valuer_per_share_4q_avg": 1.87,
            "equity": null,
            "current_ratio": null,
            "debt_ratio": null,
            "inventory_turnover_ratio": null,
            "account_receivable_turnover_ratio": null,
            "reinvestment_rate": null,
            "research_to_sale_ratio": null,
            "price_fair": 0,
            "eps_avg_yearly": 0,
            "eps_latest_yearly": 0,
            "eps_growth_yearly": 0
        },
        "20033": {
            "year_quarter": 20033,
            "year": 2003,
            "quarter": 3,
            "eps": null,
            "eps_growth_year": null,
            "eps_4q": null,
            "eps_4q_growth_year": null,
            "roe": null,
            "roe_4q": 0,
            "gross_profit": null,
            "gross_margin": null,
            "gross_margin_4q_avg": 0,
            "net_income": null,
            "net_income_4q": null,
            "revenue": null,
            "revenue_4q": null,
            "common_shares": null,
            "book_valuer_per_share": null,
            "book_valuer_per_share_4q_avg": 1.87,
            "equity": null,
            "current_ratio": null,
            "debt_ratio": null,
            "inventory_turnover_ratio": null,
            "account_receivable_turnover_ratio": null,
            "reinvestment_rate": null,
            "research_to_sale_ratio": null,
            "price_fair": 0,
            "eps_avg_yearly": 0,
            "eps_latest_yearly": 0,
            "eps_growth_yearly": 0
        },
        "20034": {
            "year_quarter": 20034,
            "year": 2003,
            "quarter": 4,
            "eps": null,
            "eps_growth_year": null,
            "eps_4q": null,
            "eps_4q_growth_year": null,
            "roe": null,
            "roe_4q": 0,
            "gross_profit": null,
            "gross_margin": null,
            "gross_margin_4q_avg": 0,
            "net_income": null,
            "net_income_4q": null,
            "revenue": null,
            "revenue_4q": null,
            "common_shares": 600000,
            "book_valuer_per_share": 10.14,
            "book_valuer_per_share_4q_avg": 2.54,
            "equity": 608677,
            "current_ratio": 224.94,
            "debt_ratio": 38.39,
            "inventory_turnover_ratio": null,
            "account_receivable_turnover_ratio": null,
            "reinvestment_rate": null,
            "research_to_sale_ratio": null,
            "price_fair": 0,
            "eps_avg_yearly": 0,
            "eps_latest_yearly": 0,
            "eps_growth_yearly": 0
        },
        "20041": {
            "year_quarter": 20041,
            "year": 2004,
            "quarter": 1,
            "eps": null,
            "eps_growth_year": null,
            "eps_4q": null,
            "eps_4q_growth_year": null,
            "roe": null,
            "roe_4q": 0,
            "gross_profit": null,
            "gross_margin": null,
            "gross_margin_4q_avg": 0,
            "net_income": null,
            "net_income_4q": null,
            "revenue": null,
            "revenue_4q": null,
            "common_shares": null,
            "book_valuer_per_share": null,
            "book_valuer_per_share_4q_avg": 2.54,
            "equity": null,
            "current_ratio": null,
            "debt_ratio": null,
            "inventory_turnover_ratio": null,
            "account_receivable_turnover_ratio": null,
            "reinvestment_rate": null,
            "research_to_sale_ratio": null,
            "price_fair": 0,
            "eps_avg_yearly": 0,
            "eps_latest_yearly": 0,
            "eps_growth_yearly": 0
        },
        "20042": {
            "year_quarter": 20042,
            "year": 2004,
            "quarter": 2,
            "eps": null,
            "eps_growth_year": null,
            "eps_4q": null,
            "eps_4q_growth_year": null,
            "roe": null,
            "roe_4q": 0,
            "gross_profit": null,
            "gross_margin": null,
            "gross_margin_4q_avg": 0,
            "net_income": null,
            "net_income_4q": null,
            "revenue": null,
            "revenue_4q": null,
            "common_shares": null,
            "book_valuer_per_share": null,
            "book_valuer_per_share_4q_avg": 2.54,
            "equity": null,
            "current_ratio": null,
            "debt_ratio": null,
            "inventory_turnover_ratio": null,
            "account_receivable_turnover_ratio": null,
            "reinvestment_rate": null,
            "research_to_sale_ratio": null,
            "price_fair": 0,
            "eps_avg_yearly": 0,
            "eps_latest_yearly": 0,
            "eps_growth_yearly": 0
        },
        "20043": {
            "year_quarter": 20043,
            "year": 2004,
            "quarter": 3,
            "eps": null,
            "eps_growth_year": null,
            "eps_4q": null,
            "eps_4q_growth_year": null,
            "roe": null,
            "roe_4q": 0,
            "gross_profit": null,
            "gross_margin": null,
            "gross_margin_4q_avg": 0,
            "net_income": null,
            "net_income_4q": null,
            "revenue": null,
            "revenue_4q": null,
            "common_shares": null,
            "book_valuer_per_share": null,
            "book_valuer_per_share_4q_avg": 2.54,
            "equity": null,
            "current_ratio": null,
            "debt_ratio": null,
            "inventory_turnover_ratio": null,
            "account_receivable_turnover_ratio": null,
            "reinvestment_rate": null,
            "research_to_sale_ratio": null,
            "price_fair": 0,
            "eps_avg_yearly": 0,
            "eps_latest_yearly": 0,
            "eps_growth_yearly": 0
        },
        "20044": {
            "year_quarter": 20044,
            "year": 2004,
            "quarter": 4,
            "eps": null,
            "eps_growth_year": null,
            "eps_4q": null,
            "eps_4q_growth_year": null,
            "roe": null,
            "roe_4q": 0,
            "gross_profit": null,
            "gross_margin": null,
            "gross_margin_4q_avg": 0,
            "net_income": null,
            "net_income_4q": null,
            "revenue": null,
            "revenue_4q": null,
            "common_shares": 600000,
            "book_valuer_per_share": 9.99,
            "book_valuer_per_share_4q_avg": 2.5,
            "equity": 599212,
            "current_ratio": 189.58,
            "debt_ratio": 36.07,
            "inventory_turnover_ratio": null,
            "account_receivable_turnover_ratio": null,
            "reinvestment_rate": null,
            "research_to_sale_ratio": null,
            "price_fair": 0,
            "eps_avg_yearly": 0,
            "eps_latest_yearly": 0,
            "eps_growth_yearly": 0
        },
        "20051": {
            "year_quarter": 20051,
            "year": 2005,
            "quarter": 1,
            "eps": null,
            "eps_growth_year": null,
            "eps_4q": null,
            "eps_4q_growth_year": null,
            "roe": null,
            "roe_4q": 0,
            "gross_profit": null,
            "gross_margin": null,
            "gross_margin_4q_avg": 0,
            "net_income": null,
            "net_income_4q": null,
            "revenue": null,
            "revenue_4q": null,
            "common_shares": null,
            "book_valuer_per_share": null,
            "book_valuer_per_share_4q_avg": 2.5,
            "equity": null,
            "current_ratio": null,
            "debt_ratio": null,
            "inventory_turnover_ratio": null,
            "account_receivable_turnover_ratio": null,
            "reinvestment_rate": null,
            "research_to_sale_ratio": null,
            "price_fair": 0,
            "eps_avg_yearly": 0,
            "eps_latest_yearly": 0,
            "eps_growth_yearly": 0
        },
        "20052": {
            "year_quarter": 20052,
            "year": 2005,
            "quarter": 2,
            "eps": null,
            "eps_growth_year": null,
            "eps_4q": null,
            "eps_4q_growth_year": null,
            "roe": null,
            "roe_4q": 0,
            "gross_profit": null,
            "gross_margin": null,
            "gross_margin_4q_avg": 0,
            "net_income": null,
            "net_income_4q": null,
            "revenue": null,
            "revenue_4q": null,
            "common_shares": null,
            "book_valuer_per_share": null,
            "book_valuer_per_share_4q_avg": 2.5,
            "equity": null,
            "current_ratio": null,
            "debt_ratio": null,
            "inventory_turnover_ratio": null,
            "account_receivable_turnover_ratio": null,
            "reinvestment_rate": null,
            "research_to_sale_ratio": null,
            "price_fair": 0,
            "eps_avg_yearly": 0,
            "eps_latest_yearly": 0,
            "eps_growth_yearly": 0
        },
        "20053": {
            "year_quarter": 20053,
            "year": 2005,
            "quarter": 3,
            "eps": null,
            "eps_growth_year": null,
            "eps_4q": null,
            "eps_4q_growth_year": null,
            "roe": null,
            "roe_4q": 0,
            "gross_profit": null,
            "gross_margin": null,
            "gross_margin_4q_avg": 0,
            "net_income": null,
            "net_income_4q": null,
            "revenue": null,
            "revenue_4q": null,
            "common_shares": null,
            "book_valuer_per_share": null,
            "book_valuer_per_share_4q_avg": 2.5,
            "equity": null,
            "current_ratio": null,
            "debt_ratio": null,
            "inventory_turnover_ratio": null,
            "account_receivable_turnover_ratio": null,
            "reinvestment_rate": null,
            "research_to_sale_ratio": null,
            "price_fair": 0,
            "eps_avg_yearly": 0,
            "eps_latest_yearly": 0,
            "eps_growth_yearly": 0
        },
        "20054": {
            "year_quarter": 20054,
            "year": 2005,
            "quarter": 4,
            "eps": null,
            "eps_growth_year": null,
            "eps_4q": null,
            "eps_4q_growth_year": null,
            "roe": null,
            "roe_4q": 0,
            "gross_profit": null,
            "gross_margin": null,
            "gross_margin_4q_avg": 0,
            "net_income": null,
            "net_income_4q": null,
            "revenue": null,
            "revenue_4q": null,
            "common_shares": 600000,
            "book_valuer_per_share": 8.55,
            "book_valuer_per_share_4q_avg": 2.14,
            "equity": 512876,
            "current_ratio": 139.76,
            "debt_ratio": 38.05,
            "inventory_turnover_ratio": null,
            "account_receivable_turnover_ratio": null,
            "reinvestment_rate": null,
            "research_to_sale_ratio": null,
            "price_fair": 0,
            "eps_avg_yearly": 0,
            "eps_latest_yearly": 0,
            "eps_growth_yearly": 0
        },
        "20061": {
            "year_quarter": 20061,
            "year": 2006,
            "quarter": 1,
            "eps": null,
            "eps_growth_year": null,
            "eps_4q": null,
            "eps_4q_growth_year": null,
            "roe": null,
            "roe_4q": 0,
            "gross_profit": null,
            "gross_margin": null,
            "gross_margin_4q_avg": 0,
            "net_income": null,
            "net_income_4q": null,
            "revenue": null,
            "revenue_4q": null,
            "common_shares": null,
            "book_valuer_per_share": null,
            "book_valuer_per_share_4q_avg": 2.14,
            "equity": null,
            "current_ratio": null,
            "debt_ratio": null,
            "inventory_turnover_ratio": null,
            "account_receivable_turnover_ratio": null,
            "reinvestment_rate": null,
            "research_to_sale_ratio": null,
            "price_fair": 0,
            "eps_avg_yearly": 0,
            "eps_latest_yearly": 0,
            "eps_growth_yearly": 0
        },
        "20062": {
            "year_quarter": 20062,
            "year": 2006,
            "quarter": 2,
            "eps": null,
            "eps_growth_year": null,
            "eps_4q": null,
            "eps_4q_growth_year": null,
            "roe": null,
            "roe_4q": 0,
            "gross_profit": null,
            "gross_margin": null,
            "gross_margin_4q_avg": 0,
            "net_income": null,
            "net_income_4q": null,
            "revenue": null,
            "revenue_4q": null,
            "common_shares": null,
            "book_valuer_per_share": null,
            "book_valuer_per_share_4q_avg": 2.14,
            "equity": null,
            "current_ratio": null,
            "debt_ratio": null,
            "inventory_turnover_ratio": null,
            "account_receivable_turnover_ratio": null,
            "reinvestment_rate": null,
            "research_to_sale_ratio": null,
            "price_fair": 0,
            "eps_avg_yearly": 0,
            "eps_latest_yearly": 0,
            "eps_growth_yearly": 0
        },
        "20063": {
            "year_quarter": 20063,
            "year": 2006,
            "quarter": 3,
            "eps": null,
            "eps_growth_year": null,
            "eps_4q": null,
            "eps_4q_growth_year": null,
            "roe": null,
            "roe_4q": 0,
            "gross_profit": null,
            "gross_margin": null,
            "gross_margin_4q_avg": 0,
            "net_income": null,
            "net_income_4q": null,
            "revenue": null,
            "revenue_4q": null,
            "common_shares": null,
            "book_valuer_per_share": null,
            "book_valuer_per_share_4q_avg": 2.14,
            "equity": null,
            "current_ratio": null,
            "debt_ratio": null,
            "inventory_turnover_ratio": null,
            "account_receivable_turnover_ratio": null,
            "reinvestment_rate": null,
            "research_to_sale_ratio": null,
            "price_fair": 0,
            "eps_avg_yearly": 0,
            "eps_latest_yearly": 0,
            "eps_growth_yearly": 0
        },
        "20064": {
            "year_quarter": 20064,
            "year": 2006,
            "quarter": 4,
            "eps": null,
            "eps_growth_year": null,
            "eps_4q": null,
            "eps_4q_growth_year": null,
            "roe": null,
            "roe_4q": 0,
            "gross_profit": null,
            "gross_margin": null,
            "gross_margin_4q_avg": 0,
            "net_income": null,
            "net_income_4q": null,
            "revenue": null,
            "revenue_4q": null,
            "common_shares": 600000,
            "book_valuer_per_share": 8.72,
            "book_valuer_per_share_4q_avg": 2.18,
            "equity": 522917,
            "current_ratio": 144.11,
            "debt_ratio": 36.96,
            "inventory_turnover_ratio": null,
            "account_receivable_turnover_ratio": null,
            "reinvestment_rate": null,
            "research_to_sale_ratio": null,
            "price_fair": 0,
            "eps_avg_yearly": 0,
            "eps_latest_yearly": 0,
            "eps_growth_yearly": 0
        },
        "20071": {
            "year_quarter": 20071,
            "year": 2007,
            "quarter": 1,
            "eps": null,
            "eps_growth_year": null,
            "eps_4q": null,
            "eps_4q_growth_year": null,
            "roe": null,
            "roe_4q": 0,
            "gross_profit": null,
            "gross_margin": null,
            "gross_margin_4q_avg": 0,
            "net_income": null,
            "net_income_4q": null,
            "revenue": null,
            "revenue_4q": null,
            "common_shares": null,
            "book_valuer_per_share": null,
            "book_valuer_per_share_4q_avg": 2.18,
            "equity": null,
            "current_ratio": null,
            "debt_ratio": null,
            "inventory_turnover_ratio": null,
            "account_receivable_turnover_ratio": null,
            "reinvestment_rate": null,
            "research_to_sale_ratio": null,
            "price_fair": 0,
            "eps_avg_yearly": 0,
            "eps_latest_yearly": 0,
            "eps_growth_yearly": 0
        },
        "20072": {
            "year_quarter": 20072,
            "year": 2007,
            "quarter": 2,
            "eps": null,
            "eps_growth_year": null,
            "eps_4q": null,
            "eps_4q_growth_year": null,
            "roe": null,
            "roe_4q": 0,
            "gross_profit": null,
            "gross_margin": null,
            "gross_margin_4q_avg": 0,
            "net_income": null,
            "net_income_4q": null,
            "revenue": null,
            "revenue_4q": null,
            "common_shares": null,
            "book_valuer_per_share": null,
            "book_valuer_per_share_4q_avg": 2.18,
            "equity": null,
            "current_ratio": null,
            "debt_ratio": null,
            "inventory_turnover_ratio": null,
            "account_receivable_turnover_ratio": null,
            "reinvestment_rate": null,
            "research_to_sale_ratio": null,
            "price_fair": 0,
            "eps_avg_yearly": 0,
            "eps_latest_yearly": 0,
            "eps_growth_yearly": 0
        },
        "20073": {
            "year_quarter": 20073,
            "year": 2007,
            "quarter": 3,
            "eps": null,
            "eps_growth_year": null,
            "eps_4q": null,
            "eps_4q_growth_year": null,
            "roe": null,
            "roe_4q": 0,
            "gross_profit": null,
            "gross_margin": null,
            "gross_margin_4q_avg": 0,
            "net_income": null,
            "net_income_4q": null,
            "revenue": null,
            "revenue_4q": null,
            "common_shares": null,
            "book_valuer_per_share": null,
            "book_valuer_per_share_4q_avg": 2.18,
            "equity": null,
            "current_ratio": null,
            "debt_ratio": null,
            "inventory_turnover_ratio": null,
            "account_receivable_turnover_ratio": null,
            "reinvestment_rate": null,
            "research_to_sale_ratio": null,
            "price_fair": 0,
            "eps_avg_yearly": 0,
            "eps_latest_yearly": 0,
            "eps_growth_yearly": 0
        },
        "20074": {
            "year_quarter": 20074,
            "year": 2007,
            "quarter": 4,
            "eps": null,
            "eps_growth_year": null,
            "eps_4q": null,
            "eps_4q_growth_year": null,
            "roe": null,
            "roe_4q": 0,
            "gross_profit": null,
            "gross_margin": null,
            "gross_margin_4q_avg": 0,
            "net_income": null,
            "net_income_4q": null,
            "revenue": null,
            "revenue_4q": null,
            "common_shares": 705630,
            "book_valuer_per_share": 11.56,
            "book_valuer_per_share_4q_avg": 2.89,
            "equity": 815917,
            "current_ratio": 413.58,
            "debt_ratio": 22.57,
            "inventory_turnover_ratio": null,
            "account_receivable_turnover_ratio": null,
            "reinvestment_rate": null,
            "research_to_sale_ratio": null,
            "price_fair": 0,
            "eps_avg_yearly": 0,
            "eps_latest_yearly": 0,
            "eps_growth_yearly": 0
        },
        "20081": {
            "year_quarter": 20081,
            "year": 2008,
            "quarter": 1,
            "eps": null,
            "eps_growth_year": null,
            "eps_4q": null,
            "eps_4q_growth_year": null,
            "roe": null,
            "roe_4q": 0,
            "gross_profit": null,
            "gross_margin": null,
            "gross_margin_4q_avg": 0,
            "net_income": null,
            "net_income_4q": null,
            "revenue": null,
            "revenue_4q": null,
            "common_shares": null,
            "book_valuer_per_share": null,
            "book_valuer_per_share_4q_avg": 2.89,
            "equity": null,
            "current_ratio": null,
            "debt_ratio": null,
            "inventory_turnover_ratio": null,
            "account_receivable_turnover_ratio": null,
            "reinvestment_rate": null,
            "research_to_sale_ratio": null,
            "price_fair": 0,
            "eps_avg_yearly": 0,
            "eps_latest_yearly": 0,
            "eps_growth_yearly": 0
        },
        "20082": {
            "year_quarter": 20082,
            "year": 2008,
            "quarter": 2,
            "eps": null,
            "eps_growth_year": null,
            "eps_4q": null,
            "eps_4q_growth_year": null,
            "roe": null,
            "roe_4q": 0,
            "gross_profit": null,
            "gross_margin": null,
            "gross_margin_4q_avg": 0,
            "net_income": null,
            "net_income_4q": null,
            "revenue": null,
            "revenue_4q": null,
            "common_shares": null,
            "book_valuer_per_share": null,
            "book_valuer_per_share_4q_avg": 2.89,
            "equity": null,
            "current_ratio": null,
            "debt_ratio": null,
            "inventory_turnover_ratio": null,
            "account_receivable_turnover_ratio": null,
            "reinvestment_rate": null,
            "research_to_sale_ratio": null,
            "price_fair": 0,
            "eps_avg_yearly": 0,
            "eps_latest_yearly": 0,
            "eps_growth_yearly": 0
        },
        "20083": {
            "year_quarter": 20083,
            "year": 2008,
            "quarter": 3,
            "eps": null,
            "eps_growth_year": null,
            "eps_4q": null,
            "eps_4q_growth_year": null,
            "roe": null,
            "roe_4q": 0,
            "gross_profit": null,
            "gross_margin": null,
            "gross_margin_4q_avg": 0,
            "net_income": null,
            "net_income_4q": null,
            "revenue": null,
            "revenue_4q": null,
            "common_shares": null,
            "book_valuer_per_share": null,
            "book_valuer_per_share_4q_avg": 2.89,
            "equity": null,
            "current_ratio": null,
            "debt_ratio": null,
            "inventory_turnover_ratio": null,
            "account_receivable_turnover_ratio": null,
            "reinvestment_rate": null,
            "research_to_sale_ratio": null,
            "price_fair": 0,
            "eps_avg_yearly": 0,
            "eps_latest_yearly": 0,
            "eps_growth_yearly": 0
        },
        "20084": {
            "year_quarter": 20084,
            "year": 2008,
            "quarter": 4,
            "eps": null,
            "eps_growth_year": null,
            "eps_4q": null,
            "eps_4q_growth_year": null,
            "roe": null,
            "roe_4q": 0,
            "gross_profit": null,
            "gross_margin": null,
            "gross_margin_4q_avg": 0,
            "net_income": null,
            "net_income_4q": null,
            "revenue": null,
            "revenue_4q": null,
            "common_shares": 726686,
            "book_valuer_per_share": 11.3,
            "book_valuer_per_share_4q_avg": 2.83,
            "equity": 821447,
            "current_ratio": 217.27,
            "debt_ratio": 37.4,
            "inventory_turnover_ratio": null,
            "account_receivable_turnover_ratio": null,
            "reinvestment_rate": null,
            "research_to_sale_ratio": null,
            "price_fair": 0,
            "eps_avg_yearly": 0,
            "eps_latest_yearly": 0,
            "eps_growth_yearly": 0
        },
        "20091": {
            "year_quarter": 20091,
            "year": 2009,
            "quarter": 1,
            "eps": null,
            "eps_growth_year": null,
            "eps_4q": null,
            "eps_4q_growth_year": null,
            "roe": null,
            "roe_4q": 0,
            "gross_profit": null,
            "gross_margin": null,
            "gross_margin_4q_avg": 0,
            "net_income": null,
            "net_income_4q": null,
            "revenue": null,
            "revenue_4q": null,
            "common_shares": null,
            "book_valuer_per_share": null,
            "book_valuer_per_share_4q_avg": 2.83,
            "equity": null,
            "current_ratio": null,
            "debt_ratio": null,
            "inventory_turnover_ratio": null,
            "account_receivable_turnover_ratio": null,
            "reinvestment_rate": null,
            "research_to_sale_ratio": null,
            "price_fair": 0,
            "eps_avg_yearly": 0,
            "eps_latest_yearly": 0,
            "eps_growth_yearly": 0
        },
        "20092": {
            "year_quarter": 20092,
            "year": 2009,
            "quarter": 2,
            "eps": null,
            "eps_growth_year": null,
            "eps_4q": null,
            "eps_4q_growth_year": null,
            "roe": null,
            "roe_4q": 0,
            "gross_profit": null,
            "gross_margin": null,
            "gross_margin_4q_avg": 0,
            "net_income": null,
            "net_income_4q": null,
            "revenue": null,
            "revenue_4q": null,
            "common_shares": 726686,
            "book_valuer_per_share": null,
            "book_valuer_per_share_4q_avg": 2.83,
            "equity": 827430,
            "current_ratio": null,
            "debt_ratio": null,
            "inventory_turnover_ratio": null,
            "account_receivable_turnover_ratio": null,
            "reinvestment_rate": null,
            "research_to_sale_ratio": null,
            "price_fair": 0,
            "eps_avg_yearly": 0,
            "eps_latest_yearly": 0,
            "eps_growth_yearly": 0
        },
        "20093": {
            "year_quarter": 20093,
            "year": 2009,
            "quarter": 3,
            "eps": 0.38,
            "eps_growth_year": null,
            "eps_4q": null,
            "eps_4q_growth_year": null,
            "roe": 3.27,
            "roe_4q": 3.27,
            "gross_profit": 74745,
            "gross_margin": 28.73,
            "gross_margin_4q_avg": 7.18,
            "net_income": 27470,
            "net_income_4q": null,
            "revenue": 260185,
            "revenue_4q": null,
            "common_shares": 726686,
            "book_valuer_per_share": 11.76,
            "book_valuer_per_share_4q_avg": 5.77,
            "equity": 854333,
            "current_ratio": 251.06,
            "debt_ratio": 38.46,
            "inventory_turnover_ratio": 0.72,
            "account_receivable_turnover_ratio": 1.56,
            "reinvestment_rate": null,
            "research_to_sale_ratio": null,
            "price_fair": 0,
            "eps_avg_yearly": 0,
            "eps_latest_yearly": 0,
            "eps_growth_yearly": 0
        },
        "20094": {
            "year_quarter": 20094,
            "year": 2009,
            "quarter": 4,
            "eps": 0.17,
            "eps_growth_year": null,
            "eps_4q": null,
            "eps_4q_growth_year": null,
            "roe": 1.43,
            "roe_4q": 4.7,
            "gross_profit": 58723,
            "gross_margin": 23.81,
            "gross_margin_4q_avg": 13.14,
            "net_income": 12295,
            "net_income_4q": null,
            "revenue": 246583,
            "revenue_4q": null,
            "common_shares": 726686,
            "book_valuer_per_share": 11.91,
            "book_valuer_per_share_4q_avg": 5.92,
            "equity": 865401,
            "current_ratio": 253.97,
            "debt_ratio": 36.85,
            "inventory_turnover_ratio": 0.66,
            "account_receivable_turnover_ratio": 3.44,
            "reinvestment_rate": null,
            "research_to_sale_ratio": null,
            "price_fair": 2.04,
            "eps_avg_yearly": 0.68,
            "eps_latest_yearly": 0.68,
            "eps_growth_yearly": -221.05
        },
        "20101": {
            "year_quarter": 20101,
            "year": 2010,
            "quarter": 1,
            "eps": null,
            "eps_growth_year": null,
            "eps_4q": null,
            "eps_4q_growth_year": null,
            "roe": null,
            "roe_4q": 4.7,
            "gross_profit": 84509,
            "gross_margin": null,
            "gross_margin_4q_avg": 13.14,
            "net_income": 31902,
            "net_income_4q": null,
            "revenue": 331124,
            "revenue_4q": null,
            "common_shares": 729306,
            "book_valuer_per_share": 12.35,
            "book_valuer_per_share_4q_avg": 9.01,
            "equity": 900993,
            "current_ratio": 232.46,
            "debt_ratio": 37.72,
            "inventory_turnover_ratio": null,
            "account_receivable_turnover_ratio": null,
            "reinvestment_rate": null,
            "research_to_sale_ratio": null,
            "price_fair": 2.04,
            "eps_avg_yearly": 0.68,
            "eps_latest_yearly": 0.68,
            "eps_growth_yearly": -221.05
        },
        "20102": {
            "year_quarter": 20102,
            "year": 2010,
            "quarter": 2,
            "eps": 0.56,
            "eps_growth_year": null,
            "eps_4q": 1.1,
            "eps_4q_growth_year": null,
            "roe": 4.53,
            "roe_4q": 9.23,
            "gross_profit": 88473,
            "gross_margin": 26.74,
            "gross_margin_4q_avg": 19.82,
            "net_income": 40948,
            "net_income_4q": null,
            "revenue": 330924,
            "revenue_4q": null,
            "common_shares": 730926,
            "book_valuer_per_share": 12.41,
            "book_valuer_per_share_4q_avg": 12.11,
            "equity": 906748,
            "current_ratio": 197.68,
            "debt_ratio": 40.74,
            "inventory_turnover_ratio": 0.68,
            "account_receivable_turnover_ratio": 2.74,
            "reinvestment_rate": null,
            "research_to_sale_ratio": null,
            "price_fair": 2.04,
            "eps_avg_yearly": 0.68,
            "eps_latest_yearly": 0.68,
            "eps_growth_yearly": -221.05
        },
        "20103": {
            "year_quarter": 20103,
            "year": 2010,
            "quarter": 3,
            "eps": 0.43,
            "eps_growth_year": 14.28,
            "eps_4q": 1.16,
            "eps_4q_growth_year": null,
            "roe": 3.45,
            "roe_4q": 9.41,
            "gross_profit": 85163,
            "gross_margin": 24,
            "gross_margin_4q_avg": 18.64,
            "net_income": 31797,
            "net_income_4q": null,
            "revenue": 354797,
            "revenue_4q": null,
            "common_shares": 732206,
            "book_valuer_per_share": 12.82,
            "book_valuer_per_share_4q_avg": 12.37,
            "equity": 938680,
            "current_ratio": 185.73,
            "debt_ratio": 39.87,
            "inventory_turnover_ratio": 0.69,
            "account_receivable_turnover_ratio": 1.46,
            "reinvestment_rate": null,
            "research_to_sale_ratio": 5.62,
            "price_fair": 3.6,
            "eps_avg_yearly": 1.2,
            "eps_latest_yearly": 1.72,
            "eps_growth_yearly": -156.95
        },
        "20104": {
            "year_quarter": 20104,
            "year": 2010,
            "quarter": 4,
            "eps": -0.12,
            "eps_growth_year": -170.37,
            "eps_4q": 0.87,
            "eps_4q_growth_year": null,
            "roe": -0.94,
            "roe_4q": 7.040000000000001,
            "gross_profit": 41088,
            "gross_margin": 13.65,
            "gross_margin_4q_avg": 16.1,
            "net_income": -8759,
            "net_income_4q": null,
            "revenue": 300938,
            "revenue_4q": null,
            "common_shares": 732206,
            "book_valuer_per_share": 12.65,
            "book_valuer_per_share_4q_avg": 12.56,
            "equity": 926544,
            "current_ratio": 222.08,
            "debt_ratio": 34,
            "inventory_turnover_ratio": 0.72,
            "account_receivable_turnover_ratio": 1.34,
            "reinvestment_rate": null,
            "research_to_sale_ratio": 6.37,
            "price_fair": 3.6,
            "eps_avg_yearly": 1.2,
            "eps_latest_yearly": 1.72,
            "eps_growth_yearly": -156.95
        },
        "20111": {
            "year_quarter": 20111,
            "year": 2011,
            "quarter": 1,
            "eps": 0.13,
            "eps_growth_year": null,
            "eps_4q": 0.8,
            "eps_4q_growth_year": null,
            "roe": 0.93,
            "roe_4q": 7.970000000000001,
            "gross_profit": 53145,
            "gross_margin": 15.82,
            "gross_margin_4q_avg": 20.05,
            "net_income": 10206,
            "net_income_4q": null,
            "revenue": 335896,
            "revenue_4q": null,
            "common_shares": 929616,
            "book_valuer_per_share": 13.76,
            "book_valuer_per_share_4q_avg": 12.91,
            "equity": 1278702,
            "current_ratio": 315.52,
            "debt_ratio": 22.1,
            "inventory_turnover_ratio": 0.86,
            "account_receivable_turnover_ratio": 1.55,
            "reinvestment_rate": null,
            "research_to_sale_ratio": 5.14,
            "price_fair": 3.6,
            "eps_avg_yearly": 1.2,
            "eps_latest_yearly": 1.72,
            "eps_growth_yearly": -156.95
        },
        "20112": {
            "year_quarter": 20112,
            "year": 2011,
            "quarter": 2,
            "eps": 0.38,
            "eps_growth_year": -32.44,
            "eps_4q": 0.74,
            "eps_4q_growth_year": -33.4,
            "roe": 2.82,
            "roe_4q": 6.26,
            "gross_profit": 88019,
            "gross_margin": 21.98,
            "gross_margin_4q_avg": 18.86,
            "net_income": 35256,
            "net_income_4q": null,
            "revenue": 400470,
            "revenue_4q": null,
            "common_shares": 931456,
            "book_valuer_per_share": 13.12,
            "book_valuer_per_share_4q_avg": 13.09,
            "equity": 1222271,
            "current_ratio": 247.34,
            "debt_ratio": 27.85,
            "inventory_turnover_ratio": 0.94,
            "account_receivable_turnover_ratio": 1.5,
            "reinvestment_rate": null,
            "research_to_sale_ratio": 4.58,
            "price_fair": 45.73,
            "eps_avg_yearly": 1.31,
            "eps_latest_yearly": 1.52,
            "eps_growth_yearly": 151.77
        },
        "20113": {
            "year_quarter": 20113,
            "year": 2011,
            "quarter": 3,
            "eps": 0.48,
            "eps_growth_year": 9.99,
            "eps_4q": 0.88,
            "eps_4q_growth_year": -24.44,
            "roe": 3.55,
            "roe_4q": 6.359999999999999,
            "gross_profit": 88259,
            "gross_margin": 23.64,
            "gross_margin_4q_avg": 18.77,
            "net_income": 43833,
            "net_income_4q": null,
            "revenue": 373334,
            "revenue_4q": null,
            "common_shares": 931456,
            "book_valuer_per_share": 13.6,
            "book_valuer_per_share_4q_avg": 13.28,
            "equity": 1248228,
            "current_ratio": 275.62,
            "debt_ratio": 25.22,
            "inventory_turnover_ratio": 0.82,
            "account_receivable_turnover_ratio": 1.28,
            "reinvestment_rate": null,
            "research_to_sale_ratio": 5.16,
            "price_fair": 51.1,
            "eps_avg_yearly": 1.46,
            "eps_latest_yearly": 1.92,
            "eps_growth_yearly": 140.15
        },
        "20114": {
            "year_quarter": 20114,
            "year": 2011,
            "quarter": 4,
            "eps": 0.51,
            "eps_growth_year": null,
            "eps_4q": 1.49,
            "eps_4q_growth_year": 70.43,
            "roe": 3.69,
            "roe_4q": 10.99,
            "gross_profit": 106835,
            "gross_margin": 23.19,
            "gross_margin_4q_avg": 21.16,
            "net_income": 46878,
            "net_income_4q": null,
            "revenue": 460662,
            "revenue_4q": null,
            "common_shares": 931456,
            "book_valuer_per_share": 14.11,
            "book_valuer_per_share_4q_avg": 13.65,
            "equity": 1290223,
            "current_ratio": 232.88,
            "debt_ratio": 28.73,
            "inventory_turnover_ratio": 0.92,
            "account_receivable_turnover_ratio": 1.4,
            "reinvestment_rate": null,
            "research_to_sale_ratio": 4.64,
            "price_fair": 55.16,
            "eps_avg_yearly": 1.58,
            "eps_latest_yearly": 2.04,
            "eps_growth_yearly": 117.12
        },
        "20121": {
            "year_quarter": 20121,
            "year": 2012,
            "quarter": 1,
            "eps": 0.57,
            "eps_growth_year": 338.46,
            "eps_4q": 1.94,
            "eps_4q_growth_year": 143.15,
            "roe": 3.98,
            "roe_4q": 14.04,
            "gross_profit": 120484,
            "gross_margin": 24.46,
            "gross_margin_4q_avg": 23.32,
            "net_income": 52310,
            "net_income_4q": null,
            "revenue": 492585,
            "revenue_4q": null,
            "common_shares": 935856,
            "book_valuer_per_share": 14.61,
            "book_valuer_per_share_4q_avg": 13.86,
            "equity": 1341751,
            "current_ratio": 256.28,
            "debt_ratio": 29.23,
            "inventory_turnover_ratio": 0.88,
            "account_receivable_turnover_ratio": 1.24,
            "reinvestment_rate": null,
            "research_to_sale_ratio": 5.11,
            "price_fair": 59.27,
            "eps_avg_yearly": 1.69,
            "eps_latest_yearly": 2.28,
            "eps_growth_yearly": 105.44
        },
        "20122": {
            "year_quarter": 20122,
            "year": 2012,
            "quarter": 2,
            "eps": 0.5,
            "eps_growth_year": 31.97,
            "eps_4q": 2.06,
            "eps_4q_growth_year": 179.62,
            "roe": 3.54,
            "roe_4q": 14.759999999999998,
            "gross_profit": 107227,
            "gross_margin": 21.5,
            "gross_margin_4q_avg": 23.2,
            "net_income": 45890,
            "net_income_4q": null,
            "revenue": 498665,
            "revenue_4q": null,
            "common_shares": 935856,
            "book_valuer_per_share": 13.64,
            "book_valuer_per_share_4q_avg": 13.99,
            "equity": 1252908,
            "current_ratio": 202.48,
            "debt_ratio": 33.27,
            "inventory_turnover_ratio": 0.95,
            "account_receivable_turnover_ratio": 1.22,
            "reinvestment_rate": null,
            "research_to_sale_ratio": 4.26,
            "price_fair": 60.8,
            "eps_avg_yearly": 1.74,
            "eps_latest_yearly": 2,
            "eps_growth_yearly": 83.36
        },
        "20123": {
            "year_quarter": 20123,
            "year": 2012,
            "quarter": 3,
            "eps": 0.56,
            "eps_growth_year": 17.9,
            "eps_4q": 2.14,
            "eps_4q_growth_year": 144.09,
            "roe": 4.05,
            "roe_4q": 15.26,
            "gross_profit": 128931,
            "gross_margin": 21.36,
            "gross_margin_4q_avg": 22.63,
            "net_income": 51744,
            "net_income_4q": null,
            "revenue": 603516,
            "revenue_4q": null,
            "common_shares": 936016,
            "book_valuer_per_share": 14.15,
            "book_valuer_per_share_4q_avg": 14.13,
            "equity": 1299941,
            "current_ratio": 211.73,
            "debt_ratio": 31.12,
            "inventory_turnover_ratio": 1.23,
            "account_receivable_turnover_ratio": 1.29,
            "reinvestment_rate": null,
            "research_to_sale_ratio": 3.49,
            "price_fair": 63,
            "eps_avg_yearly": 1.8,
            "eps_latest_yearly": 2.24,
            "eps_growth_yearly": 78.94
        },
        "20124": {
            "year_quarter": 20124,
            "year": 2012,
            "quarter": 4,
            "eps": 0.47,
            "eps_growth_year": -7.98,
            "eps_4q": 2.1,
            "eps_4q_growth_year": 41.24,
            "roe": 3.28,
            "roe_4q": 14.850000000000001,
            "gross_profit": 112590,
            "gross_margin": 19.12,
            "gross_margin_4q_avg": 21.61,
            "net_income": 43351,
            "net_income_4q": null,
            "revenue": 589008,
            "revenue_4q": null,
            "common_shares": 936016,
            "book_valuer_per_share": 14.63,
            "book_valuer_per_share_4q_avg": 14.26,
            "equity": 1344341,
            "current_ratio": 202.36,
            "debt_ratio": 32.45,
            "inventory_turnover_ratio": 1.23,
            "account_receivable_turnover_ratio": 1.15,
            "reinvestment_rate": null,
            "research_to_sale_ratio": 4.2,
            "price_fair": 63.31,
            "eps_avg_yearly": 1.81,
            "eps_latest_yearly": 1.88,
            "eps_growth_yearly": 63.03
        },
        "20131": {
            "year_quarter": 20131,
            "year": 2013,
            "quarter": 1,
            "eps": 0.35,
            "eps_growth_year": -38.6,
            "eps_4q": 1.84,
            "eps_4q_growth_year": -5.22,
            "roe": 2.36,
            "roe_4q": 13.23,
            "gross_profit": 97640,
            "gross_margin": 21.71,
            "gross_margin_4q_avg": 20.92,
            "net_income": 32250,
            "net_income_4q": null,
            "revenue": 449736,
            "revenue_4q": null,
            "common_shares": 955016,
            "book_valuer_per_share": 14.76,
            "book_valuer_per_share_4q_avg": 14.3,
            "equity": 1390507,
            "current_ratio": 207.31,
            "debt_ratio": 30.89,
            "inventory_turnover_ratio": 0.83,
            "account_receivable_turnover_ratio": 1,
            "reinvestment_rate": null,
            "research_to_sale_ratio": 5.68,
            "price_fair": 61.88,
            "eps_avg_yearly": 1.77,
            "eps_latest_yearly": 1.4,
            "eps_growth_yearly": 46.51
        },
        "20132": {
            "year_quarter": 20132,
            "year": 2013,
            "quarter": 2,
            "eps": 0.51,
            "eps_growth_year": 2.1,
            "eps_4q": 1.74,
            "eps_4q_growth_year": -15.3,
            "roe": 3.33,
            "roe_4q": 13.02,
            "gross_profit": 106573,
            "gross_margin": 21.91,
            "gross_margin_4q_avg": 21.03,
            "net_income": 47364,
            "net_income_4q": null,
            "revenue": 486373,
            "revenue_4q": null,
            "common_shares": 955316,
            "book_valuer_per_share": 15.34,
            "book_valuer_per_share_4q_avg": 14.72,
            "equity": 1451828,
            "current_ratio": 188.95,
            "debt_ratio": 32.55,
            "inventory_turnover_ratio": 0.8,
            "account_receivable_turnover_ratio": 1.26,
            "reinvestment_rate": 50.02,
            "research_to_sale_ratio": 4.73,
            "price_fair": 62.75,
            "eps_avg_yearly": 1.79,
            "eps_latest_yearly": 2.04,
            "eps_growth_yearly": 58.91
        },
        "20133": {
            "year_quarter": 20133,
            "year": 2013,
            "quarter": 3,
            "eps": -0.11,
            "eps_growth_year": -119.53,
            "eps_4q": 1.11,
            "eps_4q_growth_year": -48.02,
            "roe": -0.74,
            "roe_4q": 8.229999999999999,
            "gross_profit": 54946,
            "gross_margin": 11.43,
            "gross_margin_4q_avg": 18.54,
            "net_income": -10792,
            "net_income_4q": null,
            "revenue": 480658,
            "revenue_4q": null,
            "common_shares": 1011827,
            "book_valuer_per_share": 14.45,
            "book_valuer_per_share_4q_avg": 14.8,
            "equity": 1455533,
            "current_ratio": 202.16,
            "debt_ratio": 28.8,
            "inventory_turnover_ratio": 0.93,
            "account_receivable_turnover_ratio": 1.31,
            "reinvestment_rate": 60.51,
            "research_to_sale_ratio": 5.71,
            "price_fair": 62.75,
            "eps_avg_yearly": 1.79,
            "eps_latest_yearly": 2.04,
            "eps_growth_yearly": 58.91
        },
        "20134": {
            "year_quarter": 20134,
            "year": 2013,
            "quarter": 4,
            "eps": 0.28,
            "eps_growth_year": -41.65,
            "eps_4q": 0.96,
            "eps_4q_growth_year": -54.58,
            "roe": 1.88,
            "roe_4q": 6.83,
            "gross_profit": 105826,
            "gross_margin": 17.73,
            "gross_margin_4q_avg": 18.2,
            "net_income": 27854,
            "net_income_4q": null,
            "revenue": 597002,
            "revenue_4q": null,
            "common_shares": 1011827,
            "book_valuer_per_share": 14.86,
            "book_valuer_per_share_4q_avg": 14.85,
            "equity": 1503273,
            "current_ratio": 202.88,
            "debt_ratio": 30.62,
            "inventory_turnover_ratio": 1.25,
            "account_receivable_turnover_ratio": 1.44,
            "reinvestment_rate": 50.41,
            "research_to_sale_ratio": 4.23,
            "price_fair": 66.64,
            "eps_avg_yearly": 1.9,
            "eps_latest_yearly": 2.04,
            "eps_growth_yearly": 86.9
        },
        "20141": {
            "year_quarter": 20141,
            "year": 2014,
            "quarter": 1,
            "eps": 0.47,
            "eps_growth_year": 34.29,
            "eps_4q": 1.1,
            "eps_4q_growth_year": -40.35,
            "roe": 3.05,
            "roe_4q": 7.52,
            "gross_profit": 108958,
            "gross_margin": 20.97,
            "gross_margin_4q_avg": 18.01,
            "net_income": 46579,
            "net_income_4q": null,
            "revenue": 519571,
            "revenue_4q": null,
            "common_shares": 1011827,
            "book_valuer_per_share": 15.34,
            "book_valuer_per_share_4q_avg": 15,
            "equity": 1552178,
            "current_ratio": 224.95,
            "debt_ratio": 29.25,
            "inventory_turnover_ratio": 1.11,
            "account_receivable_turnover_ratio": 1.15,
            "reinvestment_rate": 46.48,
            "research_to_sale_ratio": 4.67,
            "price_fair": 66.56,
            "eps_avg_yearly": 1.9,
            "eps_latest_yearly": 1.88,
            "eps_growth_yearly": 103.68
        },
        "20142": {
            "year_quarter": 20142,
            "year": 2014,
            "quarter": 2,
            "eps": 0.71,
            "eps_growth_year": 39.22,
            "eps_4q": 1.33,
            "eps_4q_growth_year": -23.65,
            "roe": 4.6,
            "roe_4q": 8.79,
            "gross_profit": 157497,
            "gross_margin": 26.6,
            "gross_margin_4q_avg": 19.18,
            "net_income": 70859,
            "net_income_4q": null,
            "revenue": 592195,
            "revenue_4q": null,
            "common_shares": 1011382,
            "book_valuer_per_share": 15.11,
            "book_valuer_per_share_4q_avg": 14.94,
            "equity": 1528613,
            "current_ratio": 212.8,
            "debt_ratio": 31.51,
            "inventory_turnover_ratio": 1.09,
            "account_receivable_turnover_ratio": 1.34,
            "reinvestment_rate": 20.12,
            "research_to_sale_ratio": 4.72,
            "price_fair": 69.3,
            "eps_avg_yearly": 1.98,
            "eps_latest_yearly": 2.84,
            "eps_growth_yearly": 112.06
        },
        "20143": {
            "year_quarter": 20143,
            "year": 2014,
            "quarter": 3,
            "eps": 0.65,
            "eps_growth_year": null,
            "eps_4q": 2.08,
            "eps_4q_growth_year": 86.81,
            "roe": 4.16,
            "roe_4q": 13.689999999999998,
            "gross_profit": 142900,
            "gross_margin": 25.35,
            "gross_margin_4q_avg": 22.66,
            "net_income": 65013,
            "net_income_4q": null,
            "revenue": 563718,
            "revenue_4q": null,
            "common_shares": 1011382,
            "book_valuer_per_share": 15.82,
            "book_valuer_per_share_4q_avg": 15.28,
            "equity": 1598881,
            "current_ratio": 224.31,
            "debt_ratio": 30.32,
            "inventory_turnover_ratio": 0.89,
            "account_receivable_turnover_ratio": 1.28,
            "reinvestment_rate": 8.84,
            "research_to_sale_ratio": 4.82,
            "price_fair": 71.87,
            "eps_avg_yearly": 2.05,
            "eps_latest_yearly": 2.6,
            "eps_growth_yearly": 116.98
        },
        "20144": {
            "year_quarter": 20144,
            "year": 2014,
            "quarter": 4,
            "eps": 1.12,
            "eps_growth_year": 305.98,
            "eps_4q": 3.02,
            "eps_4q_growth_year": 215.81,
            "roe": 6.77,
            "roe_4q": 18.58,
            "gross_profit": 198129,
            "gross_margin": 27.14,
            "gross_margin_4q_avg": 25.02,
            "net_income": 107328,
            "net_income_4q": null,
            "revenue": 730111,
            "revenue_4q": null,
            "common_shares": 1010353,
            "book_valuer_per_share": 16.38,
            "book_valuer_per_share_4q_avg": 15.66,
            "equity": 1573219,
            "current_ratio": 202.81,
            "debt_ratio": 35.37,
            "inventory_turnover_ratio": 1.02,
            "account_receivable_turnover_ratio": 1.39,
            "reinvestment_rate": 9.2,
            "research_to_sale_ratio": 3.91,
            "price_fair": 78.4,
            "eps_avg_yearly": 2.24,
            "eps_latest_yearly": 4.48,
            "eps_growth_yearly": 130.23
        },
        "20151": {
            "year_quarter": 20151,
            "year": 2015,
            "quarter": 1,
            "eps": 0.99,
            "eps_growth_year": 110.64,
            "eps_4q": 3.51,
            "eps_4q_growth_year": 220.18,
            "roe": 5.81,
            "roe_4q": 21.339999999999996,
            "gross_profit": 186408,
            "gross_margin": 25.57,
            "gross_margin_4q_avg": 26.17,
            "net_income": 94133,
            "net_income_4q": null,
            "revenue": 729050,
            "revenue_4q": null,
            "common_shares": 1010353,
            "book_valuer_per_share": 17.38,
            "book_valuer_per_share_4q_avg": 16.17,
            "equity": 1669057,
            "current_ratio": 176.21,
            "debt_ratio": 39.08,
            "inventory_turnover_ratio": 0.97,
            "account_receivable_turnover_ratio": 1.18,
            "reinvestment_rate": 22.95,
            "research_to_sale_ratio": 3.54,
            "price_fair": 82.7,
            "eps_avg_yearly": 2.36,
            "eps_latest_yearly": 3.96,
            "eps_growth_yearly": 117.61
        },
        "20152": {
            "year_quarter": 20152,
            "year": 2015,
            "quarter": 2,
            "eps": 0.77,
            "eps_growth_year": 8.45,
            "eps_4q": 3.38,
            "eps_4q_growth_year": 154.04,
            "roe": 4.56,
            "roe_4q": 21.3,
            "gross_profit": 265521,
            "gross_margin": 27.65,
            "gross_margin_4q_avg": 26.43,
            "net_income": 75496,
            "net_income_4q": null,
            "revenue": 960264,
            "revenue_4q": null,
            "common_shares": 1038719,
            "book_valuer_per_share": 16.24,
            "book_valuer_per_share_4q_avg": 16.46,
            "equity": 1643980,
            "current_ratio": 133.23,
            "debt_ratio": 46.56,
            "inventory_turnover_ratio": 1.11,
            "account_receivable_turnover_ratio": 1.41,
            "reinvestment_rate": 60.07,
            "research_to_sale_ratio": 3.61,
            "price_fair": 86.6,
            "eps_avg_yearly": 2.47,
            "eps_latest_yearly": 3.08,
            "eps_growth_yearly": 56.32
        },
        "20153": {
            "year_quarter": 20153,
            "year": 2015,
            "quarter": 3,
            "eps": 3,
            "eps_growth_year": 361.54,
            "eps_4q": 5.64,
            "eps_4q_growth_year": 171,
            "roe": 16.25,
            "roe_4q": 33.39,
            "gross_profit": 470631,
            "gross_margin": 37.17,
            "gross_margin_4q_avg": 29.38,
            "net_income": 293414,
            "net_income_4q": null,
            "revenue": 1266249,
            "revenue_4q": null,
            "common_shares": 1038261,
            "book_valuer_per_share": 19.44,
            "book_valuer_per_share_4q_avg": 17.36,
            "equity": 1966403,
            "current_ratio": 136.3,
            "debt_ratio": 44.94,
            "inventory_turnover_ratio": 1.12,
            "account_receivable_turnover_ratio": 1.54,
            "reinvestment_rate": 71.41,
            "research_to_sale_ratio": 4.4,
            "price_fair": 111.8,
            "eps_avg_yearly": 3.19,
            "eps_latest_yearly": 12,
            "eps_growth_yearly": 131.54
        },
        "20154": {
            "year_quarter": 20154,
            "year": 2015,
            "quarter": 4,
            "eps": 3.13,
            "eps_growth_year": 180.46,
            "eps_4q": 7.71,
            "eps_4q_growth_year": 155.55,
            "roe": 14.75,
            "roe_4q": 41.370000000000005,
            "gross_profit": 526600,
            "gross_margin": 33.41,
            "gross_margin_4q_avg": 30.95,
            "net_income": 317128,
            "net_income_4q": null,
            "revenue": 1575978,
            "revenue_4q": null,
            "common_shares": 1038261,
            "book_valuer_per_share": 23.07,
            "book_valuer_per_share_4q_avg": 19.03,
            "equity": 2334375,
            "current_ratio": 240.13,
            "debt_ratio": 47.38,
            "inventory_turnover_ratio": 1.3,
            "account_receivable_turnover_ratio": 1.65,
            "reinvestment_rate": 64.99,
            "research_to_sale_ratio": 4.49,
            "price_fair": 138,
            "eps_avg_yearly": 3.94,
            "eps_latest_yearly": 12.52,
            "eps_growth_yearly": 131
        },
        "20161": {
            "year_quarter": 20161,
            "year": 2016,
            "quarter": 1,
            "eps": 2.46,
            "eps_growth_year": 148.48,
            "eps_4q": 9.17,
            "eps_4q_growth_year": 160.96,
            "roe": 9.79,
            "roe_4q": 45.35,
            "gross_profit": 457491,
            "gross_margin": 31.08,
            "gross_margin_4q_avg": 32.33,
            "net_income": 241379,
            "net_income_4q": null,
            "revenue": 1472010,
            "revenue_4q": null,
            "common_shares": 1038261,
            "book_valuer_per_share": 25.68,
            "book_valuer_per_share_4q_avg": 21.11,
            "equity": 2597899,
            "current_ratio": 252.55,
            "debt_ratio": 44.15,
            "inventory_turnover_ratio": 1.14,
            "account_receivable_turnover_ratio": 1.39,
            "reinvestment_rate": 58.69,
            "research_to_sale_ratio": 5.1,
            "price_fair": 156.9,
            "eps_avg_yearly": 4.48,
            "eps_latest_yearly": 9.84,
            "eps_growth_yearly": 121.52
        },
        "20162": {
            "year_quarter": 20162,
            "year": 2016,
            "quarter": 2,
            "eps": 1.14,
            "eps_growth_year": 48.05,
            "eps_4q": 13.58,
            "eps_4q_growth_year": 301.95,
            "roe": 4.73,
            "roe_4q": 45.519999999999996,
            "gross_profit": 219656,
            "gross_margin": 27.2,
            "gross_margin_4q_avg": 32.22,
            "net_income": 108293,
            "net_income_4q": null,
            "revenue": 807602,
            "revenue_4q": null,
            "common_shares": 726783,
            "book_valuer_per_share": 26.73,
            "book_valuer_per_share_4q_avg": 23.73,
            "equity": 1983275,
            "current_ratio": 174.31,
            "debt_ratio": 55.45,
            "inventory_turnover_ratio": 0.62,
            "account_receivable_turnover_ratio": 0.81,
            "reinvestment_rate": 55.32,
            "research_to_sale_ratio": 9.02,
            "price_fair": 163.3,
            "eps_avg_yearly": 4.67,
            "eps_latest_yearly": 4.56,
            "eps_growth_yearly": 109.7
        },
        "20163": {
            "year_quarter": 20163,
            "year": 2016,
            "quarter": 3,
            "eps": -0.34,
            "eps_growth_year": -111.33,
            "eps_4q": 8.89,
            "eps_4q_growth_year": 57.68,
            "roe": -1.75,
            "roe_4q": 27.52,
            "gross_profit": 117253,
            "gross_margin": 14.29,
            "gross_margin_4q_avg": 26.5,
            "net_income": -35909,
            "net_income_4q": null,
            "revenue": 820713,
            "revenue_4q": null,
            "common_shares": 726097,
            "book_valuer_per_share": 28.13,
            "book_valuer_per_share_4q_avg": 25.9,
            "equity": 2121197,
            "current_ratio": 266.37,
            "debt_ratio": 45.07,
            "inventory_turnover_ratio": 0.72,
            "account_receivable_turnover_ratio": 0.96,
            "reinvestment_rate": 54.53,
            "research_to_sale_ratio": 8.77,
            "price_fair": 169.83,
            "eps_avg_yearly": 4.85,
            "eps_latest_yearly": 4.56,
            "eps_growth_yearly": 114.44
        },
        "20164": {
            "year_quarter": 20164,
            "year": 2016,
            "quarter": 4,
            "eps": -0.68,
            "eps_growth_year": -121.54,
            "eps_4q": 3.85,
            "eps_4q_growth_year": -50.07,
            "roe": -3.12,
            "roe_4q": 9.649999999999999,
            "gross_profit": 75663,
            "gross_margin": 10.98,
            "gross_margin_4q_avg": 20.89,
            "net_income": -66536,
            "net_income_4q": null,
            "revenue": 688937,
            "revenue_4q": null,
            "common_shares": 726097,
            "book_valuer_per_share": 27.43,
            "book_valuer_per_share_4q_avg": 26.99,
            "equity": 2140020,
            "current_ratio": 120.09,
            "debt_ratio": 43.31,
            "inventory_turnover_ratio": 0.67,
            "account_receivable_turnover_ratio": 0.89,
            "reinvestment_rate": 54.23,
            "research_to_sale_ratio": 11.32,
            "price_fair": 178.5,
            "eps_avg_yearly": 5.1,
            "eps_latest_yearly": 4.56,
            "eps_growth_yearly": 129.34
        },
        "20171": {
            "year_quarter": 20171,
            "year": 2017,
            "quarter": 1,
            "eps": -2.24,
            "eps_growth_year": -191.06,
            "eps_4q": -1.7,
            "eps_4q_growth_year": -118.51,
            "roe": -8.66,
            "roe_4q": -8.8,
            "gross_profit": -5726,
            "gross_margin": -0.9,
            "gross_margin_4q_avg": 12.89,
            "net_income": -177810,
            "net_income_4q": null,
            "revenue": 637435,
            "revenue_4q": null,
            "common_shares": 725631,
            "book_valuer_per_share": 25.3,
            "book_valuer_per_share_4q_avg": 26.9,
            "equity": 1965770,
            "current_ratio": 122.39,
            "debt_ratio": 48.78,
            "inventory_turnover_ratio": 0.79,
            "account_receivable_turnover_ratio": 0.95,
            "reinvestment_rate": 78,
            "research_to_sale_ratio": 11.81,
            "price_fair": 190.27,
            "eps_avg_yearly": 5.44,
            "eps_latest_yearly": 4.56,
            "eps_growth_yearly": 150.38
        },
        "20172": {
            "year_quarter": 20172,
            "year": 2017,
            "quarter": 2,
            "eps": -1.64,
            "eps_growth_year": -243.86,
            "eps_4q": -4.84,
            "eps_4q_growth_year": -135.62,
            "roe": -7.25,
            "roe_4q": -20.78,
            "gross_profit": 13326,
            "gross_margin": 3.53,
            "gross_margin_4q_avg": 6.98,
            "net_income": -131217,
            "net_income_4q": null,
            "revenue": 377721,
            "revenue_4q": null,
            "common_shares": 725305,
            "book_valuer_per_share": 22.78,
            "book_valuer_per_share_4q_avg": 25.91,
            "equity": 1655485,
            "current_ratio": 143.69,
            "debt_ratio": 59.6,
            "inventory_turnover_ratio": 0.53,
            "account_receivable_turnover_ratio": 0.79,
            "reinvestment_rate": 77.21,
            "research_to_sale_ratio": 20.65,
            "price_fair": 202.16,
            "eps_avg_yearly": 5.78,
            "eps_latest_yearly": 4.56,
            "eps_growth_yearly": 147.13
        },
        "20173": {
            "year_quarter": 20173,
            "year": 2017,
            "quarter": 3,
            "eps": -2.75,
            "eps_growth_year": null,
            "eps_4q": -7.22,
            "eps_4q_growth_year": -181.23,
            "roe": -12.59,
            "roe_4q": -31.62,
            "gross_profit": -81032,
            "gross_margin": -26.27,
            "gross_margin_4q_avg": -3.17,
            "net_income": -196553,
            "net_income_4q": null,
            "revenue": 308406,
            "revenue_4q": null,
            "common_shares": 725277,
            "book_valuer_per_share": 20.16,
            "book_valuer_per_share_4q_avg": 23.92,
            "equity": 1466309,
            "current_ratio": 135.53,
            "debt_ratio": 63.33,
            "inventory_turnover_ratio": 0.67,
            "account_receivable_turnover_ratio": 0.9,
            "reinvestment_rate": 98.68,
            "research_to_sale_ratio": 24.17,
            "price_fair": 202.16,
            "eps_avg_yearly": 5.78,
            "eps_latest_yearly": 4.56,
            "eps_growth_yearly": 147.13
        },
        "20174": {
            "year_quarter": 20174,
            "year": 2017,
            "quarter": 4,
            "eps": -2.33,
            "eps_growth_year": null,
            "eps_4q": -8.86,
            "eps_4q_growth_year": -330.08,
            "roe": -12.16,
            "roe_4q": -40.66,
            "gross_profit": -27764,
            "gross_margin": -5.44,
            "gross_margin_4q_avg": -7.27,
            "net_income": -168926,
            "net_income_4q": null,
            "revenue": 509997,
            "revenue_4q": null,
            "common_shares": 725277,
            "book_valuer_per_share": 17.99,
            "book_valuer_per_share_4q_avg": 21.56,
            "equity": 1312536,
            "current_ratio": 120.28,
            "debt_ratio": 60.67,
            "inventory_turnover_ratio": 1.02,
            "account_receivable_turnover_ratio": 1.26,
            "reinvestment_rate": 134.03,
            "research_to_sale_ratio": 10.85,
            "price_fair": 202.16,
            "eps_avg_yearly": 5.78,
            "eps_latest_yearly": 4.56,
            "eps_growth_yearly": 147.13
        },
        "20181": {
            "year_quarter": 20181,
            "year": 2018,
            "quarter": 1,
            "eps": -1,
            "eps_growth_year": null,
            "eps_4q": -7.65,
            "eps_4q_growth_year": null,
            "roe": -5.67,
            "roe_4q": -37.67,
            "gross_profit": 36417,
            "gross_margin": 6.8,
            "gross_margin_4q_avg": -5.35,
            "net_income": -72649,
            "net_income_4q": null,
            "revenue": 535563,
            "revenue_4q": null,
            "common_shares": 725277,
            "book_valuer_per_share": 17.12,
            "book_valuer_per_share_4q_avg": 19.51,
            "equity": 1248313,
            "current_ratio": 110.24,
            "debt_ratio": 62.29,
            "inventory_turnover_ratio": 0.91,
            "account_receivable_turnover_ratio": 1.12,
            "reinvestment_rate": 148.16,
            "research_to_sale_ratio": 10.6,
            "price_fair": 217.31,
            "eps_avg_yearly": 6.21,
            "eps_latest_yearly": 4.56,
            "eps_growth_yearly": 133.32
        },
        "20182": {
            "year_quarter": 20182,
            "year": 2018,
            "quarter": 2,
            "eps": -0.1,
            "eps_growth_year": null,
            "eps_4q": -6.13,
            "eps_4q_growth_year": null,
            "roe": -0.6,
            "roe_4q": -31.02,
            "gross_profit": 71480,
            "gross_margin": 14.26,
            "gross_margin_4q_avg": -2.66,
            "net_income": -7529,
            "net_income_4q": null,
            "revenue": 501100,
            "revenue_4q": null,
            "common_shares": 725277,
            "book_valuer_per_share": 17.09,
            "book_valuer_per_share_4q_avg": 18.09,
            "equity": 1245527,
            "current_ratio": 106.93,
            "debt_ratio": 61.3,
            "inventory_turnover_ratio": 0.68,
            "account_receivable_turnover_ratio": 1.18,
            "reinvestment_rate": 168.95,
            "research_to_sale_ratio": 13.84,
            "price_fair": 232.05,
            "eps_avg_yearly": 6.63,
            "eps_latest_yearly": 4.56,
            "eps_growth_yearly": 124.45
        },
        "20183": {
            "year_quarter": 20183,
            "year": 2018,
            "quarter": 3,
            "eps": -0.4,
            "eps_growth_year": null,
            "eps_4q": -3.69,
            "eps_4q_growth_year": null,
            "roe": -2.42,
            "roe_4q": -20.85,
            "gross_profit": 82144,
            "gross_margin": 16.33,
            "gross_margin_4q_avg": 7.99,
            "net_income": -29681,
            "net_income_4q": null,
            "revenue": 502917,
            "revenue_4q": null,
            "common_shares": 751277,
            "book_valuer_per_share": 15.99,
            "book_valuer_per_share_4q_avg": 17.05,
            "equity": 1207048,
            "current_ratio": 104.54,
            "debt_ratio": 60.79,
            "inventory_turnover_ratio": 0.61,
            "account_receivable_turnover_ratio": 1.29,
            "reinvestment_rate": 196.83,
            "research_to_sale_ratio": 14.01,
            "price_fair": 252.2,
            "eps_avg_yearly": 7.21,
            "eps_latest_yearly": 4.56,
            "eps_growth_yearly": 147.06
        },
        "20184": {
            "year_quarter": 20184,
            "year": 2018,
            "quarter": 4,
            "eps": -0.97,
            "eps_growth_year": null,
            "eps_4q": -2.41,
            "eps_4q_growth_year": null,
            "roe": -6.13,
            "roe_4q": -14.82,
            "gross_profit": 65261,
            "gross_margin": 13.77,
            "gross_margin_4q_avg": 12.79,
            "net_income": -72187,
            "net_income_4q": null,
            "revenue": 473787,
            "revenue_4q": null,
            "common_shares": 751277,
            "book_valuer_per_share": 15.2,
            "book_valuer_per_share_4q_avg": 16.35,
            "equity": 1147962,
            "current_ratio": 96.91,
            "debt_ratio": 61.05,
            "inventory_turnover_ratio": 0.59,
            "account_receivable_turnover_ratio": 1.3,
            "reinvestment_rate": 311.83,
            "research_to_sale_ratio": 19.83,
            "price_fair": 268.1,
            "eps_avg_yearly": 7.66,
            "eps_latest_yearly": 4.56,
            "eps_growth_yearly": 123.37
        },
        "20191": {
            "year_quarter": 20191,
            "year": 2019,
            "quarter": 1,
            "eps": -1.26,
            "eps_growth_year": null,
            "eps_4q": -2.63,
            "eps_4q_growth_year": null,
            "roe": -8.18,
            "roe_4q": -17.33,
            "gross_profit": 28406,
            "gross_margin": 8.73,
            "gross_margin_4q_avg": 13.27,
            "net_income": -91645,
            "net_income_4q": null,
            "revenue": 325277,
            "revenue_4q": null,
            "common_shares": 761337,
            "book_valuer_per_share": 14.28,
            "book_valuer_per_share_4q_avg": 15.64,
            "equity": 1092961,
            "current_ratio": 89.64,
            "debt_ratio": 62.15,
            "inventory_turnover_ratio": 0.45,
            "account_receivable_turnover_ratio": 1.11,
            "reinvestment_rate": 1089.71,
            "research_to_sale_ratio": 22.72,
            "price_fair": 294,
            "eps_avg_yearly": 8.4,
            "eps_latest_yearly": 4.56,
            "eps_growth_yearly": 157.33
        },
        "20192": {
            "year_quarter": 20192,
            "year": 2019,
            "quarter": 2,
            "eps": -1.25,
            "eps_growth_year": null,
            "eps_4q": -3.73,
            "eps_4q_growth_year": null,
            "roe": -8.6,
            "roe_4q": -25.33,
            "gross_profit": 6096,
            "gross_margin": 1.67,
            "gross_margin_4q_avg": 10.13,
            "net_income": -91013,
            "net_income_4q": null,
            "revenue": 365286,
            "revenue_4q": null,
            "common_shares": 760337,
            "book_valuer_per_share": 13.38,
            "book_valuer_per_share_4q_avg": 14.71,
            "equity": 1022795,
            "current_ratio": 81.92,
            "debt_ratio": 60.52,
            "inventory_turnover_ratio": 0.62,
            "account_receivable_turnover_ratio": 1.3,
            "reinvestment_rate": null,
            "research_to_sale_ratio": 14.54,
            "price_fair": 340.55,
            "eps_avg_yearly": 9.73,
            "eps_latest_yearly": 4.56,
            "eps_growth_yearly": 218.88
        },
        "20193": {
            "year_quarter": 20193,
            "year": 2019,
            "quarter": 3,
            "eps": -0.25,
            "eps_growth_year": null,
            "eps_4q": -3.58,
            "eps_4q_growth_year": null,
            "roe": -1.83,
            "roe_4q": -24.74,
            "gross_profit": 62197,
            "gross_margin": 15.1,
            "gross_margin_4q_avg": 9.82,
            "net_income": -18642,
            "net_income_4q": null,
            "revenue": 411932,
            "revenue_4q": null,
            "common_shares": 760337,
            "book_valuer_per_share": 13.22,
            "book_valuer_per_share_4q_avg": 14.02,
            "equity": 1011162,
            "current_ratio": 88.26,
            "debt_ratio": 60.75,
            "inventory_turnover_ratio": 0.68,
            "account_receivable_turnover_ratio": 1.33,
            "reinvestment_rate": null,
            "research_to_sale_ratio": 10.32,
            "price_fair": 26.92,
            "eps_avg_yearly": 8.97,
            "eps_latest_yearly": 4.56,
            "eps_growth_yearly": -94.31
        },
        "20194": {
            "year_quarter": 20194,
            "year": 2019,
            "quarter": 4,
            "eps": -1.6,
            "eps_growth_year": null,
            "eps_4q": -4.23,
            "eps_4q_growth_year": null,
            "roe": -12.73,
            "roe_4q": -31.34,
            "gross_profit": -26363,
            "gross_margin": -7.44,
            "gross_margin_4q_avg": 4.52,
            "net_income": -122117,
            "net_income_4q": null,
            "revenue": 354381,
            "revenue_4q": null,
            "common_shares": 759887,
            "book_valuer_per_share": 11.76,
            "book_valuer_per_share_4q_avg": 13.16,
            "equity": 907980,
            "current_ratio": 82.14,
            "debt_ratio": 61.58,
            "inventory_turnover_ratio": 0.83,
            "account_receivable_turnover_ratio": 1.18,
            "reinvestment_rate": null,
            "research_to_sale_ratio": 14.79,
            "price_fair": 21.6,
            "eps_avg_yearly": 7.2,
            "eps_latest_yearly": 4.56,
            "eps_growth_yearly": -150.13
        },
        "20201": {
            "year_quarter": 20201,
            "year": 2020,
            "quarter": 1,
            "eps": -0.15,
            "eps_growth_year": null,
            "eps_4q": -3.18,
            "eps_4q_growth_year": null,
            "roe": -1.36,
            "roe_4q": -24.52,
            "gross_profit": 62881,
            "gross_margin": 18.54,
            "gross_margin_4q_avg": 6.97,
            "net_income": -12228,
            "net_income_4q": null,
            "revenue": 339082,
            "revenue_4q": null,
            "common_shares": 759887,
            "book_valuer_per_share": 11.52,
            "book_valuer_per_share_4q_avg": 12.47,
            "equity": 888421,
            "current_ratio": 84.07,
            "debt_ratio": 61.91,
            "inventory_turnover_ratio": 0.65,
            "account_receivable_turnover_ratio": 1.18,
            "reinvestment_rate": null,
            "research_to_sale_ratio": 11.73,
            "price_fair": 13.68,
            "eps_avg_yearly": 4.56,
            "eps_latest_yearly": 4.56,
            "eps_growth_yearly": -214.63
        },
        "20202": {
            "year_quarter": 20202,
            "year": 2020,
            "quarter": 2,
            "eps": 0.29,
            "eps_growth_year": null,
            "eps_4q": -1.7,
            "eps_4q_growth_year": null,
            "roe": 2.29,
            "roe_4q": -13.63,
            "gross_profit": 97671,
            "gross_margin": 22.48,
            "gross_margin_4q_avg": 12.17,
            "net_income": 20512,
            "net_income_4q": null,
            "revenue": 434489,
            "revenue_4q": null,
            "common_shares": 759887,
            "book_valuer_per_share": 11.73,
            "book_valuer_per_share_4q_avg": 12.06,
            "equity": 902907,
            "current_ratio": 87.68,
            "debt_ratio": 60.16,
            "inventory_turnover_ratio": 0.75,
            "account_receivable_turnover_ratio": 1.51,
            "reinvestment_rate": null,
            "research_to_sale_ratio": 9.22,
            "price_fair": 0,
            "eps_avg_yearly": 0,
            "eps_latest_yearly": 0,
            "eps_growth_yearly": 0
        },
        "20203": {
            "year_quarter": 20203,
            "year": 2020,
            "quarter": 3,
            "eps": 0.17,
            "eps_growth_year": null,
            "eps_4q": -1.28,
            "eps_4q_growth_year": null,
            "roe": 1.2,
            "roe_4q": -10.600000000000001,
            "gross_profit": 106688,
            "gross_margin": 26.27,
            "gross_margin_4q_avg": 14.96,
            "net_income": 11005,
            "net_income_4q": null,
            "revenue": 406134,
            "revenue_4q": null,
            "common_shares": 764747,
            "book_valuer_per_share": 12.04,
            "book_valuer_per_share_4q_avg": 11.76,
            "equity": 930092,
            "current_ratio": 89.68,
            "debt_ratio": 57.4,
            "inventory_turnover_ratio": 0.66,
            "account_receivable_turnover_ratio": 1.51,
            "reinvestment_rate": null,
            "research_to_sale_ratio": 12.44,
            "price_fair": 2.04,
            "eps_avg_yearly": 0.68,
            "eps_latest_yearly": 0.68,
            "eps_growth_yearly": -165.52
        },
        "20204": {
            "year_quarter": 20204,
            "year": 2020,
            "quarter": 4,
            "eps": -0.22,
            "eps_growth_year": null,
            "eps_4q": 0.09,
            "eps_4q_growth_year": null,
            "roe": -1.91,
            "roe_4q": 0.21999999999999997,
            "gross_profit": 77858,
            "gross_margin": 22.74,
            "gross_margin_4q_avg": 22.51,
            "net_income": -17638,
            "net_income_4q": null,
            "revenue": 342429,
            "revenue_4q": null,
            "common_shares": 764747,
            "book_valuer_per_share": 11.88,
            "book_valuer_per_share_4q_avg": 11.79,
            "equity": 921110,
            "current_ratio": 89.04,
            "debt_ratio": 56.3,
            "inventory_turnover_ratio": 0.56,
            "account_receivable_turnover_ratio": 1.46,
            "reinvestment_rate": null,
            "research_to_sale_ratio": 13.39,
            "price_fair": 2.04,
            "eps_avg_yearly": 0.68,
            "eps_latest_yearly": 0.68,
            "eps_growth_yearly": -165.52
        },
        "20211": {
            "year_quarter": 20211,
            "year": 2021,
            "quarter": 1,
            "eps": -0.49,
            "eps_growth_year": null,
            "eps_4q": -0.25,
            "eps_4q_growth_year": null,
            "roe": -4.25,
            "roe_4q": -2.67,
            "gross_profit": 50950,
            "gross_margin": 14.33,
            "gross_margin_4q_avg": 21.46,
            "net_income": -38414,
            "net_income_4q": null,
            "revenue": 355456,
            "revenue_4q": null,
            "common_shares": 764747,
            "book_valuer_per_share": 11.44,
            "book_valuer_per_share_4q_avg": 11.77,
            "equity": 886579,
            "current_ratio": 93.75,
            "debt_ratio": 56.82,
            "inventory_turnover_ratio": 0.66,
            "account_receivable_turnover_ratio": 1.65,
            "reinvestment_rate": null,
            "research_to_sale_ratio": 14.52,
            "price_fair": 2.04,
            "eps_avg_yearly": 0.68,
            "eps_latest_yearly": 0.68,
            "eps_growth_yearly": -165.52
        },
        "20212": {
            "year_quarter": 20212,
            "year": 2021,
            "quarter": 2,
            "eps": -0.43,
            "eps_growth_year": -248.28,
            "eps_4q": -0.97,
            "eps_4q_growth_year": null,
            "roe": -4.01,
            "roe_4q": -8.97,
            "gross_profit": 71115,
            "gross_margin": 21.57,
            "gross_margin_4q_avg": 21.23,
            "net_income": -34882,
            "net_income_4q": null,
            "revenue": 329682,
            "revenue_4q": null,
            "common_shares": 764747,
            "book_valuer_per_share": 11.04,
            "book_valuer_per_share_4q_avg": 11.6,
            "equity": 853692,
            "current_ratio": 96.4,
            "debt_ratio": 56.02,
            "inventory_turnover_ratio": 0.59,
            "account_receivable_turnover_ratio": 1.55,
            "reinvestment_rate": null,
            "research_to_sale_ratio": 18.13,
            "price_fair": 2.04,
            "eps_avg_yearly": 0.68,
            "eps_latest_yearly": 0.68,
            "eps_growth_yearly": -165.52
        },
        "20213": {
            "year_quarter": 20213,
            "year": 2021,
            "quarter": 3,
            "eps": -0.44,
            "eps_growth_year": -358.82,
            "eps_4q": -1.57,
            "eps_4q_growth_year": null,
            "roe": -4.27,
            "roe_4q": -14.44,
            "gross_profit": 58961,
            "gross_margin": 19.24,
            "gross_margin_4q_avg": 19.47,
            "net_income": -35788,
            "net_income_4q": null,
            "revenue": 306414,
            "revenue_4q": null,
            "common_shares": 764747,
            "book_valuer_per_share": 10.66,
            "book_valuer_per_share_4q_avg": 11.26,
            "equity": 822262,
            "current_ratio": 97.75,
            "debt_ratio": 55.4,
            "inventory_turnover_ratio": 0.57,
            "account_receivable_turnover_ratio": 1.52,
            "reinvestment_rate": null,
            "research_to_sale_ratio": 18.38,
            "price_fair": 2.04,
            "eps_avg_yearly": 0.68,
            "eps_latest_yearly": 0.68,
            "eps_growth_yearly": -165.52
        },
        "20214": {
            "year_quarter": 20214,
            "year": 2021,
            "quarter": 4,
            "eps": -0.38,
            "eps_growth_year": null,
            "eps_4q": -1.74,
            "eps_4q_growth_year": -1929.55,
            "roe": -3.9,
            "roe_4q": -16.43,
            "gross_profit": 51444,
            "gross_margin": 15.96,
            "gross_margin_4q_avg": 17.78,
            "net_income": -31462,
            "net_income_4q": null,
            "revenue": 322295,
            "revenue_4q": null,
            "common_shares": 764747,
            "book_valuer_per_share": 10.3,
            "book_valuer_per_share_4q_avg": 10.86,
            "equity": 792863,
            "current_ratio": 102.91,
            "debt_ratio": 55.51,
            "inventory_turnover_ratio": 0.65,
            "account_receivable_turnover_ratio": 1.59,
            "reinvestment_rate": null,
            "research_to_sale_ratio": 13.78,
            "price_fair": 2.04,
            "eps_avg_yearly": 0.68,
            "eps_latest_yearly": 0.68,
            "eps_growth_yearly": -165.52
        },
        "20221": {
            "year_quarter": 20221,
            "year": 2022,
            "quarter": 1,
            "eps": -0.13,
            "eps_growth_year": null,
            "eps_4q": -1.37,
            "eps_4q_growth_year": null,
            "roe": -1.67,
            "roe_4q": -13.85,
            "gross_profit": 66989,
            "gross_margin": 22.92,
            "gross_margin_4q_avg": 19.92,
            "net_income": -13211,
            "net_income_4q": null,
            "revenue": 292276,
            "revenue_4q": null,
            "common_shares": 764747,
            "book_valuer_per_share": 10.35,
            "book_valuer_per_share_4q_avg": 10.59,
            "equity": 792880,
            "current_ratio": 111.01,
            "debt_ratio": 54.67,
            "inventory_turnover_ratio": 0.55,
            "account_receivable_turnover_ratio": 1.57,
            "reinvestment_rate": null,
            "research_to_sale_ratio": 15.43,
            "price_fair": 2.04,
            "eps_avg_yearly": 0.68,
            "eps_latest_yearly": 0.68,
            "eps_growth_yearly": -165.52
        },
        "20222": {
            "year_quarter": 20222,
            "year": 2022,
            "quarter": 2,
            "eps": 0.22,
            "eps_growth_year": null,
            "eps_4q": -0.72,
            "eps_4q_growth_year": null,
            "roe": 2.11,
            "roe_4q": -7.7299999999999995,
            "gross_profit": 83628,
            "gross_margin": 30.85,
            "gross_margin_4q_avg": 22.24,
            "net_income": 16793,
            "net_income_4q": null,
            "revenue": 271059,
            "revenue_4q": null,
            "common_shares": 764747,
            "book_valuer_per_share": 10.4,
            "book_valuer_per_share_4q_avg": 10.43,
            "equity": 796817,
            "current_ratio": 120.81,
            "debt_ratio": 52.13,
            "inventory_turnover_ratio": 0.46,
            "account_receivable_turnover_ratio": 1.79,
            "reinvestment_rate": null,
            "research_to_sale_ratio": 17.01,
            "price_fair": 2.04,
            "eps_avg_yearly": 0.68,
            "eps_latest_yearly": 0.68,
            "eps_growth_yearly": -165.52
        },
        "20223": {
            "year_quarter": 20223,
            "year": 2022,
            "quarter": 3,
            "eps": -0.05,
            "eps_growth_year": null,
            "eps_4q": -0.34,
            "eps_4q_growth_year": null,
            "roe": -1.02,
            "roe_4q": -4.48,
            "gross_profit": 63133,
            "gross_margin": 27.6,
            "gross_margin_4q_avg": 24.33,
            "net_income": -8252,
            "net_income_4q": null,
            "revenue": 228734,
            "revenue_4q": null,
            "common_shares": 764747,
            "book_valuer_per_share": 10.46,
            "book_valuer_per_share_4q_avg": 10.38,
            "equity": 815651,
            "current_ratio": 134.55,
            "debt_ratio": 49.44,
            "inventory_turnover_ratio": 0.4,
            "account_receivable_turnover_ratio": 1.52,
            "reinvestment_rate": null,
            "research_to_sale_ratio": 21.58,
            "price_fair": 2.04,
            "eps_avg_yearly": 0.68,
            "eps_latest_yearly": 0.68,
            "eps_growth_yearly": -165.52
        },
        "20224": {
            "year_quarter": 20224,
            "year": 2022,
            "quarter": 4,
            "eps": -0.39,
            "eps_growth_year": null,
            "eps_4q": -0.34,
            "eps_4q_growth_year": null,
            "roe": -5.21,
            "roe_4q": -5.790000000000001,
            "gross_profit": 42654,
            "gross_margin": 21.59,
            "gross_margin_4q_avg": 25.74,
            "net_income": -41424,
            "net_income_4q": null,
            "revenue": 197566,
            "revenue_4q": null,
            "common_shares": 764747,
            "book_valuer_per_share": 10.06,
            "book_valuer_per_share_4q_avg": 10.32,
            "equity": 773299,
            "current_ratio": 131.59,
            "debt_ratio": 52.92,
            "inventory_turnover_ratio": 0.38,
            "account_receivable_turnover_ratio": 1.37,
            "reinvestment_rate": null,
            "research_to_sale_ratio": 23.57,
            "price_fair": 2.04,
            "eps_avg_yearly": 0.68,
            "eps_latest_yearly": 0.68,
            "eps_growth_yearly": -165.52
        },
        "20231": {
            "year_quarter": 20231,
            "year": 2023,
            "quarter": 1,
            "eps": -0.87,
            "eps_growth_year": null,
            "eps_4q": -1.09,
            "eps_4q_growth_year": null,
            "roe": -10.53,
            "roe_4q": -14.649999999999999,
            "gross_profit": 7431,
            "gross_margin": 5.49,
            "gross_margin_4q_avg": 21.38,
            "net_income": -77315,
            "net_income_4q": null,
            "revenue": 135439,
            "revenue_4q": null,
            "common_shares": 764747,
            "book_valuer_per_share": 9.17,
            "book_valuer_per_share_4q_avg": 10.02,
            "equity": 694528,
            "current_ratio": 137.86,
            "debt_ratio": 55.08,
            "inventory_turnover_ratio": 0.32,
            "account_receivable_turnover_ratio": 1.32,
            "reinvestment_rate": null,
            "research_to_sale_ratio": 36.23,
            "price_fair": 2.04,
            "eps_avg_yearly": 0.68,
            "eps_latest_yearly": 0.68,
            "eps_growth_yearly": -165.52
        },
        "20232": {
            "year_quarter": 20232,
            "year": 2023,
            "quarter": 2,
            "eps": -0.69,
            "eps_growth_year": -413.64,
            "eps_4q": -2.01,
            "eps_4q_growth_year": null,
            "roe": -9.75,
            "roe_4q": -26.51,
            "gross_profit": 14254,
            "gross_margin": 9.23,
            "gross_margin_4q_avg": 15.98,
            "net_income": -64088,
            "net_income_4q": null,
            "revenue": 154387,
            "revenue_4q": null,
            "common_shares": 764747,
            "book_valuer_per_share": 8.34,
            "book_valuer_per_share_4q_avg": 9.51,
            "equity": 620393,
            "current_ratio": 128.22,
            "debt_ratio": 56.79,
            "inventory_turnover_ratio": 0.36,
            "account_receivable_turnover_ratio": 1.93,
            "reinvestment_rate": null,
            "research_to_sale_ratio": 32.66,
            "price_fair": 2.04,
            "eps_avg_yearly": 0.68,
            "eps_latest_yearly": 0.68,
            "eps_growth_yearly": -165.52
        },
        "20233": {
            "year_quarter": 20233,
            "year": 2023,
            "quarter": 3,
            "eps": -1.13,
            "eps_growth_year": null,
            "eps_4q": -2.53,
            "eps_4q_growth_year": null,
            "roe": -13.15,
            "roe_4q": -38.64,
            "gross_profit": 10986,
            "gross_margin": 6.76,
            "gross_margin_4q_avg": 10.77,
            "net_income": -99472,
            "net_income_4q": null,
            "revenue": 162436,
            "revenue_4q": null,
            "common_shares": 964747,
            "book_valuer_per_share": 9.48,
            "book_valuer_per_share_4q_avg": 9.26,
            "equity": 892160,
            "current_ratio": 274.46,
            "debt_ratio": 35.89,
            "inventory_turnover_ratio": 0.39,
            "account_receivable_turnover_ratio": 1.74,
            "reinvestment_rate": null,
            "research_to_sale_ratio": 36.58,
            "price_fair": 2.04,
            "eps_avg_yearly": 0.68,
            "eps_latest_yearly": 0.68,
            "eps_growth_yearly": -165.52
        }
    },
    "months": {
        "2003-10": {
            "month": "2003-10",
            "price": "16.43",
            "revenue": 38152
        },
        "2003-11": {
            "month": "2003-11",
            "price": "15.61",
            "revenue": 33473
        },
        "2003-12": {
            "month": "2003-12",
            "price": "14.85",
            "revenue": 32181
        },
        "2004-01": {
            "month": "2004-01",
            "price": "13.88",
            "revenue": 23903
        },
        "2004-02": {
            "month": "2004-02",
            "price": "15.00",
            "revenue": 28132
        },
        "2004-03": {
            "month": "2004-03",
            "price": "15.15",
            "revenue": 33283
        },
        "2004-04": {
            "month": "2004-04",
            "price": "16.05",
            "revenue": 40604
        },
        "2004-06": {
            "month": "2004-06",
            "price": "13.67",
            "revenue": 41650
        },
        "2004-07": {
            "month": "2004-07",
            "price": "12.26",
            "revenue": 33603
        },
        "2004-08": {
            "month": "2004-08",
            "price": "9.55",
            "revenue": 30047
        },
        "2004-09": {
            "month": "2004-09",
            "price": "10.06",
            "revenue": 42440
        },
        "2004-12": {
            "month": "2004-12",
            "price": "8.22",
            "revenue": 28807
        },
        "2005-01": {
            "month": "2005-01",
            "price": "7.26",
            "revenue": 23582
        },
        "2005-02": {
            "month": "2005-02",
            "price": "6.95",
            "revenue": 18180
        },
        "2005-03": {
            "month": "2005-03",
            "price": "6.58",
            "revenue": 30964
        },
        "2005-04": {
            "month": "2005-04",
            "price": "6.07",
            "revenue": 33376
        },
        "2005-05": {
            "month": "2005-05",
            "price": "6.84",
            "revenue": 48344
        },
        "2005-06": {
            "month": "2005-06",
            "price": "7.66",
            "revenue": 40154
        },
        "2005-07": {
            "month": "2005-07",
            "price": "8.31",
            "revenue": 41217
        },
        "2005-08": {
            "month": "2005-08",
            "price": "9.05",
            "revenue": 45963
        },
        "2005-09": {
            "month": "2005-09",
            "price": "8.21",
            "revenue": 43409
        },
        "2005-10": {
            "month": "2005-10",
            "price": "7.01",
            "revenue": 40076
        },
        "2005-11": {
            "month": "2005-11",
            "price": "4.51",
            "revenue": 47163
        },
        "2005-12": {
            "month": "2005-12",
            "price": "4.59",
            "revenue": 46058
        },
        "2006-01": {
            "month": "2006-01",
            "price": "5.73",
            "revenue": 49038
        },
        "2006-02": {
            "month": "2006-02",
            "price": "5.20",
            "revenue": 32465
        },
        "2006-03": {
            "month": "2006-03",
            "price": "7.40",
            "revenue": 57017
        },
        "2006-04": {
            "month": "2006-04",
            "price": "9.92",
            "revenue": 52954
        },
        "2006-05": {
            "month": "2006-05",
            "price": "14.02",
            "revenue": 60191
        },
        "2006-06": {
            "month": "2006-06",
            "price": "11.87",
            "revenue": 61067
        },
        "2006-07": {
            "month": "2006-07",
            "price": "9.85",
            "revenue": 62062
        },
        "2006-08": {
            "month": "2006-08",
            "price": "10.19",
            "revenue": 63599
        },
        "2006-09": {
            "month": "2006-09",
            "price": "10.18",
            "revenue": 61506
        },
        "2006-10": {
            "month": "2006-10",
            "price": "9.96",
            "revenue": 60125
        },
        "2006-11": {
            "month": "2006-11",
            "price": "10.41",
            "revenue": 63634
        },
        "2006-12": {
            "month": "2006-12",
            "price": "13.77",
            "revenue": 61201
        },
        "2007-01": {
            "month": "2007-01",
            "price": "16.47",
            "revenue": 66411
        },
        "2007-02": {
            "month": "2007-02",
            "price": "22.13",
            "revenue": 52908
        },
        "2007-03": {
            "month": "2007-03",
            "price": "28.81",
            "revenue": 80465
        },
        "2007-04": {
            "month": "2007-04",
            "price": "43.52",
            "revenue": 86371
        },
        "2007-05": {
            "month": "2007-05",
            "price": "44.32",
            "revenue": 84358
        },
        "2007-06": {
            "month": "2007-06",
            "price": "49.25",
            "revenue": 73602
        },
        "2007-07": {
            "month": "2007-07",
            "price": "58.33",
            "revenue": 76999
        },
        "2007-08": {
            "month": "2007-08",
            "price": "51.23",
            "revenue": 76528
        },
        "2007-09": {
            "month": "2007-09",
            "price": "47.91",
            "revenue": 73579
        },
        "2007-10": {
            "month": "2007-10",
            "price": "39.91",
            "revenue": 90517
        },
        "2007-11": {
            "month": "2007-11",
            "price": "32.91",
            "revenue": 90674
        },
        "2007-12": {
            "month": "2007-12",
            "price": "33.23",
            "revenue": 71751
        },
        "2008-01": {
            "month": "2008-01",
            "price": "26.63",
            "revenue": 68071
        },
        "2008-02": {
            "month": "2008-02",
            "price": "22.48",
            "revenue": 58985
        },
        "2008-03": {
            "month": "2008-03",
            "price": "23.33",
            "revenue": 68986
        },
        "2008-04": {
            "month": "2008-04",
            "price": "23.97",
            "revenue": 80473
        },
        "2008-05": {
            "month": "2008-05",
            "price": "27.30",
            "revenue": 91607
        },
        "2008-06": {
            "month": "2008-06",
            "price": "27.27",
            "revenue": 94288
        },
        "2008-07": {
            "month": "2008-07",
            "price": "21.92",
            "revenue": 91774
        },
        "2008-08": {
            "month": "2008-08",
            "price": "20.42",
            "revenue": 94177
        },
        "2008-09": {
            "month": "2008-09",
            "price": "13.26",
            "revenue": 89219
        },
        "2008-10": {
            "month": "2008-10",
            "price": "9.45",
            "revenue": 75568
        },
        "2008-11": {
            "month": "2008-11",
            "price": "7.49",
            "revenue": 63978
        },
        "2008-12": {
            "month": "2008-12",
            "price": "6.30",
            "revenue": 52285
        },
        "2009-01": {
            "month": "2009-01",
            "price": "7.09",
            "revenue": 37616
        },
        "2009-02": {
            "month": "2009-02",
            "price": "7.67",
            "revenue": 73354
        },
        "2009-03": {
            "month": "2009-03",
            "price": "11.88",
            "revenue": 88620
        },
        "2009-04": {
            "month": "2009-04",
            "price": "12.81",
            "revenue": 72548
        },
        "2009-05": {
            "month": "2009-05",
            "price": "12.34",
            "revenue": 77331
        },
        "2009-06": {
            "month": "2009-06",
            "price": "10.13",
            "revenue": 89178
        },
        "2009-07": {
            "month": "2009-07",
            "price": "11.50",
            "revenue": 96660
        },
        "2009-08": {
            "month": "2009-08",
            "price": "12.42",
            "revenue": 83156
        },
        "2009-09": {
            "month": "2009-09",
            "price": "11.14",
            "revenue": 80370
        },
        "2009-10": {
            "month": "2009-10",
            "price": "12.84",
            "revenue": 80748
        },
        "2009-11": {
            "month": "2009-11",
            "price": "14.05",
            "revenue": 81242
        },
        "2009-12": {
            "month": "2009-12",
            "price": "18.63",
            "revenue": 84592
        },
        "2010-01": {
            "month": "2010-01",
            "price": "20.17",
            "revenue": 116768
        },
        "2010-02": {
            "month": "2010-02",
            "price": "19.74",
            "revenue": 90751
        },
        "2010-03": {
            "month": "2010-03",
            "price": "24.06",
            "revenue": 123606
        },
        "2010-04": {
            "month": "2010-04",
            "price": "26.99",
            "revenue": 123152
        },
        "2010-05": {
            "month": "2010-05",
            "price": "23.40",
            "revenue": 104524
        },
        "2010-06": {
            "month": "2010-06",
            "price": "20.38",
            "revenue": 103248
        },
        "2010-07": {
            "month": "2010-07",
            "price": "21.56",
            "revenue": 121214
        },
        "2010-08": {
            "month": "2010-08",
            "price": "25.49",
            "revenue": 124929
        },
        "2010-09": {
            "month": "2010-09",
            "price": "27.67",
            "revenue": 110487
        },
        "2010-10": {
            "month": "2010-10",
            "price": "29.01",
            "revenue": 102417
        },
        "2010-11": {
            "month": "2010-11",
            "price": "26.37",
            "revenue": 96141
        },
        "2010-12": {
            "month": "2010-12",
            "price": "28.41",
            "revenue": 101171
        },
        "2011-01": {
            "month": "2011-01",
            "price": "27.31",
            "revenue": 116350
        },
        "2011-02": {
            "month": "2011-02",
            "price": "29.63",
            "revenue": 92494
        },
        "2011-03": {
            "month": "2011-03",
            "price": "28.16",
            "revenue": 126717
        },
        "2011-04": {
            "month": "2011-04",
            "price": "31.35",
            "revenue": 127395
        },
        "2011-05": {
            "month": "2011-05",
            "price": "28.50",
            "revenue": 135615
        },
        "2011-06": {
            "month": "2011-06",
            "price": "26.24",
            "revenue": 137305
        },
        "2011-07": {
            "month": "2011-07",
            "price": "23.98",
            "revenue": 125310
        },
        "2011-08": {
            "month": "2011-08",
            "price": "16.64",
            "revenue": 125120
        },
        "2011-09": {
            "month": "2011-09",
            "price": "15.65",
            "revenue": 123091
        },
        "2011-10": {
            "month": "2011-10",
            "price": "16.78",
            "revenue": 123870
        },
        "2011-11": {
            "month": "2011-11",
            "price": "15.99",
            "revenue": 124411
        },
        "2011-12": {
            "month": "2011-12",
            "price": "14.58",
            "revenue": 126205
        },
        "2012-01": {
            "month": "2012-01",
            "price": "16.74",
            "revenue": 130264
        },
        "2012-02": {
            "month": "2012-02",
            "price": "22.83",
            "revenue": 131654
        },
        "2012-03": {
            "month": "2012-03",
            "price": "25.79",
            "revenue": 137931
        },
        "2012-04": {
            "month": "2012-04",
            "price": "25.04",
            "revenue": 137765
        },
        "2012-05": {
            "month": "2012-05",
            "price": "23.53",
            "revenue": 132329
        },
        "2012-06": {
            "month": "2012-06",
            "price": "22.19",
            "revenue": 139277
        },
        "2012-07": {
            "month": "2012-07",
            "price": "21.06",
            "revenue": 140507
        },
        "2012-08": {
            "month": "2012-08",
            "price": "23.40",
            "revenue": 154296
        },
        "2012-09": {
            "month": "2012-09",
            "price": "23.74",
            "revenue": 162313
        },
        "2012-10": {
            "month": "2012-10",
            "price": "23.19",
            "revenue": 163698
        },
        "2012-11": {
            "month": "2012-11",
            "price": "21.79",
            "revenue": 170275
        },
        "2012-12": {
            "month": "2012-12",
            "price": "24.20",
            "revenue": 129692
        },
        "2013-01": {
            "month": "2013-01",
            "price": "28.64",
            "revenue": 115272
        },
        "2013-02": {
            "month": "2013-02",
            "price": "28.77",
            "revenue": 139918
        },
        "2013-03": {
            "month": "2013-03",
            "price": "26.85",
            "revenue": 194546
        },
        "2013-04": {
            "month": "2013-04",
            "price": "29.15",
            "revenue": 192211
        },
        "2013-05": {
            "month": "2013-05",
            "price": "26.91",
            "revenue": 150986
        },
        "2013-06": {
            "month": "2013-06",
            "price": "23.02",
            "revenue": 143176
        },
        "2013-07": {
            "month": "2013-07",
            "price": "22.78",
            "revenue": 169298
        },
        "2013-08": {
            "month": "2013-08",
            "price": "22.38",
            "revenue": 148698
        },
        "2013-09": {
            "month": "2013-09",
            "price": "22.69",
            "revenue": 162662
        },
        "2013-10": {
            "month": "2013-10",
            "price": "22.61",
            "revenue": 184958
        },
        "2013-11": {
            "month": "2013-11",
            "price": "20.99",
            "revenue": 226558
        },
        "2013-12": {
            "month": "2013-12",
            "price": "21.04",
            "revenue": 185486
        },
        "2014-01": {
            "month": "2014-01",
            "price": "21.05",
            "revenue": 170099
        },
        "2014-02": {
            "month": "2014-02",
            "price": "21.42",
            "revenue": 171551
        },
        "2014-03": {
            "month": "2014-03",
            "price": "25.49",
            "revenue": 177921
        },
        "2014-04": {
            "month": "2014-04",
            "price": "25.46",
            "revenue": 209486
        },
        "2014-05": {
            "month": "2014-05",
            "price": "24.97",
            "revenue": 196599
        },
        "2014-06": {
            "month": "2014-06",
            "price": "25.20",
            "revenue": 186110
        },
        "2014-07": {
            "month": "2014-07",
            "price": "24.34",
            "revenue": 156860
        },
        "2014-08": {
            "month": "2014-08",
            "price": "23.90",
            "revenue": 183187
        },
        "2014-09": {
            "month": "2014-09",
            "price": "25.30",
            "revenue": 223670
        },
        "2014-10": {
            "month": "2014-10",
            "price": "27.36",
            "revenue": 220971
        },
        "2014-11": {
            "month": "2014-11",
            "price": "28.36",
            "revenue": 243208
        },
        "2014-12": {
            "month": "2014-12",
            "price": "33.09",
            "revenue": 265932
        },
        "2015-01": {
            "month": "2015-01",
            "price": "38.98",
            "revenue": 261967
        },
        "2015-02": {
            "month": "2015-02",
            "price": "40.63",
            "revenue": 209861
        },
        "2015-03": {
            "month": "2015-03",
            "price": "48.74",
            "revenue": 257222
        },
        "2015-04": {
            "month": "2015-04",
            "price": "56.42",
            "revenue": 289026
        },
        "2015-05": {
            "month": "2015-05",
            "price": "64.85",
            "revenue": 322729
        },
        "2015-06": {
            "month": "2015-06",
            "price": "88.28",
            "revenue": 348509
        },
        "2015-07": {
            "month": "2015-07",
            "price": "81.15",
            "revenue": 378613
        },
        "2015-08": {
            "month": "2015-08",
            "price": "68.52",
            "revenue": 438626
        },
        "2015-09": {
            "month": "2015-09",
            "price": "79.60",
            "revenue": 449009
        },
        "2015-10": {
            "month": "2015-10",
            "price": "99.85",
            "revenue": 545445
        },
        "2015-11": {
            "month": "2015-11",
            "price": "106.19",
            "revenue": 552641
        },
        "2015-12": {
            "month": "2015-12",
            "price": "94.80",
            "revenue": 477892
        },
        "2016-01": {
            "month": "2016-01",
            "price": "84.14",
            "revenue": 526321
        },
        "2016-02": {
            "month": "2016-02",
            "price": "91.45",
            "revenue": 425702
        },
        "2016-03": {
            "month": "2016-03",
            "price": "97.90",
            "revenue": 519986
        },
        "2016-04": {
            "month": "2016-04",
            "price": "85.09",
            "revenue": 270995
        },
        "2016-05": {
            "month": "2016-05",
            "price": "70.83",
            "revenue": 293406
        },
        "2016-06": {
            "month": "2016-06",
            "price": "74.94",
            "revenue": 243201
        },
        "2016-07": {
            "month": "2016-07",
            "price": "68.99",
            "revenue": 273956
        },
        "2016-08": {
            "month": "2016-08",
            "price": "69.76",
            "revenue": 272351
        },
        "2016-09": {
            "month": "2016-09",
            "price": "69.39",
            "revenue": 274406
        },
        "2016-10": {
            "month": "2016-10",
            "price": "59.77",
            "revenue": 219770
        },
        "2016-11": {
            "month": "2016-11",
            "price": "49.82",
            "revenue": 248572
        },
        "2016-12": {
            "month": "2016-12",
            "price": "54.84",
            "revenue": 220595
        },
        "2017-01": {
            "month": "2017-01",
            "price": "54.94",
            "revenue": 241801
        },
        "2017-02": {
            "month": "2017-02",
            "price": "59.71",
            "revenue": 208190
        },
        "2017-03": {
            "month": "2017-03",
            "price": "58.67",
            "revenue": 187444
        },
        "2017-04": {
            "month": "2017-04",
            "price": "53.71",
            "revenue": 157771
        },
        "2017-05": {
            "month": "2017-05",
            "price": "41.24",
            "revenue": 108813
        },
        "2017-06": {
            "month": "2017-06",
            "price": "40.14",
            "revenue": 111137
        },
        "2017-07": {
            "month": "2017-07",
            "price": "38.43",
            "revenue": 101552
        },
        "2017-08": {
            "month": "2017-08",
            "price": "32.72",
            "revenue": 88311
        },
        "2017-09": {
            "month": "2017-09",
            "price": "34.97",
            "revenue": 118543
        },
        "2017-10": {
            "month": "2017-10",
            "price": "36.59",
            "revenue": 153374
        },
        "2017-11": {
            "month": "2017-11",
            "price": "35.12",
            "revenue": 170794
        },
        "2017-12": {
            "month": "2017-12",
            "price": "40.84",
            "revenue": 185829
        },
        "2018-01": {
            "month": "2018-01",
            "price": "39.13",
            "revenue": 197903
        },
        "2018-02": {
            "month": "2018-02",
            "price": "32.53",
            "revenue": 140300
        },
        "2018-03": {
            "month": "2018-03",
            "price": "30.44",
            "revenue": 197360
        },
        "2018-04": {
            "month": "2018-04",
            "price": "27.73",
            "revenue": 161107
        },
        "2018-05": {
            "month": "2018-05",
            "price": "25.21",
            "revenue": 174684
        },
        "2018-06": {
            "month": "2018-06",
            "price": "34.04",
            "revenue": 165309
        },
        "2018-07": {
            "month": "2018-07",
            "price": "33.72",
            "revenue": 166912
        },
        "2018-08": {
            "month": "2018-08",
            "price": "30.28",
            "revenue": 170421
        },
        "2018-09": {
            "month": "2018-09",
            "price": "27.73",
            "revenue": 165584
        },
        "2018-10": {
            "month": "2018-10",
            "price": "24.12",
            "revenue": 160466
        },
        "2018-11": {
            "month": "2018-11",
            "price": "22.93",
            "revenue": 171952
        },
        "2018-12": {
            "month": "2018-12",
            "price": "29.61",
            "revenue": 141369
        },
        "2019-01": {
            "month": "2019-01",
            "price": "35.95",
            "revenue": 123336
        },
        "2019-02": {
            "month": "2019-02",
            "price": "35.35",
            "revenue": 80437
        },
        "2019-03": {
            "month": "2019-03",
            "price": "35.92",
            "revenue": 121504
        },
        "2019-04": {
            "month": "2019-04",
            "price": "33.56",
            "revenue": 123043
        },
        "2019-05": {
            "month": "2019-05",
            "price": "25.79",
            "revenue": 121183
        },
        "2019-06": {
            "month": "2019-06",
            "price": "25.98",
            "revenue": 121060
        },
        "2019-07": {
            "month": "2019-07",
            "price": "28.01",
            "revenue": 123135
        },
        "2019-08": {
            "month": "2019-08",
            "price": "26.86",
            "revenue": 146826
        },
        "2019-09": {
            "month": "2019-09",
            "price": "29.23",
            "revenue": 141971
        },
        "2019-10": {
            "month": "2019-10",
            "price": "29.97",
            "revenue": 110097
        },
        "2019-11": {
            "month": "2019-11",
            "price": "32.80",
            "revenue": 121402
        },
        "2019-12": {
            "month": "2019-12",
            "price": "34.86",
            "revenue": 122882
        },
        "2020-01": {
            "month": "2020-01",
            "price": "38.94",
            "revenue": 100174
        },
        "2020-02": {
            "month": "2020-02",
            "price": "35.15",
            "revenue": 115215
        },
        "2020-03": {
            "month": "2020-03",
            "price": "27.54",
            "revenue": 123693
        },
        "2020-04": {
            "month": "2020-04",
            "price": "29.04",
            "revenue": 130217
        },
        "2020-05": {
            "month": "2020-05",
            "price": "35.52",
            "revenue": 147543
        },
        "2020-06": {
            "month": "2020-06",
            "price": "38.58",
            "revenue": 156729
        },
        "2020-07": {
            "month": "2020-07",
            "price": "50.63",
            "revenue": 156178
        },
        "2020-08": {
            "month": "2020-08",
            "price": "44.43",
            "revenue": 130842
        },
        "2020-09": {
            "month": "2020-09",
            "price": "40.62",
            "revenue": 119114
        },
        "2020-10": {
            "month": "2020-10",
            "price": "37.17",
            "revenue": 110152
        },
        "2020-11": {
            "month": "2020-11",
            "price": "43.00",
            "revenue": 121816
        },
        "2020-12": {
            "month": "2020-12",
            "price": "43.20",
            "revenue": 110461
        },
        "2021-01": {
            "month": "2021-01",
            "price": "38.47",
            "revenue": 120392
        },
        "2021-02": {
            "month": "2021-02",
            "price": "39.18",
            "revenue": 114726
        },
        "2021-03": {
            "month": "2021-03",
            "price": "40.81",
            "revenue": 120338
        },
        "2021-04": {
            "month": "2021-04",
            "price": "39.28",
            "revenue": 122171
        },
        "2021-05": {
            "month": "2021-05",
            "price": "29.97",
            "revenue": 100774
        },
        "2021-06": {
            "month": "2021-06",
            "price": "29.99",
            "revenue": 106737
        },
        "2021-07": {
            "month": "2021-07",
            "price": "30.66",
            "revenue": 101069
        },
        "2021-08": {
            "month": "2021-08",
            "price": "28.43",
            "revenue": 102166
        },
        "2021-09": {
            "month": "2021-09",
            "price": "26.37",
            "revenue": 103179
        },
        "2021-10": {
            "month": "2021-10",
            "price": "25.62",
            "revenue": 114432
        },
        "2021-11": {
            "month": "2021-11",
            "price": "28.26",
            "revenue": 104181
        },
        "2021-12": {
            "month": "2021-12",
            "price": "27.17",
            "revenue": 103682
        },
        "2022-01": {
            "month": "2022-01",
            "price": "26.59",
            "revenue": 100926
        },
        "2022-02": {
            "month": "2022-02",
            "price": "25.47",
            "revenue": 90813
        },
        "2022-03": {
            "month": "2022-03",
            "price": "24.54",
            "revenue": 100537
        },
        "2022-04": {
            "month": "2022-04",
            "price": "22.76",
            "revenue": 90781
        },
        "2022-05": {
            "month": "2022-05",
            "price": "20.45",
            "revenue": 100124
        },
        "2022-06": {
            "month": "2022-06",
            "price": "21.90",
            "revenue": 80154
        },
        "2022-07": {
            "month": "2022-07",
            "price": "24.41",
            "revenue": 77431
        },
        "2022-08": {
            "month": "2022-08",
            "price": "27.08",
            "revenue": 75927
        },
        "2022-09": {
            "month": "2022-09",
            "price": "25.95",
            "revenue": 75376
        },
        "2022-10": {
            "month": "2022-10",
            "price": "21.23",
            "revenue": 73140
        },
        "2022-11": {
            "month": "2022-11",
            "price": "22.37",
            "revenue": 65107
        },
        "2022-12": {
            "month": "2022-12",
            "price": "23.95",
            "revenue": 59319
        },
        "2023-01": {
            "month": "2023-01",
            "price": "21.63",
            "revenue": 46751
        },
        "2023-02": {
            "month": "2023-02",
            "price": "23.00",
            "revenue": 37382
        },
        "2023-03": {
            "month": "2023-03",
            "price": "24.32",
            "revenue": 51306
        },
        "2023-04": {
            "month": "2023-04",
            "price": "24.30",
            "revenue": 53440
        },
        "2023-05": {
            "month": "2023-05",
            "price": "22.34",
            "revenue": 50674
        },
        "2023-06": {
            "month": "2023-06",
            "price": "23.02",
            "revenue": 50273
        },
        "2023-07": {
            "month": "2023-07",
            "price": "29.64",
            "revenue": 50816
        },
        "2023-08": {
            "month": "2023-08",
            "price": "26.88",
            "revenue": 55046
        },
        "2023-09": {
            "month": "2023-09",
            "price": "25.09",
            "revenue": 56574
        },
        "2023-10": {
            "month": "2023-10",
            "price": "30.58",
            "revenue": 58038
        },
        "2023-11": {
            "month": "2023-11",
            "price": "28.45",
            "revenue": 61951
        },
        "2023-12": {
            "month": "2023-12",
            "price": "28.69",
            "revenue": 58015
        }
    }
}
