{
    "summary": {
        "stock_name": "千如",
        "stock_id": "3236",
        "category": "電子零組件",
        "main_business": "各種電感器、晶片電感、濾波器、變壓器之製造加工及買賣。<br>轉換器、延遲線、收斂線圈及各種磁鐵芯之製造加工及買賣。<br>電源供應器、電器電子零組件、電腦及其週邊設備等之製造及買賣。",
        "website_url": "http://www.atec-group.com",
        "ceo": "范良芳",
        "pe_ratio": 12,
        "report_year_from": 2002,
        "report_year_to": 2023,
        "age": 21,
        "eps_negative_percentage": 10,
        "eps_growth_avg": {
            "last_all": 4.3,
            "last_2y": 61.45,
            "last_4y": 16.1,
            "last_8y": 24.34,
            "last_12y": 3.63,
            "last_16y": 3.44,
            "last_20y": null,
            "at_2006_last_3y": null,
            "at_2007_last_3y": 32.39,
            "at_2008_last_3y": -17.61,
            "at_2009_last_3y": 2.69,
            "at_2010_last_3y": 2.69,
            "at_2011_last_3y": -23.74,
            "at_2012_last_3y": -17.07,
            "at_2013_last_3y": -37.81,
            "at_2014_last_3y": -83.74,
            "at_2015_last_3y": -60.57,
            "at_2016_last_3y": -4.96,
            "at_2017_last_3y": 38.08,
            "at_2018_last_3y": 20.92,
            "at_2019_last_3y": 3.03,
            "at_2020_last_3y": -4.47,
            "at_2021_last_3y": -4.87,
            "at_2022_last_3y": 27.77,
            "at_2023_last_3y": 27.77,
            "at_2006_last_all": 40.49,
            "at_2007_last_all": 32.39,
            "at_2008_last_all": 5.91,
            "at_2009_last_all": 5.91,
            "at_2010_last_all": 21.59,
            "at_2011_last_all": 8.33,
            "at_2012_last_all": -2.71,
            "at_2013_last_all": -13.52,
            "at_2014_last_all": -13.52,
            "at_2015_last_all": -12.34,
            "at_2016_last_all": -3.32,
            "at_2017_last_all": -0.62,
            "at_2018_last_all": -2.92,
            "at_2019_last_all": -7.95,
            "at_2020_last_all": -3.63,
            "at_2021_last_all": -1.68,
            "at_2022_last_all": 4.3,
            "at_2023_last_all": 4.3
        },
        "latest_eps": 2.28,
        "latest_price": 27.55,
        "latest_roe": 14.49,
        "latest_gross_margin": 23.33,
        "latest_equity": 1533267,
        "latest_revenue": 630826,
        "latest_gross_profit": 147162,
        "latest_net_income": 32815,
        "latest_debt_ratio": 52.51,
        "latest_current_ratio": 156.78,
        "latest_account_receivable_turnover_ratio": 1.57,
        "latest_inventory_turnover_ratio": 1.33,
        "latest_reinvestment_rate": 154.26,
        "latest_research_to_sale_ratio": 3.87
    },
    "eps_dividends": {
        "2001": {
            "cash": 0,
            "stock": 0,
            "eps": 0
        },
        "2002": {
            "cash": 1,
            "stock": 0.5,
            "eps": 0
        },
        "2003": {
            "cash": 0.3,
            "stock": 0.5,
            "eps": 0.3
        },
        "2004": {
            "cash": 0.5,
            "stock": 0.5,
            "eps": 1.35
        },
        "2005": {
            "cash": 0.4,
            "stock": 0.6,
            "eps": 0.29
        },
        "2006": {
            "cash": 0.4,
            "stock": 0,
            "eps": 1.24
        },
        "2007": {
            "cash": 0.6,
            "stock": 0.5,
            "eps": 1.34
        },
        "2008": {
            "cash": 0.88,
            "stock": 0,
            "eps": -0.08
        },
        "2009": {
            "cash": 0,
            "stock": 0,
            "eps": 0.37
        },
        "2010": {
            "cash": 0.2,
            "stock": 0,
            "eps": 1.39
        },
        "2011": {
            "cash": 0.6,
            "stock": 0.6,
            "eps": 0.4
        },
        "2012": {
            "cash": 0.05,
            "stock": 0.3,
            "eps": 0.08
        },
        "2013": {
            "cash": 0,
            "stock": 0,
            "eps": -0.04
        },
        "2014": {
            "cash": 0,
            "stock": 0,
            "eps": 1.16
        },
        "2015": {
            "cash": 0.15,
            "stock": 0.55,
            "eps": 1.14
        },
        "2016": {
            "cash": 0.1,
            "stock": 0.45,
            "eps": 2.13
        },
        "2017": {
            "cash": 0.55,
            "stock": 0.65,
            "eps": 2.75
        },
        "2018": {
            "cash": 0.5,
            "stock": 1.7,
            "eps": 1.91
        },
        "2019": {
            "cash": 0.35,
            "stock": 0.85,
            "eps": 0.51
        },
        "2020": {
            "cash": 0.5,
            "stock": 0,
            "eps": 0.8
        },
        "2021": {
            "cash": 0.65,
            "stock": 0,
            "eps": 1.02
        },
        "2022": {
            "cash": 0.6,
            "stock": 0,
            "eps": 2.24
        },
        "2023": {
            "cash": 0.24,
            "stock": 1.3,
            "eps": 0.35
        }
    },
    "dividends": {
        "2002-06-29": {
            "cash": 1,
            "stock": 0.5
        },
        "2003-06-25": {
            "cash": 0.3,
            "stock": 0.5
        },
        "2004-03-23": {
            "cash": 0.5,
            "stock": 0.5
        },
        "2005-03-24": {
            "cash": 0.4,
            "stock": 0.6
        },
        "2006-03-24": {
            "cash": 0.4,
            "stock": 0
        },
        "2007-03-16": {
            "cash": 0.6,
            "stock": 0.5
        },
        "2008-03-18": {
            "cash": 0.88,
            "stock": 0
        },
        "2010-04-06": {
            "cash": 0.2,
            "stock": 0
        },
        "2011-03-11": {
            "cash": 0.6,
            "stock": 0.6
        },
        "2012-03-19": {
            "cash": 0.05,
            "stock": 0.3
        },
        "2015-09-25": {
            "cash": 0.15,
            "stock": 0.55
        },
        "2016-09-30": {
            "cash": 0.1,
            "stock": 0.45
        },
        "2017-09-15": {
            "cash": 0.55,
            "stock": 0.65
        },
        "2018-09-28": {
            "cash": 0.5,
            "stock": 1.7
        },
        "2019-10-02": {
            "cash": 0.35,
            "stock": 0.85
        },
        "2020-09-25": {
            "cash": 0.5,
            "stock": 0
        },
        "2021-09-30": {
            "cash": 0.65,
            "stock": 0
        },
        "2022-09-28": {
            "cash": 0.6,
            "stock": 0
        },
        "2023-03-09": {
            "cash": 0.24,
            "stock": 1.3
        }
    },
    "prices": {
        "200101": "無",
        "200102": "無",
        "200103": "無",
        "200104": "無",
        "200105": "無",
        "200106": "無",
        "200107": "無",
        "200108": "無",
        "200109": "無",
        "200110": "無",
        "200111": "無",
        "200112": "無",
        "200201": "無",
        "200202": "無",
        "200203": "無",
        "200204": "無",
        "200205": "無",
        "200206": "無",
        "200207": "無",
        "200208": "無",
        "200209": "無",
        "200210": "無",
        "200211": "無",
        "200212": "無",
        "200301": "無",
        "200302": "無",
        "200303": "無",
        "200304": "無",
        "200305": "無",
        "200306": "無",
        "200307": "無",
        "200308": "無",
        "200309": "無",
        "200310": "無",
        "200311": "無",
        "200312": "無",
        "200401": "16.22",
        "200402": "16.31",
        "200403": "16.00",
        "200404": "17.93",
        "200405": "19.18",
        "200406": "19.09",
        "200407": "無",
        "200408": "無",
        "200409": "16.64",
        "200410": "15.04",
        "200411": "16.45",
        "200412": "14.36",
        "200501": "12.50",
        "200502": "12.82",
        "200503": "13.34",
        "200504": "15.61",
        "200505": "14.95",
        "200506": "14.29",
        "200507": "14.36",
        "200508": "14.35",
        "200509": "13.60",
        "200510": "11.95",
        "200511": "10.35",
        "200512": "12.78",
        "200601": "14.77",
        "200602": "15.06",
        "200603": "14.88",
        "200604": "16.21",
        "200605": "21.65",
        "200606": "18.80",
        "200607": "16.99",
        "200608": "19.05",
        "200609": "16.68",
        "200610": "18.33",
        "200611": "18.39",
        "200612": "20.32",
        "200701": "22.35",
        "200702": "21.66",
        "200703": "21.33",
        "200704": "21.61",
        "200705": "19.20",
        "200706": "20.40",
        "200707": "22.77",
        "200708": "20.26",
        "200709": "19.18",
        "200710": "17.88",
        "200711": "15.23",
        "200712": "13.48",
        "200801": "12.68",
        "200802": "12.61",
        "200803": "13.30",
        "200804": "14.16",
        "200805": "14.29",
        "200806": "13.85",
        "200807": "10.96",
        "200808": "10.66",
        "200809": "8.72",
        "200810": "6.82",
        "200811": "5.73",
        "200812": "6.68",
        "200901": "7.54",
        "200902": "7.43",
        "200903": "7.70",
        "200904": "8.37",
        "200905": "8.42",
        "200906": "8.78",
        "200907": "9.19",
        "200908": "11.84",
        "200909": "13.19",
        "200910": "14.60",
        "200911": "14.16",
        "200912": "16.12",
        "201001": "16.16",
        "201002": "13.83",
        "201003": "16.97",
        "201004": "23.95",
        "201005": "25.85",
        "201006": "21.00",
        "201007": "19.70",
        "201008": "21.61",
        "201009": "19.72",
        "201010": "20.94",
        "201011": "20.13",
        "201012": "22.07",
        "201101": "23.20",
        "201102": "20.93",
        "201103": "19.19",
        "201104": "19.38",
        "201105": "17.19",
        "201106": "16.95",
        "201107": "16.38",
        "201108": "12.98",
        "201109": "11.44",
        "201110": "11.81",
        "201111": "10.54",
        "201112": "9.76",
        "201201": "9.64",
        "201202": "11.85",
        "201203": "11.38",
        "201204": "9.82",
        "201205": "8.87",
        "201206": "8.38",
        "201207": "8.25",
        "201208": "8.27",
        "201209": "10.72",
        "201210": "11.78",
        "201211": "10.55",
        "201212": "11.97",
        "201301": "12.62",
        "201302": "13.22",
        "201303": "15.84",
        "201304": "14.21",
        "201305": "14.53",
        "201306": "13.30",
        "201307": "13.00",
        "201308": "13.35",
        "201309": "12.77",
        "201310": "12.54",
        "201311": "12.70",
        "201312": "12.95",
        "201401": "14.71",
        "201402": "15.22",
        "201403": "13.83",
        "201404": "13.00",
        "201405": "18.40",
        "201406": "20.84",
        "201407": "19.94",
        "201408": "17.08",
        "201409": "16.08",
        "201410": "14.87",
        "201411": "15.15",
        "201412": "16.19",
        "201501": "19.08",
        "201502": "18.02",
        "201503": "18.56",
        "201504": "17.87",
        "201505": "14.70",
        "201506": "12.94",
        "201507": "11.82",
        "201508": "9.68",
        "201509": "10.15",
        "201510": "11.62",
        "201511": "13.33",
        "201512": "12.47",
        "201601": "12.00",
        "201602": "12.62",
        "201603": "14.29",
        "201604": "13.77",
        "201605": "13.65",
        "201606": "15.51",
        "201607": "18.84",
        "201608": "23.34",
        "201609": "23.04",
        "201610": "24.67",
        "201611": "22.21",
        "201612": "22.47",
        "201701": "21.76",
        "201702": "25.33",
        "201703": "29.68",
        "201704": "30.57",
        "201705": "30.29",
        "201706": "35.22",
        "201707": "35.83",
        "201708": "37.75",
        "201709": "39.52",
        "201710": "40.57",
        "201711": "43.01",
        "201712": "44.06",
        "201801": "47.68",
        "201802": "46.42",
        "201803": "49.13",
        "201804": "53.54",
        "201805": "53.18",
        "201806": "62.15",
        "201807": "55.95",
        "201808": "44.69",
        "201809": "31.63",
        "201810": "23.62",
        "201811": "22.08",
        "201812": "25.27",
        "201901": "23.55",
        "201902": "25.48",
        "201903": "25.51",
        "201904": "24.99",
        "201905": "21.44",
        "201906": "21.03",
        "201907": "21.97",
        "201908": "21.89",
        "201909": "21.70",
        "201910": "22.23",
        "201911": "20.70",
        "201912": "21.30",
        "202001": "20.80",
        "202002": "19.71",
        "202003": "15.52",
        "202004": "15.84",
        "202005": "16.82",
        "202006": "18.31",
        "202007": "19.74",
        "202008": "22.25",
        "202009": "22.04",
        "202010": "21.05",
        "202011": "22.06",
        "202012": "25.34",
        "202101": "26.09",
        "202102": "25.22",
        "202103": "26.71",
        "202104": "32.57",
        "202105": "26.99",
        "202106": "26.32",
        "202107": "29.24",
        "202108": "26.65",
        "202109": "23.78",
        "202110": "22.60",
        "202111": "25.93",
        "202112": "25.19",
        "202201": "24.59",
        "202202": "24.43",
        "202203": "23.30",
        "202204": "23.14",
        "202205": "21.83",
        "202206": "21.13",
        "202207": "20.02",
        "202208": "22.93",
        "202209": "22.49",
        "202210": "22.48",
        "202211": "24.47",
        "202212": "25.18",
        "202301": "23.60",
        "202302": "25.00",
        "202303": "29.08",
        "202304": "29.81",
        "202305": "28.88",
        "202306": "28.22"
    },
    "quarters": {
        "20011": {
            "year_quarter": 20011,
            "year": 2001,
            "quarter": 1,
            "eps": null,
            "eps_growth_year": null,
            "eps_4q": null,
            "eps_4q_growth_year": null,
            "roe": null,
            "roe_4q": 0,
            "gross_profit": null,
            "gross_margin": null,
            "gross_margin_4q_avg": 0,
            "net_income": null,
            "revenue": null,
            "common_shares": null,
            "book_valuer_per_share": null,
            "book_valuer_per_share_4q_avg": 0,
            "equity": null,
            "current_ratio": null,
            "debt_ratio": null,
            "inventory_turnover_ratio": null,
            "account_receivable_turnover_ratio": null,
            "reinvestment_rate": null,
            "research_to_sale_ratio": null,
            "price_fair": 0,
            "eps_avg_yearly": 0,
            "eps_latest_yearly": 0,
            "eps_growth_yearly": 0
        },
        "20012": {
            "year_quarter": 20012,
            "year": 2001,
            "quarter": 2,
            "eps": null,
            "eps_growth_year": null,
            "eps_4q": null,
            "eps_4q_growth_year": null,
            "roe": null,
            "roe_4q": 0,
            "gross_profit": null,
            "gross_margin": null,
            "gross_margin_4q_avg": 0,
            "net_income": null,
            "revenue": null,
            "common_shares": null,
            "book_valuer_per_share": null,
            "book_valuer_per_share_4q_avg": 0,
            "equity": null,
            "current_ratio": null,
            "debt_ratio": null,
            "inventory_turnover_ratio": null,
            "account_receivable_turnover_ratio": null,
            "reinvestment_rate": null,
            "research_to_sale_ratio": null,
            "price_fair": 0,
            "eps_avg_yearly": 0,
            "eps_latest_yearly": 0,
            "eps_growth_yearly": 0
        },
        "20013": {
            "year_quarter": 20013,
            "year": 2001,
            "quarter": 3,
            "eps": null,
            "eps_growth_year": null,
            "eps_4q": null,
            "eps_4q_growth_year": null,
            "roe": null,
            "roe_4q": 0,
            "gross_profit": null,
            "gross_margin": null,
            "gross_margin_4q_avg": 0,
            "net_income": null,
            "revenue": null,
            "common_shares": null,
            "book_valuer_per_share": null,
            "book_valuer_per_share_4q_avg": 0,
            "equity": null,
            "current_ratio": null,
            "debt_ratio": null,
            "inventory_turnover_ratio": null,
            "account_receivable_turnover_ratio": null,
            "reinvestment_rate": null,
            "research_to_sale_ratio": null,
            "price_fair": 0,
            "eps_avg_yearly": 0,
            "eps_latest_yearly": 0,
            "eps_growth_yearly": 0
        },
        "20014": {
            "year_quarter": 20014,
            "year": 2001,
            "quarter": 4,
            "eps": null,
            "eps_growth_year": null,
            "eps_4q": null,
            "eps_4q_growth_year": null,
            "roe": null,
            "roe_4q": 0,
            "gross_profit": null,
            "gross_margin": null,
            "gross_margin_4q_avg": 0,
            "net_income": null,
            "revenue": null,
            "common_shares": 270000,
            "book_valuer_per_share": 14.84,
            "book_valuer_per_share_4q_avg": 3.71,
            "equity": 428417,
            "current_ratio": 246.65,
            "debt_ratio": 34.83,
            "inventory_turnover_ratio": null,
            "account_receivable_turnover_ratio": null,
            "reinvestment_rate": null,
            "research_to_sale_ratio": null,
            "price_fair": 0,
            "eps_avg_yearly": 0,
            "eps_latest_yearly": 0,
            "eps_growth_yearly": 0
        },
        "20021": {
            "year_quarter": 20021,
            "year": 2002,
            "quarter": 1,
            "eps": null,
            "eps_growth_year": null,
            "eps_4q": null,
            "eps_4q_growth_year": null,
            "roe": null,
            "roe_4q": 0,
            "gross_profit": null,
            "gross_margin": null,
            "gross_margin_4q_avg": 0,
            "net_income": null,
            "revenue": null,
            "common_shares": null,
            "book_valuer_per_share": null,
            "book_valuer_per_share_4q_avg": 3.71,
            "equity": null,
            "current_ratio": null,
            "debt_ratio": null,
            "inventory_turnover_ratio": null,
            "account_receivable_turnover_ratio": null,
            "reinvestment_rate": null,
            "research_to_sale_ratio": null,
            "price_fair": 0,
            "eps_avg_yearly": 0,
            "eps_latest_yearly": 0,
            "eps_growth_yearly": 0
        },
        "20022": {
            "year_quarter": 20022,
            "year": 2002,
            "quarter": 2,
            "eps": null,
            "eps_growth_year": null,
            "eps_4q": null,
            "eps_4q_growth_year": null,
            "roe": null,
            "roe_4q": 0,
            "gross_profit": null,
            "gross_margin": null,
            "gross_margin_4q_avg": 0,
            "net_income": null,
            "revenue": null,
            "common_shares": null,
            "book_valuer_per_share": null,
            "book_valuer_per_share_4q_avg": 3.71,
            "equity": null,
            "current_ratio": null,
            "debt_ratio": null,
            "inventory_turnover_ratio": null,
            "account_receivable_turnover_ratio": null,
            "reinvestment_rate": null,
            "research_to_sale_ratio": null,
            "price_fair": 0,
            "eps_avg_yearly": 0,
            "eps_latest_yearly": 0,
            "eps_growth_yearly": 0
        },
        "20023": {
            "year_quarter": 20023,
            "year": 2002,
            "quarter": 3,
            "eps": null,
            "eps_growth_year": null,
            "eps_4q": null,
            "eps_4q_growth_year": null,
            "roe": null,
            "roe_4q": 0,
            "gross_profit": null,
            "gross_margin": null,
            "gross_margin_4q_avg": 0,
            "net_income": null,
            "revenue": null,
            "common_shares": null,
            "book_valuer_per_share": null,
            "book_valuer_per_share_4q_avg": 3.71,
            "equity": null,
            "current_ratio": null,
            "debt_ratio": null,
            "inventory_turnover_ratio": null,
            "account_receivable_turnover_ratio": null,
            "reinvestment_rate": null,
            "research_to_sale_ratio": null,
            "price_fair": 0,
            "eps_avg_yearly": 0,
            "eps_latest_yearly": 0,
            "eps_growth_yearly": 0
        },
        "20024": {
            "year_quarter": 20024,
            "year": 2002,
            "quarter": 4,
            "eps": null,
            "eps_growth_year": null,
            "eps_4q": null,
            "eps_4q_growth_year": null,
            "roe": null,
            "roe_4q": 0,
            "gross_profit": null,
            "gross_margin": null,
            "gross_margin_4q_avg": 0,
            "net_income": null,
            "revenue": null,
            "common_shares": 303500,
            "book_valuer_per_share": 13.54,
            "book_valuer_per_share_4q_avg": 3.39,
            "equity": 434661,
            "current_ratio": 212.98,
            "debt_ratio": 31.05,
            "inventory_turnover_ratio": null,
            "account_receivable_turnover_ratio": null,
            "reinvestment_rate": null,
            "research_to_sale_ratio": null,
            "price_fair": 0,
            "eps_avg_yearly": 0,
            "eps_latest_yearly": 0,
            "eps_growth_yearly": 0
        },
        "20031": {
            "year_quarter": 20031,
            "year": 2003,
            "quarter": 1,
            "eps": 0.07,
            "eps_growth_year": null,
            "eps_4q": null,
            "eps_4q_growth_year": null,
            "roe": 0.5,
            "roe_4q": 0.5,
            "gross_profit": 27434,
            "gross_margin": 32.92,
            "gross_margin_4q_avg": 8.23,
            "net_income": 2116,
            "revenue": 83332,
            "common_shares": 303500,
            "book_valuer_per_share": 13.55,
            "book_valuer_per_share_4q_avg": 6.77,
            "equity": 411268,
            "current_ratio": 167.56,
            "debt_ratio": 35.95,
            "inventory_turnover_ratio": 0.78,
            "account_receivable_turnover_ratio": null,
            "reinvestment_rate": null,
            "research_to_sale_ratio": null,
            "price_fair": 0,
            "eps_avg_yearly": 0,
            "eps_latest_yearly": 0,
            "eps_growth_yearly": 0
        },
        "20032": {
            "year_quarter": 20032,
            "year": 2003,
            "quarter": 2,
            "eps": 0.23,
            "eps_growth_year": null,
            "eps_4q": null,
            "eps_4q_growth_year": null,
            "roe": 1.66,
            "roe_4q": 2.16,
            "gross_profit": 33739,
            "gross_margin": 33.63,
            "gross_margin_4q_avg": 16.64,
            "net_income": 6850,
            "revenue": 100338,
            "common_shares": 303500,
            "book_valuer_per_share": 13.57,
            "book_valuer_per_share_4q_avg": 10.17,
            "equity": 411893,
            "current_ratio": 170.87,
            "debt_ratio": 34.29,
            "inventory_turnover_ratio": 1.05,
            "account_receivable_turnover_ratio": null,
            "reinvestment_rate": null,
            "research_to_sale_ratio": null,
            "price_fair": 32.2,
            "eps_avg_yearly": 0.92,
            "eps_latest_yearly": 0.92,
            "eps_growth_yearly": 914.29
        },
        "20033": {
            "year_quarter": 20033,
            "year": 2003,
            "quarter": 3,
            "eps": null,
            "eps_growth_year": null,
            "eps_4q": null,
            "eps_4q_growth_year": null,
            "roe": null,
            "roe_4q": 2.16,
            "gross_profit": null,
            "gross_margin": null,
            "gross_margin_4q_avg": 16.64,
            "net_income": null,
            "revenue": null,
            "common_shares": null,
            "book_valuer_per_share": null,
            "book_valuer_per_share_4q_avg": 10.17,
            "equity": null,
            "current_ratio": null,
            "debt_ratio": null,
            "inventory_turnover_ratio": null,
            "account_receivable_turnover_ratio": null,
            "reinvestment_rate": null,
            "research_to_sale_ratio": null,
            "price_fair": 32.2,
            "eps_avg_yearly": 0.92,
            "eps_latest_yearly": 0.92,
            "eps_growth_yearly": 914.29
        },
        "20034": {
            "year_quarter": 20034,
            "year": 2003,
            "quarter": 4,
            "eps": null,
            "eps_growth_year": null,
            "eps_4q": null,
            "eps_4q_growth_year": null,
            "roe": null,
            "roe_4q": 2.16,
            "gross_profit": null,
            "gross_margin": null,
            "gross_margin_4q_avg": 16.64,
            "net_income": null,
            "revenue": null,
            "common_shares": 318675,
            "book_valuer_per_share": 13.58,
            "book_valuer_per_share_4q_avg": 10.18,
            "equity": 452588,
            "current_ratio": 191.62,
            "debt_ratio": 35.94,
            "inventory_turnover_ratio": null,
            "account_receivable_turnover_ratio": null,
            "reinvestment_rate": null,
            "research_to_sale_ratio": null,
            "price_fair": 32.2,
            "eps_avg_yearly": 0.92,
            "eps_latest_yearly": 0.92,
            "eps_growth_yearly": 914.29
        },
        "20041": {
            "year_quarter": 20041,
            "year": 2004,
            "quarter": 1,
            "eps": 0.41,
            "eps_growth_year": 485.71,
            "eps_4q": null,
            "eps_4q_growth_year": null,
            "roe": 2.88,
            "roe_4q": 4.54,
            "gross_profit": 48960,
            "gross_margin": 37.5,
            "gross_margin_4q_avg": 17.78,
            "net_income": 12908,
            "revenue": 130568,
            "common_shares": 318675,
            "book_valuer_per_share": 13.93,
            "book_valuer_per_share_4q_avg": 10.27,
            "equity": 443791,
            "current_ratio": 199.78,
            "debt_ratio": 33.88,
            "inventory_turnover_ratio": 1.06,
            "account_receivable_turnover_ratio": null,
            "reinvestment_rate": null,
            "research_to_sale_ratio": null,
            "price_fair": 32.2,
            "eps_avg_yearly": 0.92,
            "eps_latest_yearly": 0.92,
            "eps_growth_yearly": 914.29
        },
        "20042": {
            "year_quarter": 20042,
            "year": 2004,
            "quarter": 2,
            "eps": 0.55,
            "eps_growth_year": 139.13,
            "eps_4q": null,
            "eps_4q_growth_year": null,
            "roe": 4.2,
            "roe_4q": 7.08,
            "gross_profit": 52789,
            "gross_margin": 32.77,
            "gross_margin_4q_avg": 17.57,
            "net_income": 18468,
            "revenue": 161074,
            "common_shares": 318675,
            "book_valuer_per_share": 13.69,
            "book_valuer_per_share_4q_avg": 10.3,
            "equity": 436326,
            "current_ratio": 175.25,
            "debt_ratio": 38.76,
            "inventory_turnover_ratio": 1.17,
            "account_receivable_turnover_ratio": null,
            "reinvestment_rate": null,
            "research_to_sale_ratio": null,
            "price_fair": 54.6,
            "eps_avg_yearly": 1.56,
            "eps_latest_yearly": 2.2,
            "eps_growth_yearly": 525.44
        },
        "20043": {
            "year_quarter": 20043,
            "year": 2004,
            "quarter": 3,
            "eps": 0.61,
            "eps_growth_year": null,
            "eps_4q": null,
            "eps_4q_growth_year": null,
            "roe": 4.62,
            "roe_4q": 11.7,
            "gross_profit": 58917,
            "gross_margin": 36.57,
            "gross_margin_4q_avg": 26.71,
            "net_income": 20513,
            "revenue": 161119,
            "common_shares": 334609,
            "book_valuer_per_share": 13.52,
            "book_valuer_per_share_4q_avg": 13.68,
            "equity": 452536,
            "current_ratio": 184.88,
            "debt_ratio": 37.7,
            "inventory_turnover_ratio": 0.94,
            "account_receivable_turnover_ratio": null,
            "reinvestment_rate": null,
            "research_to_sale_ratio": null,
            "price_fair": 64.87,
            "eps_avg_yearly": 1.85,
            "eps_latest_yearly": 2.44,
            "eps_growth_yearly": 364.84
        },
        "20044": {
            "year_quarter": 20044,
            "year": 2004,
            "quarter": 4,
            "eps": -0.22,
            "eps_growth_year": null,
            "eps_4q": 1.39,
            "eps_4q_growth_year": null,
            "roe": -1.55,
            "roe_4q": 10.15,
            "gross_profit": 53031,
            "gross_margin": 33.77,
            "gross_margin_4q_avg": 35.15,
            "net_income": -7478,
            "revenue": 157054,
            "common_shares": 372459,
            "book_valuer_per_share": 13.23,
            "book_valuer_per_share_4q_avg": 13.59,
            "equity": 509442,
            "current_ratio": 185.52,
            "debt_ratio": 33.75,
            "inventory_turnover_ratio": 0.78,
            "account_receivable_turnover_ratio": null,
            "reinvestment_rate": null,
            "research_to_sale_ratio": null,
            "price_fair": 64.87,
            "eps_avg_yearly": 1.85,
            "eps_latest_yearly": 2.44,
            "eps_growth_yearly": 364.84
        },
        "20051": {
            "year_quarter": 20051,
            "year": 2005,
            "quarter": 1,
            "eps": 0.1,
            "eps_growth_year": -75.61,
            "eps_4q": 0.92,
            "eps_4q_growth_year": null,
            "roe": 0.76,
            "roe_4q": 8.030000000000001,
            "gross_profit": 45248,
            "gross_margin": 31.12,
            "gross_margin_4q_avg": 33.56,
            "net_income": 3847,
            "revenue": 145377,
            "common_shares": 372459,
            "book_valuer_per_share": 13.33,
            "book_valuer_per_share_4q_avg": 13.44,
            "equity": 496501,
            "current_ratio": 293.51,
            "debt_ratio": 28.48,
            "inventory_turnover_ratio": 0.68,
            "account_receivable_turnover_ratio": null,
            "reinvestment_rate": null,
            "research_to_sale_ratio": null,
            "price_fair": 64.87,
            "eps_avg_yearly": 1.85,
            "eps_latest_yearly": 2.44,
            "eps_growth_yearly": 364.84
        },
        "20052": {
            "year_quarter": 20052,
            "year": 2005,
            "quarter": 2,
            "eps": 0.18,
            "eps_growth_year": -67.27,
            "eps_4q": 0.64,
            "eps_4q_growth_year": null,
            "roe": 1.35,
            "roe_4q": 5.180000000000001,
            "gross_profit": 51827,
            "gross_margin": 33.21,
            "gross_margin_4q_avg": 33.67,
            "net_income": 6625,
            "revenue": 156077,
            "common_shares": 372459,
            "book_valuer_per_share": 12.98,
            "book_valuer_per_share_4q_avg": 13.27,
            "equity": 483302,
            "current_ratio": 288.12,
            "debt_ratio": 31.35,
            "inventory_turnover_ratio": 0.79,
            "account_receivable_turnover_ratio": null,
            "reinvestment_rate": null,
            "research_to_sale_ratio": null,
            "price_fair": 54.95,
            "eps_avg_yearly": 1.57,
            "eps_latest_yearly": 0.72,
            "eps_growth_yearly": 353.63
        },
        "20053": {
            "year_quarter": 20053,
            "year": 2005,
            "quarter": 3,
            "eps": 0.56,
            "eps_growth_year": -8.2,
            "eps_4q": 0.64,
            "eps_4q_growth_year": null,
            "roe": 4.36,
            "roe_4q": 4.920000000000001,
            "gross_profit": 43741,
            "gross_margin": 27.86,
            "gross_margin_4q_avg": 31.49,
            "net_income": 21919,
            "revenue": 157022,
            "common_shares": 394807,
            "book_valuer_per_share": 13.25,
            "book_valuer_per_share_4q_avg": 13.2,
            "equity": 523142,
            "current_ratio": 340.96,
            "debt_ratio": 26.03,
            "inventory_turnover_ratio": 1.3,
            "account_receivable_turnover_ratio": null,
            "reinvestment_rate": null,
            "research_to_sale_ratio": null,
            "price_fair": 59.64,
            "eps_avg_yearly": 1.7,
            "eps_latest_yearly": 2.24,
            "eps_growth_yearly": 451.79
        },
        "20054": {
            "year_quarter": 20054,
            "year": 2005,
            "quarter": 4,
            "eps": -0.55,
            "eps_growth_year": null,
            "eps_4q": 0.38,
            "eps_4q_growth_year": -72.4,
            "roe": -4.21,
            "roe_4q": 2.2600000000000007,
            "gross_profit": 37667,
            "gross_margin": 22.47,
            "gross_margin_4q_avg": 28.67,
            "net_income": -21814,
            "revenue": 167665,
            "common_shares": 394807,
            "book_valuer_per_share": 12.6,
            "book_valuer_per_share_4q_avg": 13.04,
            "equity": 513380,
            "current_ratio": 200.14,
            "debt_ratio": 35.77,
            "inventory_turnover_ratio": 1.45,
            "account_receivable_turnover_ratio": null,
            "reinvestment_rate": null,
            "research_to_sale_ratio": null,
            "price_fair": 59.64,
            "eps_avg_yearly": 1.7,
            "eps_latest_yearly": 2.24,
            "eps_growth_yearly": 451.79
        },
        "20061": {
            "year_quarter": 20061,
            "year": 2006,
            "quarter": 1,
            "eps": 0.55,
            "eps_growth_year": 450,
            "eps_4q": 0.72,
            "eps_4q_growth_year": -21.68,
            "roe": 4.23,
            "roe_4q": 5.73,
            "gross_profit": 57293,
            "gross_margin": 31.52,
            "gross_margin_4q_avg": 28.77,
            "net_income": 21811,
            "revenue": 181787,
            "common_shares": 394807,
            "book_valuer_per_share": 13.11,
            "book_valuer_per_share_4q_avg": 12.99,
            "equity": 517556,
            "current_ratio": 300.21,
            "debt_ratio": 27.23,
            "inventory_turnover_ratio": 1.6,
            "account_receivable_turnover_ratio": null,
            "reinvestment_rate": null,
            "research_to_sale_ratio": null,
            "price_fair": 59.64,
            "eps_avg_yearly": 1.7,
            "eps_latest_yearly": 2.24,
            "eps_growth_yearly": 451.79
        },
        "20062": {
            "year_quarter": 20062,
            "year": 2006,
            "quarter": 2,
            "eps": 0.26,
            "eps_growth_year": 44.44,
            "eps_4q": 0.82,
            "eps_4q_growth_year": 28.69,
            "roe": 1.97,
            "roe_4q": 6.3500000000000005,
            "gross_profit": 61505,
            "gross_margin": 28.75,
            "gross_margin_4q_avg": 27.65,
            "net_income": 10140,
            "revenue": 213935,
            "common_shares": 394807,
            "book_valuer_per_share": 12.93,
            "book_valuer_per_share_4q_avg": 12.97,
            "equity": 510327,
            "current_ratio": 261.42,
            "debt_ratio": 29.96,
            "inventory_turnover_ratio": 5.96,
            "account_receivable_turnover_ratio": null,
            "reinvestment_rate": null,
            "research_to_sale_ratio": null,
            "price_fair": 55.77,
            "eps_avg_yearly": 1.59,
            "eps_latest_yearly": 1.04,
            "eps_growth_yearly": 341.34
        },
        "20063": {
            "year_quarter": 20063,
            "year": 2006,
            "quarter": 3,
            "eps": 0.51,
            "eps_growth_year": -8.93,
            "eps_4q": 0.77,
            "eps_4q_growth_year": 20.52,
            "roe": 3.85,
            "roe_4q": 5.840000000000001,
            "gross_profit": 57077,
            "gross_margin": 28.69,
            "gross_margin_4q_avg": 27.86,
            "net_income": 20109,
            "revenue": 198934,
            "common_shares": 394807,
            "book_valuer_per_share": 13.56,
            "book_valuer_per_share_4q_avg": 13.05,
            "equity": 535278,
            "current_ratio": 227.98,
            "debt_ratio": 26.55,
            "inventory_turnover_ratio": 5.9,
            "account_receivable_turnover_ratio": null,
            "reinvestment_rate": null,
            "research_to_sale_ratio": null,
            "price_fair": 58,
            "eps_avg_yearly": 1.66,
            "eps_latest_yearly": 2.04,
            "eps_growth_yearly": 347.52
        },
        "20064": {
            "year_quarter": 20064,
            "year": 2006,
            "quarter": 4,
            "eps": -0.08,
            "eps_growth_year": null,
            "eps_4q": 1.25,
            "eps_4q_growth_year": 226.06,
            "roe": -0.56,
            "roe_4q": 9.49,
            "gross_profit": 52370,
            "gross_margin": 29.23,
            "gross_margin_4q_avg": 29.55,
            "net_income": -3043,
            "revenue": 179150,
            "common_shares": 394807,
            "book_valuer_per_share": 13.63,
            "book_valuer_per_share_4q_avg": 13.31,
            "equity": 553978,
            "current_ratio": 180.96,
            "debt_ratio": 33.58,
            "inventory_turnover_ratio": 1.39,
            "account_receivable_turnover_ratio": null,
            "reinvestment_rate": null,
            "research_to_sale_ratio": null,
            "price_fair": 58,
            "eps_avg_yearly": 1.66,
            "eps_latest_yearly": 2.04,
            "eps_growth_yearly": 347.52
        },
        "20071": {
            "year_quarter": 20071,
            "year": 2007,
            "quarter": 1,
            "eps": 0.03,
            "eps_growth_year": -94.55,
            "eps_4q": 0.69,
            "eps_4q_growth_year": -4.82,
            "roe": 0.22,
            "roe_4q": 5.4799999999999995,
            "gross_profit": 48940,
            "gross_margin": 28.26,
            "gross_margin_4q_avg": 28.73,
            "net_income": 1246,
            "revenue": 173160,
            "common_shares": 394807,
            "book_valuer_per_share": 14.24,
            "book_valuer_per_share_4q_avg": 13.59,
            "equity": 562129,
            "current_ratio": 234.67,
            "debt_ratio": 24.32,
            "inventory_turnover_ratio": 1.4,
            "account_receivable_turnover_ratio": null,
            "reinvestment_rate": null,
            "research_to_sale_ratio": null,
            "price_fair": 58,
            "eps_avg_yearly": 1.66,
            "eps_latest_yearly": 2.04,
            "eps_growth_yearly": 347.52
        },
        "20072": {
            "year_quarter": 20072,
            "year": 2007,
            "quarter": 2,
            "eps": 0.4,
            "eps_growth_year": 53.85,
            "eps_4q": 0.84,
            "eps_4q_growth_year": 2.14,
            "roe": 3.01,
            "roe_4q": 6.52,
            "gross_profit": 50933,
            "gross_margin": 27.57,
            "gross_margin_4q_avg": 28.44,
            "net_income": 16664,
            "revenue": 184726,
            "common_shares": 394807,
            "book_valuer_per_share": 13.79,
            "book_valuer_per_share_4q_avg": 13.81,
            "equity": 544331,
            "current_ratio": 214.28,
            "debt_ratio": 26.51,
            "inventory_turnover_ratio": 6.1,
            "account_receivable_turnover_ratio": null,
            "reinvestment_rate": null,
            "research_to_sale_ratio": null,
            "price_fair": 61.4,
            "eps_avg_yearly": 1.75,
            "eps_latest_yearly": 1.6,
            "eps_growth_yearly": 921.67
        },
        "20073": {
            "year_quarter": 20073,
            "year": 2007,
            "quarter": 3,
            "eps": 0.48,
            "eps_growth_year": -5.88,
            "eps_4q": 0.84,
            "eps_4q_growth_year": 9.07,
            "roe": 3.38,
            "roe_4q": 6.049999999999999,
            "gross_profit": 59270,
            "gross_margin": 27.64,
            "gross_margin_4q_avg": 28.18,
            "net_income": 20010,
            "revenue": 214453,
            "common_shares": 454547,
            "book_valuer_per_share": 14.11,
            "book_valuer_per_share_4q_avg": 13.94,
            "equity": 641438,
            "current_ratio": 513.27,
            "debt_ratio": 10.96,
            "inventory_turnover_ratio": 6.49,
            "account_receivable_turnover_ratio": null,
            "reinvestment_rate": null,
            "research_to_sale_ratio": null,
            "price_fair": 62.13,
            "eps_avg_yearly": 1.78,
            "eps_latest_yearly": 1.92,
            "eps_growth_yearly": 816.46
        },
        "20074": {
            "year_quarter": 20074,
            "year": 2007,
            "quarter": 4,
            "eps": 0.43,
            "eps_growth_year": null,
            "eps_4q": 1.32,
            "eps_4q_growth_year": 5.33,
            "roe": 2.79,
            "roe_4q": 9.4,
            "gross_profit": 52438,
            "gross_margin": 25.02,
            "gross_margin_4q_avg": 27.12,
            "net_income": 18344,
            "revenue": 209566,
            "common_shares": 454547,
            "book_valuer_per_share": 14.41,
            "book_valuer_per_share_4q_avg": 14.14,
            "equity": 672097,
            "current_ratio": 286.4,
            "debt_ratio": 20.96,
            "inventory_turnover_ratio": 1.97,
            "account_receivable_turnover_ratio": null,
            "reinvestment_rate": 13.9,
            "research_to_sale_ratio": null,
            "price_fair": 61.91,
            "eps_avg_yearly": 1.77,
            "eps_latest_yearly": 1.72,
            "eps_growth_yearly": 721.12
        },
        "20081": {
            "year_quarter": 20081,
            "year": 2008,
            "quarter": 1,
            "eps": -0.1,
            "eps_growth_year": -433.33,
            "eps_4q": 0.93,
            "eps_4q_growth_year": 35.57,
            "roe": -0.82,
            "roe_4q": 8.36,
            "gross_profit": 43281,
            "gross_margin": 22.51,
            "gross_margin_4q_avg": 25.69,
            "net_income": -5438,
            "revenue": 192235,
            "common_shares": 454547,
            "book_valuer_per_share": 13.96,
            "book_valuer_per_share_4q_avg": 14.07,
            "equity": 650286,
            "current_ratio": 276.54,
            "debt_ratio": 21.1,
            "inventory_turnover_ratio": 1.12,
            "account_receivable_turnover_ratio": null,
            "reinvestment_rate": 134.05,
            "research_to_sale_ratio": null,
            "price_fair": 61.91,
            "eps_avg_yearly": 1.77,
            "eps_latest_yearly": 1.72,
            "eps_growth_yearly": 721.12
        },
        "20082": {
            "year_quarter": 20082,
            "year": 2008,
            "quarter": 2,
            "eps": 0.03,
            "eps_growth_year": -92.5,
            "eps_4q": 1.68,
            "eps_4q_growth_year": 99.58,
            "roe": 0.1,
            "roe_4q": 5.45,
            "gross_profit": 55066,
            "gross_margin": 21.04,
            "gross_margin_4q_avg": 24.05,
            "net_income": 634,
            "revenue": 261780,
            "common_shares": 454547,
            "book_valuer_per_share": 12.73,
            "book_valuer_per_share_4q_avg": 13.8,
            "equity": 593865,
            "current_ratio": 189.04,
            "debt_ratio": 32.59,
            "inventory_turnover_ratio": 1.35,
            "account_receivable_turnover_ratio": null,
            "reinvestment_rate": 158.46,
            "research_to_sale_ratio": null,
            "price_fair": 60.03,
            "eps_avg_yearly": 1.72,
            "eps_latest_yearly": 1.72,
            "eps_growth_yearly": 794.18
        },
        "20083": {
            "year_quarter": 20083,
            "year": 2008,
            "quarter": 3,
            "eps": 0.25,
            "eps_growth_year": -47.92,
            "eps_4q": 0.58,
            "eps_4q_growth_year": -30.96,
            "roe": 1.93,
            "roe_4q": 4,
            "gross_profit": 57289,
            "gross_margin": 20.66,
            "gross_margin_4q_avg": 22.31,
            "net_income": 11681,
            "revenue": 277294,
            "common_shares": 454547,
            "book_valuer_per_share": 13.17,
            "book_valuer_per_share_4q_avg": 13.57,
            "equity": 614908,
            "current_ratio": 203.82,
            "debt_ratio": 28.47,
            "inventory_turnover_ratio": 1.31,
            "account_receivable_turnover_ratio": null,
            "reinvestment_rate": 188,
            "research_to_sale_ratio": null,
            "price_fair": 53.73,
            "eps_avg_yearly": 1.54,
            "eps_latest_yearly": 1,
            "eps_growth_yearly": 1155.39
        },
        "20084": {
            "year_quarter": 20084,
            "year": 2008,
            "quarter": 4,
            "eps": -0.26,
            "eps_growth_year": -160.47,
            "eps_4q": -0.04,
            "eps_4q_growth_year": -102.82,
            "roe": -2.18,
            "roe_4q": -0.9700000000000002,
            "gross_profit": 32092,
            "gross_margin": 18.22,
            "gross_margin_4q_avg": 20.61,
            "net_income": -13087,
            "revenue": 176171,
            "common_shares": 454547,
            "book_valuer_per_share": 12.53,
            "book_valuer_per_share_4q_avg": 13.1,
            "equity": 585186,
            "current_ratio": 208.75,
            "debt_ratio": 25.68,
            "inventory_turnover_ratio": 0.89,
            "account_receivable_turnover_ratio": 2.27,
            "reinvestment_rate": 54.83,
            "research_to_sale_ratio": null,
            "price_fair": 53.73,
            "eps_avg_yearly": 1.54,
            "eps_latest_yearly": 1,
            "eps_growth_yearly": 1155.39
        },
        "20091": {
            "year_quarter": 20091,
            "year": 2009,
            "quarter": 1,
            "eps": -0.13,
            "eps_growth_year": null,
            "eps_4q": -0.11,
            "eps_4q_growth_year": -111.42,
            "roe": -1.15,
            "roe_4q": -1.3,
            "gross_profit": 25626,
            "gross_margin": 14.81,
            "gross_margin_4q_avg": 18.68,
            "net_income": -6788,
            "revenue": 172996,
            "common_shares": 434547,
            "book_valuer_per_share": 13.25,
            "book_valuer_per_share_4q_avg": 12.92,
            "equity": 591396,
            "current_ratio": 226.23,
            "debt_ratio": 27.45,
            "inventory_turnover_ratio": 0.98,
            "account_receivable_turnover_ratio": 1.12,
            "reinvestment_rate": 243.78,
            "research_to_sale_ratio": null,
            "price_fair": 53.73,
            "eps_avg_yearly": 1.54,
            "eps_latest_yearly": 1,
            "eps_growth_yearly": 1155.39
        },
        "20092": {
            "year_quarter": 20092,
            "year": 2009,
            "quarter": 2,
            "eps": -0.13,
            "eps_growth_year": -533.33,
            "eps_4q": -0.27,
            "eps_4q_growth_year": -116.11,
            "roe": -1.17,
            "roe_4q": -2.5700000000000003,
            "gross_profit": 30800,
            "gross_margin": 14.79,
            "gross_margin_4q_avg": 17.12,
            "net_income": -6840,
            "revenue": 208276,
            "common_shares": 434547,
            "book_valuer_per_share": 13.03,
            "book_valuer_per_share_4q_avg": 13,
            "equity": 580003,
            "current_ratio": 206.49,
            "debt_ratio": 29.06,
            "inventory_turnover_ratio": 1.38,
            "account_receivable_turnover_ratio": 1.36,
            "reinvestment_rate": 258.76,
            "research_to_sale_ratio": null,
            "price_fair": 57.8,
            "eps_avg_yearly": 1.65,
            "eps_latest_yearly": 1,
            "eps_growth_yearly": 1274.74
        },
        "20093": {
            "year_quarter": 20093,
            "year": 2009,
            "quarter": 3,
            "eps": 0.29,
            "eps_growth_year": 16,
            "eps_4q": -0.25,
            "eps_4q_growth_year": -143.35,
            "roe": 2.11,
            "roe_4q": -2.39,
            "gross_profit": 60530,
            "gross_margin": 26.38,
            "gross_margin_4q_avg": 18.55,
            "net_income": 12642,
            "revenue": 229455,
            "common_shares": 434547,
            "book_valuer_per_share": 13.91,
            "book_valuer_per_share_4q_avg": 13.18,
            "equity": 618009,
            "current_ratio": 224.96,
            "debt_ratio": 24.89,
            "inventory_turnover_ratio": 1.5,
            "account_receivable_turnover_ratio": 1.39,
            "reinvestment_rate": 288.23,
            "research_to_sale_ratio": null,
            "price_fair": 54.37,
            "eps_avg_yearly": 1.55,
            "eps_latest_yearly": 1,
            "eps_growth_yearly": 1346.45
        },
        "20094": {
            "year_quarter": 20094,
            "year": 2009,
            "quarter": 4,
            "eps": 0.34,
            "eps_growth_year": null,
            "eps_4q": 0.36,
            "eps_4q_growth_year": null,
            "roe": 2.41,
            "roe_4q": 2.1999999999999997,
            "gross_profit": 47290,
            "gross_margin": 21.31,
            "gross_margin_4q_avg": 19.32,
            "net_income": 15184,
            "revenue": 221964,
            "common_shares": 434547,
            "book_valuer_per_share": 14.5,
            "book_valuer_per_share_4q_avg": 13.67,
            "equity": 644646,
            "current_ratio": 212.89,
            "debt_ratio": 26.01,
            "inventory_turnover_ratio": 1.53,
            "account_receivable_turnover_ratio": 2.4,
            "reinvestment_rate": 250.16,
            "research_to_sale_ratio": null,
            "price_fair": 53.4,
            "eps_avg_yearly": 1.53,
            "eps_latest_yearly": 1.36,
            "eps_growth_yearly": 1163.95
        },
        "20101": {
            "year_quarter": 20101,
            "year": 2010,
            "quarter": 1,
            "eps": 0.2,
            "eps_growth_year": null,
            "eps_4q": 0.69,
            "eps_4q_growth_year": null,
            "roe": 1.44,
            "roe_4q": 4.79,
            "gross_profit": 57850,
            "gross_margin": 21.89,
            "gross_margin_4q_avg": 21.09,
            "net_income": 9354,
            "revenue": 264314,
            "common_shares": 434547,
            "book_valuer_per_share": 14.77,
            "book_valuer_per_share_4q_avg": 14.05,
            "equity": 657849,
            "current_ratio": 192.28,
            "debt_ratio": 28.42,
            "inventory_turnover_ratio": 1.66,
            "account_receivable_turnover_ratio": 1.3,
            "reinvestment_rate": 516,
            "research_to_sale_ratio": 3.02,
            "price_fair": 50.23,
            "eps_avg_yearly": 1.44,
            "eps_latest_yearly": 0.8,
            "eps_growth_yearly": 997.87
        },
        "20102": {
            "year_quarter": 20102,
            "year": 2010,
            "quarter": 2,
            "eps": 0.22,
            "eps_growth_year": null,
            "eps_4q": 1.04,
            "eps_4q_growth_year": null,
            "roe": 1.57,
            "roe_4q": 7.529999999999999,
            "gross_profit": 60305,
            "gross_margin": 19.19,
            "gross_margin_4q_avg": 22.19,
            "net_income": 10439,
            "revenue": 314252,
            "common_shares": 434547,
            "book_valuer_per_share": 15.13,
            "book_valuer_per_share_4q_avg": 14.58,
            "equity": 674903,
            "current_ratio": 167.34,
            "debt_ratio": 33.77,
            "inventory_turnover_ratio": 1.69,
            "account_receivable_turnover_ratio": 1.32,
            "reinvestment_rate": 631.51,
            "research_to_sale_ratio": 2.27,
            "price_fair": 49.53,
            "eps_avg_yearly": 1.42,
            "eps_latest_yearly": 0.88,
            "eps_growth_yearly": 1029.23
        },
        "20103": {
            "year_quarter": 20103,
            "year": 2010,
            "quarter": 3,
            "eps": 0.85,
            "eps_growth_year": 191.43,
            "eps_4q": 1.6,
            "eps_4q_growth_year": null,
            "roe": 5.45,
            "roe_4q": 10.870000000000001,
            "gross_profit": 88454,
            "gross_margin": 24.1,
            "gross_margin_4q_avg": 21.62,
            "net_income": 38285,
            "revenue": 366995,
            "common_shares": 434547,
            "book_valuer_per_share": 16.36,
            "book_valuer_per_share_4q_avg": 15.19,
            "equity": 729728,
            "current_ratio": 170.72,
            "debt_ratio": 32.83,
            "inventory_turnover_ratio": 1.6,
            "account_receivable_turnover_ratio": 1.37,
            "reinvestment_rate": 596.59,
            "research_to_sale_ratio": 2.13,
            "price_fair": 55.48,
            "eps_avg_yearly": 1.59,
            "eps_latest_yearly": 3.4,
            "eps_growth_yearly": 1124.34
        },
        "20104": {
            "year_quarter": 20104,
            "year": 2010,
            "quarter": 4,
            "eps": 0.12,
            "eps_growth_year": -64.07,
            "eps_4q": 1.38,
            "eps_4q_growth_year": 283.48,
            "roe": 0.95,
            "roe_4q": 9.41,
            "gross_profit": 78942,
            "gross_margin": 26.77,
            "gross_margin_4q_avg": 22.99,
            "net_income": 6753,
            "revenue": 294914,
            "common_shares": 434547,
            "book_valuer_per_share": 15.49,
            "book_valuer_per_share_4q_avg": 15.44,
            "equity": 692466,
            "current_ratio": 183.41,
            "debt_ratio": 30.34,
            "inventory_turnover_ratio": 1.28,
            "account_receivable_turnover_ratio": 1.16,
            "reinvestment_rate": 384.99,
            "research_to_sale_ratio": 2.54,
            "price_fair": 51.18,
            "eps_avg_yearly": 1.46,
            "eps_latest_yearly": 0.48,
            "eps_growth_yearly": 961.24
        },
        "20111": {
            "year_quarter": 20111,
            "year": 2011,
            "quarter": 1,
            "eps": 0.09,
            "eps_growth_year": -55,
            "eps_4q": 1.27,
            "eps_4q_growth_year": 83.83,
            "roe": 0.52,
            "roe_4q": 8.49,
            "gross_profit": 38840,
            "gross_margin": 15.72,
            "gross_margin_4q_avg": 21.45,
            "net_income": 3655,
            "revenue": 247079,
            "common_shares": 434547,
            "book_valuer_per_share": 15.85,
            "book_valuer_per_share_4q_avg": 15.71,
            "equity": 708215,
            "current_ratio": 186.41,
            "debt_ratio": 29.19,
            "inventory_turnover_ratio": 1.3,
            "account_receivable_turnover_ratio": 1.16,
            "reinvestment_rate": 564.07,
            "research_to_sale_ratio": 2.4,
            "price_fair": 47.32,
            "eps_avg_yearly": 1.35,
            "eps_latest_yearly": 0.36,
            "eps_growth_yearly": 855.12
        },
        "20112": {
            "year_quarter": 20112,
            "year": 2011,
            "quarter": 2,
            "eps": 0.19,
            "eps_growth_year": -12.54,
            "eps_4q": 1.18,
            "eps_4q_growth_year": 14.15,
            "roe": 1.41,
            "roe_4q": 8.33,
            "gross_profit": 61902,
            "gross_margin": 19.46,
            "gross_margin_4q_avg": 21.51,
            "net_income": 9663,
            "revenue": 318040,
            "common_shares": 434547,
            "book_valuer_per_share": 14.76,
            "book_valuer_per_share_4q_avg": 15.62,
            "equity": 661510,
            "current_ratio": 188.42,
            "debt_ratio": 35.4,
            "inventory_turnover_ratio": 1.58,
            "account_receivable_turnover_ratio": 1.45,
            "reinvestment_rate": 596.73,
            "research_to_sale_ratio": 3.11,
            "price_fair": 44.38,
            "eps_avg_yearly": 1.27,
            "eps_latest_yearly": 0.76,
            "eps_growth_yearly": 406.23
        },
        "20113": {
            "year_quarter": 20113,
            "year": 2011,
            "quarter": 3,
            "eps": 0.2,
            "eps_growth_year": -76.73,
            "eps_4q": 0.58,
            "eps_4q_growth_year": -63.46,
            "roe": 1.33,
            "roe_4q": 4.21,
            "gross_profit": 53765,
            "gross_margin": 16.88,
            "gross_margin_4q_avg": 19.71,
            "net_income": 8881,
            "revenue": 318430,
            "common_shares": 460620,
            "book_valuer_per_share": 14.11,
            "book_valuer_per_share_4q_avg": 15.05,
            "equity": 671600,
            "current_ratio": 192.02,
            "debt_ratio": 36.94,
            "inventory_turnover_ratio": 1.51,
            "account_receivable_turnover_ratio": 1.22,
            "reinvestment_rate": 675.02,
            "research_to_sale_ratio": 3.7,
            "price_fair": 40.46,
            "eps_avg_yearly": 1.16,
            "eps_latest_yearly": 0.8,
            "eps_growth_yearly": 400.33
        },
        "20114": {
            "year_quarter": 20114,
            "year": 2011,
            "quarter": 4,
            "eps": -0.08,
            "eps_growth_year": -166.06,
            "eps_4q": 0.39,
            "eps_4q_growth_year": -71.97,
            "roe": -0.54,
            "roe_4q": 2.72,
            "gross_profit": 58925,
            "gross_margin": 22.03,
            "gross_margin_4q_avg": 18.52,
            "net_income": -3645,
            "revenue": 267505,
            "common_shares": 460620,
            "book_valuer_per_share": 14.13,
            "book_valuer_per_share_4q_avg": 14.71,
            "equity": 672854,
            "current_ratio": 188.83,
            "debt_ratio": 42.25,
            "inventory_turnover_ratio": 1.13,
            "account_receivable_turnover_ratio": 1.1,
            "reinvestment_rate": 285.72,
            "research_to_sale_ratio": 4.02,
            "price_fair": 38.27,
            "eps_avg_yearly": 1.09,
            "eps_latest_yearly": 0.8,
            "eps_growth_yearly": 449.45
        },
        "20121": {
            "year_quarter": 20121,
            "year": 2012,
            "quarter": 1,
            "eps": -0.27,
            "eps_growth_year": -400,
            "eps_4q": 0.02,
            "eps_4q_growth_year": -98.51,
            "roe": -1.9,
            "roe_4q": 0.30000000000000004,
            "gross_profit": 30705,
            "gross_margin": 12.04,
            "gross_margin_4q_avg": 17.6,
            "net_income": -13249,
            "revenue": 255035,
            "common_shares": 531299,
            "book_valuer_per_share": 13.17,
            "book_valuer_per_share_4q_avg": 14.04,
            "equity": 721403,
            "current_ratio": 177.55,
            "debt_ratio": 37.07,
            "inventory_turnover_ratio": 1.28,
            "account_receivable_turnover_ratio": 1.19,
            "reinvestment_rate": 366.79,
            "research_to_sale_ratio": 2.85,
            "price_fair": 38.27,
            "eps_avg_yearly": 1.09,
            "eps_latest_yearly": 0.8,
            "eps_growth_yearly": 449.45
        },
        "20122": {
            "year_quarter": 20122,
            "year": 2012,
            "quarter": 2,
            "eps": 0.39,
            "eps_growth_year": 106.43,
            "eps_4q": 0.25,
            "eps_4q_growth_year": -78.79,
            "roe": 3.72,
            "roe_4q": 2.6100000000000003,
            "gross_profit": 77779,
            "gross_margin": 20.2,
            "gross_margin_4q_avg": 17.79,
            "net_income": 27985,
            "revenue": 385128,
            "common_shares": 531299,
            "book_valuer_per_share": 13.43,
            "book_valuer_per_share_4q_avg": 13.71,
            "equity": 784319,
            "current_ratio": 150.79,
            "debt_ratio": 48.67,
            "inventory_turnover_ratio": 1.41,
            "account_receivable_turnover_ratio": 1.33,
            "reinvestment_rate": 791.93,
            "research_to_sale_ratio": 1.46,
            "price_fair": 38.27,
            "eps_avg_yearly": 1.09,
            "eps_latest_yearly": 0.8,
            "eps_growth_yearly": 449.45
        },
        "20123": {
            "year_quarter": 20123,
            "year": 2012,
            "quarter": 3,
            "eps": 0.15,
            "eps_growth_year": -23.2,
            "eps_4q": 0.23,
            "eps_4q_growth_year": -59.78,
            "roe": 0.99,
            "roe_4q": 2.27,
            "gross_profit": 71706,
            "gross_margin": 10.99,
            "gross_margin_4q_avg": 16.32,
            "net_income": 7988,
            "revenue": 652322,
            "common_shares": 553817,
            "book_valuer_per_share": 13.1,
            "book_valuer_per_share_4q_avg": 13.46,
            "equity": 822299,
            "current_ratio": 174.94,
            "debt_ratio": 46.73,
            "inventory_turnover_ratio": 2.14,
            "account_receivable_turnover_ratio": 1.72,
            "reinvestment_rate": 861.29,
            "research_to_sale_ratio": 1.3,
            "price_fair": 36.71,
            "eps_avg_yearly": 1.05,
            "eps_latest_yearly": 0.6,
            "eps_growth_yearly": 96.17
        },
        "20124": {
            "year_quarter": 20124,
            "year": 2012,
            "quarter": 4,
            "eps": -0.19,
            "eps_growth_year": null,
            "eps_4q": 0.11,
            "eps_4q_growth_year": -72.45,
            "roe": -1.59,
            "roe_4q": 1.2200000000000002,
            "gross_profit": 66668,
            "gross_margin": 37.24,
            "gross_margin_4q_avg": 20.12,
            "net_income": -12952,
            "revenue": 179002,
            "common_shares": 564817,
            "book_valuer_per_share": 12.65,
            "book_valuer_per_share_4q_avg": 13.09,
            "equity": 808093,
            "current_ratio": 177.31,
            "debt_ratio": 44.84,
            "inventory_turnover_ratio": 0.41,
            "account_receivable_turnover_ratio": 0.48,
            "reinvestment_rate": 221.91,
            "research_to_sale_ratio": 4.27,
            "price_fair": 36.71,
            "eps_avg_yearly": 1.05,
            "eps_latest_yearly": 0.6,
            "eps_growth_yearly": 96.17
        },
        "20131": {
            "year_quarter": 20131,
            "year": 2013,
            "quarter": 1,
            "eps": 0,
            "eps_growth_year": null,
            "eps_4q": 0.33,
            "eps_4q_growth_year": 1651.84,
            "roe": 0.09,
            "roe_4q": 3.21,
            "gross_profit": 42742,
            "gross_margin": 12.44,
            "gross_margin_4q_avg": 20.22,
            "net_income": 716,
            "revenue": 343518,
            "common_shares": 569717,
            "book_valuer_per_share": 12.9,
            "book_valuer_per_share_4q_avg": 13.02,
            "equity": 842690,
            "current_ratio": 179.56,
            "debt_ratio": 42.88,
            "inventory_turnover_ratio": 1.04,
            "account_receivable_turnover_ratio": 1.05,
            "reinvestment_rate": 204.77,
            "research_to_sale_ratio": 2.31,
            "price_fair": 36.71,
            "eps_avg_yearly": 1.05,
            "eps_latest_yearly": 0.6,
            "eps_growth_yearly": 96.17
        },
        "20132": {
            "year_quarter": 20132,
            "year": 2013,
            "quarter": 2,
            "eps": -0.05,
            "eps_growth_year": -112.7,
            "eps_4q": -0.09,
            "eps_4q_growth_year": -136.49,
            "roe": -0.33,
            "roe_4q": -0.8400000000000001,
            "gross_profit": 58638,
            "gross_margin": 14.47,
            "gross_margin_4q_avg": 18.79,
            "net_income": -2764,
            "revenue": 405225,
            "common_shares": 570117,
            "book_valuer_per_share": 12.83,
            "book_valuer_per_share_4q_avg": 12.87,
            "equity": 837754,
            "current_ratio": 178.9,
            "debt_ratio": 43.83,
            "inventory_turnover_ratio": 1.18,
            "account_receivable_turnover_ratio": 1.22,
            "reinvestment_rate": 197.22,
            "research_to_sale_ratio": 2.1,
            "price_fair": 36.71,
            "eps_avg_yearly": 1.05,
            "eps_latest_yearly": 0.6,
            "eps_growth_yearly": 96.17
        },
        "20133": {
            "year_quarter": 20133,
            "year": 2013,
            "quarter": 3,
            "eps": -0.04,
            "eps_growth_year": -126.48,
            "eps_4q": -0.2,
            "eps_4q_growth_year": -185.96,
            "roe": 0.35,
            "roe_4q": -1.4800000000000002,
            "gross_profit": 60228,
            "gross_margin": 14.23,
            "gross_margin_4q_avg": 19.6,
            "net_income": 2908,
            "revenue": 423235,
            "common_shares": 572317,
            "book_valuer_per_share": 12.67,
            "book_valuer_per_share_4q_avg": 12.76,
            "equity": 827917,
            "current_ratio": 185.09,
            "debt_ratio": 43.26,
            "inventory_turnover_ratio": 1.26,
            "account_receivable_turnover_ratio": 1.24,
            "reinvestment_rate": 191.25,
            "research_to_sale_ratio": 1.82,
            "price_fair": 36.71,
            "eps_avg_yearly": 1.05,
            "eps_latest_yearly": 0.6,
            "eps_growth_yearly": 96.17
        },
        "20134": {
            "year_quarter": 20134,
            "year": 2013,
            "quarter": 4,
            "eps": 0.05,
            "eps_growth_year": null,
            "eps_4q": 0.03,
            "eps_4q_growth_year": -68.06,
            "roe": 0.47,
            "roe_4q": 0.58,
            "gross_profit": 54385,
            "gross_margin": 13.78,
            "gross_margin_4q_avg": 13.73,
            "net_income": 3906,
            "revenue": 394628,
            "common_shares": 572317,
            "book_valuer_per_share": 12.75,
            "book_valuer_per_share_4q_avg": 12.79,
            "equity": 834163,
            "current_ratio": 187.28,
            "debt_ratio": 42.37,
            "inventory_turnover_ratio": 1.15,
            "account_receivable_turnover_ratio": 1.25,
            "reinvestment_rate": -101.63,
            "research_to_sale_ratio": 2.18,
            "price_fair": 35.35,
            "eps_avg_yearly": 1.01,
            "eps_latest_yearly": 0.6,
            "eps_growth_yearly": 99.57
        },
        "20141": {
            "year_quarter": 20141,
            "year": 2014,
            "quarter": 1,
            "eps": 0.42,
            "eps_growth_year": null,
            "eps_4q": 0.46,
            "eps_4q_growth_year": 38.25,
            "roe": 3.09,
            "roe_4q": 3.5799999999999996,
            "gross_profit": 80773,
            "gross_margin": 19.14,
            "gross_margin_4q_avg": 15.41,
            "net_income": 26391,
            "revenue": 421966,
            "common_shares": 572317,
            "book_valuer_per_share": 13.32,
            "book_valuer_per_share_4q_avg": 12.89,
            "equity": 871768,
            "current_ratio": 198.02,
            "debt_ratio": 40.61,
            "inventory_turnover_ratio": 1.12,
            "account_receivable_turnover_ratio": 1.34,
            "reinvestment_rate": -129.86,
            "research_to_sale_ratio": 1.88,
            "price_fair": 39.2,
            "eps_avg_yearly": 1.12,
            "eps_latest_yearly": 1.68,
            "eps_growth_yearly": 490.16
        },
        "20142": {
            "year_quarter": 20142,
            "year": 2014,
            "quarter": 2,
            "eps": 0.2,
            "eps_growth_year": null,
            "eps_4q": 0.71,
            "eps_4q_growth_year": null,
            "roe": 1.24,
            "roe_4q": 5.1499999999999995,
            "gross_profit": 81100,
            "gross_margin": 16.77,
            "gross_margin_4q_avg": 15.98,
            "net_income": 10892,
            "revenue": 483679,
            "common_shares": 572317,
            "book_valuer_per_share": 13.45,
            "book_valuer_per_share_4q_avg": 13.05,
            "equity": 877980,
            "current_ratio": 192.98,
            "debt_ratio": 42.16,
            "inventory_turnover_ratio": 1.3,
            "account_receivable_turnover_ratio": 1.43,
            "reinvestment_rate": -250.51,
            "research_to_sale_ratio": 1.77,
            "price_fair": 38.85,
            "eps_avg_yearly": 1.11,
            "eps_latest_yearly": 0.8,
            "eps_growth_yearly": 458.97
        },
        "20143": {
            "year_quarter": 20143,
            "year": 2014,
            "quarter": 3,
            "eps": 0.42,
            "eps_growth_year": null,
            "eps_4q": 1.09,
            "eps_4q_growth_year": null,
            "roe": 3.03,
            "roe_4q": 7.829999999999999,
            "gross_profit": 83086,
            "gross_margin": 17.82,
            "gross_margin_4q_avg": 16.88,
            "net_income": 27120,
            "revenue": 466355,
            "common_shares": 572317,
            "book_valuer_per_share": 13.95,
            "book_valuer_per_share_4q_avg": 13.37,
            "equity": 910193,
            "current_ratio": 206.68,
            "debt_ratio": 41.28,
            "inventory_turnover_ratio": 1.18,
            "account_receivable_turnover_ratio": 1.33,
            "reinvestment_rate": -350.52,
            "research_to_sale_ratio": 2.02,
            "price_fair": 31.33,
            "eps_avg_yearly": 0.9,
            "eps_latest_yearly": 1.68,
            "eps_growth_yearly": 370.79
        },
        "20144": {
            "year_quarter": 20144,
            "year": 2014,
            "quarter": 4,
            "eps": 0.12,
            "eps_growth_year": 147.14,
            "eps_4q": 1.16,
            "eps_4q_growth_year": 3311.43,
            "roe": 0.33,
            "roe_4q": 7.6899999999999995,
            "gross_profit": 65658,
            "gross_margin": 15.05,
            "gross_margin_4q_avg": 17.2,
            "net_income": 2955,
            "revenue": 436232,
            "common_shares": 572317,
            "book_valuer_per_share": 13.92,
            "book_valuer_per_share_4q_avg": 13.66,
            "equity": 860827,
            "current_ratio": 194.9,
            "debt_ratio": 44.78,
            "inventory_turnover_ratio": 1.04,
            "account_receivable_turnover_ratio": 1.35,
            "reinvestment_rate": -327.55,
            "research_to_sale_ratio": 2.8,
            "price_fair": 31.33,
            "eps_avg_yearly": 0.9,
            "eps_latest_yearly": 0.48,
            "eps_growth_yearly": 378.01
        },
        "20151": {
            "year_quarter": 20151,
            "year": 2015,
            "quarter": 1,
            "eps": -0.1,
            "eps_growth_year": -123.81,
            "eps_4q": 0.64,
            "eps_4q_growth_year": 38.79,
            "roe": -0.62,
            "roe_4q": 3.9799999999999995,
            "gross_profit": 62108,
            "gross_margin": 14.89,
            "gross_margin_4q_avg": 16.13,
            "net_income": -5273,
            "revenue": 417049,
            "common_shares": 572317,
            "book_valuer_per_share": 13.52,
            "book_valuer_per_share_4q_avg": 13.71,
            "equity": 835208,
            "current_ratio": 210.38,
            "debt_ratio": 41.52,
            "inventory_turnover_ratio": 1.04,
            "account_receivable_turnover_ratio": 1.41,
            "reinvestment_rate": -444.95,
            "research_to_sale_ratio": 2.4,
            "price_fair": 34,
            "eps_avg_yearly": 0.97,
            "eps_latest_yearly": 0.48,
            "eps_growth_yearly": 446.3
        },
        "20152": {
            "year_quarter": 20152,
            "year": 2015,
            "quarter": 2,
            "eps": 0.13,
            "eps_growth_year": -35,
            "eps_4q": 0.54,
            "eps_4q_growth_year": -23.6,
            "roe": 1.01,
            "roe_4q": 3.75,
            "gross_profit": 72940,
            "gross_margin": 15.78,
            "gross_margin_4q_avg": 15.89,
            "net_income": 8049,
            "revenue": 462144,
            "common_shares": 572317,
            "book_valuer_per_share": 12.94,
            "book_valuer_per_share_4q_avg": 13.58,
            "equity": 762055,
            "current_ratio": 188.86,
            "debt_ratio": 47.33,
            "inventory_turnover_ratio": 1.29,
            "account_receivable_turnover_ratio": 1.5,
            "reinvestment_rate": -477.06,
            "research_to_sale_ratio": 2.73,
            "price_fair": 35.23,
            "eps_avg_yearly": 1.01,
            "eps_latest_yearly": 0.48,
            "eps_growth_yearly": 446.61
        },
        "20153": {
            "year_quarter": 20153,
            "year": 2015,
            "quarter": 3,
            "eps": 0.73,
            "eps_growth_year": 73.81,
            "eps_4q": 0.87,
            "eps_4q_growth_year": -20.11,
            "roe": 5.75,
            "roe_4q": 6.47,
            "gross_profit": 72965,
            "gross_margin": 14.73,
            "gross_margin_4q_avg": 15.11,
            "net_income": 44717,
            "revenue": 495272,
            "common_shares": 603794,
            "book_valuer_per_share": 12.75,
            "book_valuer_per_share_4q_avg": 13.28,
            "equity": 792329,
            "current_ratio": 187.25,
            "debt_ratio": 48.42,
            "inventory_turnover_ratio": 1.3,
            "account_receivable_turnover_ratio": 1.49,
            "reinvestment_rate": -364.07,
            "research_to_sale_ratio": 2.73,
            "price_fair": 47.6,
            "eps_avg_yearly": 1.36,
            "eps_latest_yearly": 2.92,
            "eps_growth_yearly": 750.79
        },
        "20154": {
            "year_quarter": 20154,
            "year": 2015,
            "quarter": 4,
            "eps": 0.38,
            "eps_growth_year": 211.5,
            "eps_4q": 1.13,
            "eps_4q_growth_year": -2.46,
            "roe": 2.9,
            "roe_4q": 9.040000000000001,
            "gross_profit": 105205,
            "gross_margin": 21.12,
            "gross_margin_4q_avg": 16.63,
            "net_income": 23240,
            "revenue": 498082,
            "common_shares": 603794,
            "book_valuer_per_share": 13.06,
            "book_valuer_per_share_4q_avg": 13.07,
            "equity": 810861,
            "current_ratio": 198.44,
            "debt_ratio": 44.72,
            "inventory_turnover_ratio": 1.19,
            "account_receivable_turnover_ratio": 1.48,
            "reinvestment_rate": -105.54,
            "research_to_sale_ratio": 2.54,
            "price_fair": 48.4,
            "eps_avg_yearly": 1.38,
            "eps_latest_yearly": 1.52,
            "eps_growth_yearly": 616.14
        },
        "20161": {
            "year_quarter": 20161,
            "year": 2016,
            "quarter": 1,
            "eps": 0.39,
            "eps_growth_year": null,
            "eps_4q": 1.62,
            "eps_4q_growth_year": 153.95,
            "roe": 2.89,
            "roe_4q": 12.549999999999999,
            "gross_profit": 97558,
            "gross_margin": 20.76,
            "gross_margin_4q_avg": 18.1,
            "net_income": 24157,
            "revenue": 470028,
            "common_shares": 603794,
            "book_valuer_per_share": 13.83,
            "book_valuer_per_share_4q_avg": 13.15,
            "equity": 858869,
            "current_ratio": 199.19,
            "debt_ratio": 43.67,
            "inventory_turnover_ratio": 1.23,
            "account_receivable_turnover_ratio": 1.41,
            "reinvestment_rate": -112.94,
            "research_to_sale_ratio": 2.61,
            "price_fair": 49.18,
            "eps_avg_yearly": 1.41,
            "eps_latest_yearly": 1.56,
            "eps_growth_yearly": 540.44
        },
        "20162": {
            "year_quarter": 20162,
            "year": 2016,
            "quarter": 2,
            "eps": 0.73,
            "eps_growth_year": 461.54,
            "eps_4q": 2.13,
            "eps_4q_growth_year": 292.95,
            "roe": 5.17,
            "roe_4q": 16.71,
            "gross_profit": 124004,
            "gross_margin": 23.72,
            "gross_margin_4q_avg": 20.08,
            "net_income": 45002,
            "revenue": 522855,
            "common_shares": 603794,
            "book_valuer_per_share": 14.2,
            "book_valuer_per_share_4q_avg": 13.46,
            "equity": 881566,
            "current_ratio": 200.15,
            "debt_ratio": 42.97,
            "inventory_turnover_ratio": 1.34,
            "account_receivable_turnover_ratio": 1.46,
            "reinvestment_rate": -356.85,
            "research_to_sale_ratio": 2.84,
            "price_fair": 55.07,
            "eps_avg_yearly": 1.57,
            "eps_latest_yearly": 2.92,
            "eps_growth_yearly": 519.14
        },
        "20163": {
            "year_quarter": 20163,
            "year": 2016,
            "quarter": 3,
            "eps": 0.53,
            "eps_growth_year": -27.4,
            "eps_4q": 1.97,
            "eps_4q_growth_year": 125.78,
            "roe": 3.92,
            "roe_4q": 14.88,
            "gross_profit": 131211,
            "gross_margin": 24.79,
            "gross_margin_4q_avg": 22.6,
            "net_income": 34913,
            "revenue": 529336,
            "common_shares": 630965,
            "book_valuer_per_share": 13.86,
            "book_valuer_per_share_4q_avg": 13.74,
            "equity": 898526,
            "current_ratio": 210.37,
            "debt_ratio": 45.48,
            "inventory_turnover_ratio": 1.37,
            "account_receivable_turnover_ratio": 1.42,
            "reinvestment_rate": -344.71,
            "research_to_sale_ratio": 2.9,
            "price_fair": 60.98,
            "eps_avg_yearly": 1.74,
            "eps_latest_yearly": 2.12,
            "eps_growth_yearly": 534.31
        },
        "20164": {
            "year_quarter": 20164,
            "year": 2016,
            "quarter": 4,
            "eps": 0.48,
            "eps_growth_year": 27.07,
            "eps_4q": 2.09,
            "eps_4q_growth_year": 83.88,
            "roe": 3.52,
            "roe_4q": 15.5,
            "gross_profit": 114170,
            "gross_margin": 23.55,
            "gross_margin_4q_avg": 23.21,
            "net_income": 31642,
            "revenue": 484699,
            "common_shares": 630965,
            "book_valuer_per_share": 13.86,
            "book_valuer_per_share_4q_avg": 13.94,
            "equity": 898996,
            "current_ratio": 200.56,
            "debt_ratio": 45.16,
            "inventory_turnover_ratio": 1.33,
            "account_receivable_turnover_ratio": 1.36,
            "reinvestment_rate": -55.46,
            "research_to_sale_ratio": 3.55,
            "price_fair": 61.6,
            "eps_avg_yearly": 1.76,
            "eps_latest_yearly": 1.92,
            "eps_growth_yearly": 477.11
        },
        "20171": {
            "year_quarter": 20171,
            "year": 2017,
            "quarter": 1,
            "eps": 0.38,
            "eps_growth_year": -2.56,
            "eps_4q": 2.1,
            "eps_4q_growth_year": 29.28,
            "roe": 2.72,
            "roe_4q": 15.33,
            "gross_profit": 123911,
            "gross_margin": 24.43,
            "gross_margin_4q_avg": 24.12,
            "net_income": 24172,
            "revenue": 507235,
            "common_shares": 630965,
            "book_valuer_per_share": 13.92,
            "book_valuer_per_share_4q_avg": 13.96,
            "equity": 878331,
            "current_ratio": 197.37,
            "debt_ratio": 45.16,
            "inventory_turnover_ratio": 1.42,
            "account_receivable_turnover_ratio": 1.43,
            "reinvestment_rate": -52.54,
            "research_to_sale_ratio": 2.81,
            "price_fair": 60.84,
            "eps_avg_yearly": 1.74,
            "eps_latest_yearly": 1.52,
            "eps_growth_yearly": 426.16
        },
        "20172": {
            "year_quarter": 20172,
            "year": 2017,
            "quarter": 2,
            "eps": 0.76,
            "eps_growth_year": 4.11,
            "eps_4q": 1.9,
            "eps_4q_growth_year": -10.79,
            "roe": 5.23,
            "roe_4q": 15.39,
            "gross_profit": 153879,
            "gross_margin": 25.64,
            "gross_margin_4q_avg": 24.6,
            "net_income": 50683,
            "revenue": 600070,
            "common_shares": 690965,
            "book_valuer_per_share": 15.33,
            "book_valuer_per_share_4q_avg": 14.24,
            "equity": 1058935,
            "current_ratio": 204.47,
            "debt_ratio": 45.58,
            "inventory_turnover_ratio": 1.64,
            "account_receivable_turnover_ratio": 1.5,
            "reinvestment_rate": -39.1,
            "research_to_sale_ratio": 2.85,
            "price_fair": 64.63,
            "eps_avg_yearly": 1.85,
            "eps_latest_yearly": 3.04,
            "eps_growth_yearly": 423.98
        },
        "20173": {
            "year_quarter": 20173,
            "year": 2017,
            "quarter": 3,
            "eps": 0.9,
            "eps_growth_year": 69.81,
            "eps_4q": 2.33,
            "eps_4q_growth_year": 18.61,
            "roe": 5.95,
            "roe_4q": 17.42,
            "gross_profit": 175168,
            "gross_margin": 26.58,
            "gross_margin_4q_avg": 25.05,
            "net_income": 65612,
            "revenue": 659131,
            "common_shares": 731978,
            "book_valuer_per_share": 15.65,
            "book_valuer_per_share_4q_avg": 14.69,
            "equity": 1145225,
            "current_ratio": 197.82,
            "debt_ratio": 48.64,
            "inventory_turnover_ratio": 1.59,
            "account_receivable_turnover_ratio": 1.43,
            "reinvestment_rate": 56.57,
            "research_to_sale_ratio": 2.72,
            "price_fair": 69.35,
            "eps_avg_yearly": 1.98,
            "eps_latest_yearly": 3.6,
            "eps_growth_yearly": 397.03
        },
        "20174": {
            "year_quarter": 20174,
            "year": 2017,
            "quarter": 4,
            "eps": 0.71,
            "eps_growth_year": 47.35,
            "eps_4q": 2.63,
            "eps_4q_growth_year": 25.95,
            "roe": 4.43,
            "roe_4q": 18.33,
            "gross_profit": 164596,
            "gross_margin": 24.67,
            "gross_margin_4q_avg": 25.33,
            "net_income": 51822,
            "revenue": 667290,
            "common_shares": 731978,
            "book_valuer_per_share": 16.29,
            "book_valuer_per_share_4q_avg": 15.3,
            "equity": 1192462,
            "current_ratio": 207.67,
            "debt_ratio": 48.16,
            "inventory_turnover_ratio": 1.49,
            "account_receivable_turnover_ratio": 1.43,
            "reinvestment_rate": 58.58,
            "research_to_sale_ratio": 2.9,
            "price_fair": 71.5,
            "eps_avg_yearly": 2.04,
            "eps_latest_yearly": 2.84,
            "eps_growth_yearly": 362.64
        },
        "20181": {
            "year_quarter": 20181,
            "year": 2018,
            "quarter": 1,
            "eps": 0.6,
            "eps_growth_year": 57.89,
            "eps_4q": 2.9,
            "eps_4q_growth_year": 38.45,
            "roe": 3.6,
            "roe_4q": 19.21,
            "gross_profit": 168373,
            "gross_margin": 24.54,
            "gross_margin_4q_avg": 25.36,
            "net_income": 44266,
            "revenue": 685981,
            "common_shares": 731978,
            "book_valuer_per_share": 17.33,
            "book_valuer_per_share_4q_avg": 16.15,
            "equity": 1268273,
            "current_ratio": 197.36,
            "debt_ratio": 47.48,
            "inventory_turnover_ratio": 1.49,
            "account_receivable_turnover_ratio": 1.48,
            "reinvestment_rate": 53.52,
            "research_to_sale_ratio": 2.59,
            "price_fair": 73.3,
            "eps_avg_yearly": 2.09,
            "eps_latest_yearly": 2.4,
            "eps_growth_yearly": 146.78
        },
        "20182": {
            "year_quarter": 20182,
            "year": 2018,
            "quarter": 2,
            "eps": 0.26,
            "eps_growth_year": -65.79,
            "eps_4q": 2.11,
            "eps_4q_growth_year": 11.06,
            "roe": 1.46,
            "roe_4q": 15.440000000000001,
            "gross_profit": 124328,
            "gross_margin": 18.69,
            "gross_margin_4q_avg": 23.62,
            "net_income": 18798,
            "revenue": 665329,
            "common_shares": 731978,
            "book_valuer_per_share": 17.73,
            "book_valuer_per_share_4q_avg": 16.75,
            "equity": 1298084,
            "current_ratio": 223.15,
            "debt_ratio": 51.79,
            "inventory_turnover_ratio": 1.52,
            "account_receivable_turnover_ratio": 1.36,
            "reinvestment_rate": 71.64,
            "research_to_sale_ratio": 2.76,
            "price_fair": 73.9,
            "eps_avg_yearly": 2.11,
            "eps_latest_yearly": 1.04,
            "eps_growth_yearly": 145.56
        },
        "20183": {
            "year_quarter": 20183,
            "year": 2018,
            "quarter": 3,
            "eps": 0.65,
            "eps_growth_year": -27.78,
            "eps_4q": 1.99,
            "eps_4q_growth_year": -14.64,
            "roe": 4.3,
            "roe_4q": 13.79,
            "gross_profit": 164006,
            "gross_margin": 25.57,
            "gross_margin_4q_avg": 23.37,
            "net_income": 55682,
            "revenue": 641373,
            "common_shares": 856414,
            "book_valuer_per_share": 15.09,
            "book_valuer_per_share_4q_avg": 16.61,
            "equity": 1291940,
            "current_ratio": 230.88,
            "debt_ratio": 50.58,
            "inventory_turnover_ratio": 1.39,
            "account_receivable_turnover_ratio": 1.36,
            "reinvestment_rate": 75.2,
            "research_to_sale_ratio": 2.69,
            "price_fair": 76.2,
            "eps_avg_yearly": 2.18,
            "eps_latest_yearly": 2.6,
            "eps_growth_yearly": 156.99
        },
        "20184": {
            "year_quarter": 20184,
            "year": 2018,
            "quarter": 4,
            "eps": 0.4,
            "eps_growth_year": -43.1,
            "eps_4q": 1.79,
            "eps_4q_growth_year": -31.88,
            "roe": 2.65,
            "roe_4q": 12.01,
            "gross_profit": 119178,
            "gross_margin": 22.77,
            "gross_margin_4q_avg": 22.89,
            "net_income": 34499,
            "revenue": 523390,
            "common_shares": 856414,
            "book_valuer_per_share": 15.32,
            "book_valuer_per_share_4q_avg": 16.37,
            "equity": 1312010,
            "current_ratio": 234.71,
            "debt_ratio": 48.09,
            "inventory_turnover_ratio": 1.23,
            "account_receivable_turnover_ratio": 1.31,
            "reinvestment_rate": 80.57,
            "research_to_sale_ratio": 3.05,
            "price_fair": 79,
            "eps_avg_yearly": 2.26,
            "eps_latest_yearly": 1.6,
            "eps_growth_yearly": 166.41
        },
        "20191": {
            "year_quarter": 20191,
            "year": 2019,
            "quarter": 1,
            "eps": 0.26,
            "eps_growth_year": -56.67,
            "eps_4q": 1.53,
            "eps_4q_growth_year": -47.15,
            "roe": 1.67,
            "roe_4q": 10.080000000000002,
            "gross_profit": 105901,
            "gross_margin": 21.33,
            "gross_margin_4q_avg": 22.09,
            "net_income": 22358,
            "revenue": 496451,
            "common_shares": 856414,
            "book_valuer_per_share": 15.96,
            "book_valuer_per_share_4q_avg": 16.03,
            "equity": 1367180,
            "current_ratio": 245.38,
            "debt_ratio": 46.34,
            "inventory_turnover_ratio": 1.25,
            "account_receivable_turnover_ratio": 1.43,
            "reinvestment_rate": 82.89,
            "research_to_sale_ratio": 3.45,
            "price_fair": 76.16,
            "eps_avg_yearly": 2.18,
            "eps_latest_yearly": 1.04,
            "eps_growth_yearly": 145.98
        },
        "20192": {
            "year_quarter": 20192,
            "year": 2019,
            "quarter": 2,
            "eps": 0.27,
            "eps_growth_year": 3.85,
            "eps_4q": 1.46,
            "eps_4q_growth_year": -30.95,
            "roe": 1.68,
            "roe_4q": 10.3,
            "gross_profit": 93775,
            "gross_margin": 20.1,
            "gross_margin_4q_avg": 22.44,
            "net_income": 22681,
            "revenue": 466558,
            "common_shares": 856414,
            "book_valuer_per_share": 15.6,
            "book_valuer_per_share_4q_avg": 15.49,
            "equity": 1336022,
            "current_ratio": 196.4,
            "debt_ratio": 46.7,
            "inventory_turnover_ratio": 1.33,
            "account_receivable_turnover_ratio": 1.42,
            "reinvestment_rate": 89.95,
            "research_to_sale_ratio": 3.89,
            "price_fair": 73.76,
            "eps_avg_yearly": 2.11,
            "eps_latest_yearly": 1.08,
            "eps_growth_yearly": 137.82
        },
        "20193": {
            "year_quarter": 20193,
            "year": 2019,
            "quarter": 3,
            "eps": 0.07,
            "eps_growth_year": -89.23,
            "eps_4q": 0.92,
            "eps_4q_growth_year": -53.7,
            "roe": 0.46,
            "roe_4q": 6.46,
            "gross_profit": 88529,
            "gross_margin": 20.44,
            "gross_margin_4q_avg": 21.16,
            "net_income": 6142,
            "revenue": 433203,
            "common_shares": 929209,
            "book_valuer_per_share": 14.06,
            "book_valuer_per_share_4q_avg": 15.24,
            "equity": 1306555,
            "current_ratio": 192.2,
            "debt_ratio": 46.99,
            "inventory_turnover_ratio": 1.37,
            "account_receivable_turnover_ratio": 1.37,
            "reinvestment_rate": 96.01,
            "research_to_sale_ratio": 3.81,
            "price_fair": 27.03,
            "eps_avg_yearly": 1.94,
            "eps_latest_yearly": 0.28,
            "eps_growth_yearly": 3.92
        },
        "20194": {
            "year_quarter": 20194,
            "year": 2019,
            "quarter": 4,
            "eps": -0.09,
            "eps_growth_year": -121.97,
            "eps_4q": 0.46,
            "eps_4q_growth_year": -74.16,
            "roe": -0.63,
            "roe_4q": 3.1799999999999997,
            "gross_profit": 89654,
            "gross_margin": 21.34,
            "gross_margin_4q_avg": 20.8,
            "net_income": -8223,
            "revenue": 420050,
            "common_shares": 929209,
            "book_valuer_per_share": 13.93,
            "book_valuer_per_share_4q_avg": 14.89,
            "equity": 1294762,
            "current_ratio": 180.21,
            "debt_ratio": 48.16,
            "inventory_turnover_ratio": 1.36,
            "account_receivable_turnover_ratio": 1.41,
            "reinvestment_rate": 129.17,
            "research_to_sale_ratio": 3.58,
            "price_fair": 53.13,
            "eps_avg_yearly": 1.97,
            "eps_latest_yearly": 0.28,
            "eps_growth_yearly": 16.96
        },
        "20201": {
            "year_quarter": 20201,
            "year": 2020,
            "quarter": 1,
            "eps": -0.11,
            "eps_growth_year": -142.31,
            "eps_4q": 0.11,
            "eps_4q_growth_year": -92.86,
            "roe": -0.82,
            "roe_4q": 0.69,
            "gross_profit": 55381,
            "gross_margin": 15.65,
            "gross_margin_4q_avg": 19.38,
            "net_income": -10430,
            "revenue": 353764,
            "common_shares": 929209,
            "book_valuer_per_share": 13.33,
            "book_valuer_per_share_4q_avg": 14.23,
            "equity": 1238424,
            "current_ratio": 178.78,
            "debt_ratio": 48.94,
            "inventory_turnover_ratio": 1.22,
            "account_receivable_turnover_ratio": 1.36,
            "reinvestment_rate": 131.31,
            "research_to_sale_ratio": 4.72,
            "price_fair": 54.84,
            "eps_avg_yearly": 2,
            "eps_latest_yearly": 0.28,
            "eps_growth_yearly": 17.42
        },
        "20202": {
            "year_quarter": 20202,
            "year": 2020,
            "quarter": 2,
            "eps": 0.35,
            "eps_growth_year": 29.63,
            "eps_4q": 0.22,
            "eps_4q_growth_year": -85.01,
            "roe": 2.67,
            "roe_4q": 1.6800000000000002,
            "gross_profit": 130752,
            "gross_margin": 23.11,
            "gross_margin_4q_avg": 20.14,
            "net_income": 32787,
            "revenue": 565806,
            "common_shares": 929209,
            "book_valuer_per_share": 13.13,
            "book_valuer_per_share_4q_avg": 13.61,
            "equity": 1220175,
            "current_ratio": 158.51,
            "debt_ratio": 52.08,
            "inventory_turnover_ratio": 1.78,
            "account_receivable_turnover_ratio": 1.87,
            "reinvestment_rate": 136.22,
            "research_to_sale_ratio": 3.17,
            "price_fair": 5.79,
            "eps_avg_yearly": 1.93,
            "eps_latest_yearly": 0.28,
            "eps_growth_yearly": -8.06
        },
        "20203": {
            "year_quarter": 20203,
            "year": 2020,
            "quarter": 3,
            "eps": 0.44,
            "eps_growth_year": 528.57,
            "eps_4q": 0.59,
            "eps_4q_growth_year": -35.87,
            "roe": 3.27,
            "roe_4q": 4.489999999999999,
            "gross_profit": 146027,
            "gross_margin": 23.79,
            "gross_margin_4q_avg": 20.97,
            "net_income": 40816,
            "revenue": 613899,
            "common_shares": 929209,
            "book_valuer_per_share": 13.73,
            "book_valuer_per_share_4q_avg": 13.53,
            "equity": 1275966,
            "current_ratio": 158.29,
            "debt_ratio": 50.56,
            "inventory_turnover_ratio": 1.89,
            "account_receivable_turnover_ratio": 1.63,
            "reinvestment_rate": 141.65,
            "research_to_sale_ratio": 3.4,
            "price_fair": 34.76,
            "eps_avg_yearly": 1.9,
            "eps_latest_yearly": 1.76,
            "eps_growth_yearly": 8.28
        },
        "20204": {
            "year_quarter": 20204,
            "year": 2020,
            "quarter": 4,
            "eps": 0.12,
            "eps_growth_year": null,
            "eps_4q": 0.79,
            "eps_4q_growth_year": 71.94,
            "roe": 0.82,
            "roe_4q": 5.9399999999999995,
            "gross_profit": 73746,
            "gross_margin": 15.14,
            "gross_margin_4q_avg": 19.42,
            "net_income": 10689,
            "revenue": 487187,
            "common_shares": 929209,
            "book_valuer_per_share": 14.22,
            "book_valuer_per_share_4q_avg": 13.6,
            "equity": 1321006,
            "current_ratio": 163.75,
            "debt_ratio": 50.78,
            "inventory_turnover_ratio": 1.52,
            "account_receivable_turnover_ratio": 1.39,
            "reinvestment_rate": 156.85,
            "research_to_sale_ratio": 3.17,
            "price_fair": 5.37,
            "eps_avg_yearly": 1.79,
            "eps_latest_yearly": 0.48,
            "eps_growth_yearly": -11.2
        },
        "20211": {
            "year_quarter": 20211,
            "year": 2021,
            "quarter": 1,
            "eps": 0.19,
            "eps_growth_year": null,
            "eps_4q": 1.09,
            "eps_4q_growth_year": 898.96,
            "roe": 1.31,
            "roe_4q": 8.07,
            "gross_profit": 112915,
            "gross_margin": 20.45,
            "gross_margin_4q_avg": 20.62,
            "net_income": 17302,
            "revenue": 552168,
            "common_shares": 929209,
            "book_valuer_per_share": 14.25,
            "book_valuer_per_share_4q_avg": 13.83,
            "equity": 1323890,
            "current_ratio": 163.25,
            "debt_ratio": 51.42,
            "inventory_turnover_ratio": 1.5,
            "account_receivable_turnover_ratio": 1.66,
            "reinvestment_rate": 161.68,
            "research_to_sale_ratio": 2.92,
            "price_fair": 40.13,
            "eps_avg_yearly": 1.73,
            "eps_latest_yearly": 0.76,
            "eps_growth_yearly": 13.16
        },
        "20212": {
            "year_quarter": 20212,
            "year": 2021,
            "quarter": 2,
            "eps": 0.28,
            "eps_growth_year": -20,
            "eps_4q": 1.03,
            "eps_4q_growth_year": 369.8,
            "roe": 1.99,
            "roe_4q": 7.390000000000001,
            "gross_profit": 127208,
            "gross_margin": 20.57,
            "gross_margin_4q_avg": 19.99,
            "net_income": 26450,
            "revenue": 618502,
            "common_shares": 929209,
            "book_valuer_per_share": 14.42,
            "book_valuer_per_share_4q_avg": 14.16,
            "equity": 1339855,
            "current_ratio": 158.96,
            "debt_ratio": 52.47,
            "inventory_turnover_ratio": 1.59,
            "account_receivable_turnover_ratio": 1.67,
            "reinvestment_rate": 173.79,
            "research_to_sale_ratio": 2.88,
            "price_fair": 4.75,
            "eps_avg_yearly": 1.58,
            "eps_latest_yearly": 1.12,
            "eps_growth_yearly": -3.03
        },
        "20213": {
            "year_quarter": 20213,
            "year": 2021,
            "quarter": 3,
            "eps": 0.27,
            "eps_growth_year": -38.64,
            "eps_4q": 0.86,
            "eps_4q_growth_year": 45.05,
            "roe": 1.92,
            "roe_4q": 6.040000000000001,
            "gross_profit": 132094,
            "gross_margin": 20.42,
            "gross_margin_4q_avg": 19.15,
            "net_income": 25262,
            "revenue": 646958,
            "common_shares": 929209,
            "book_valuer_per_share": 13.89,
            "book_valuer_per_share_4q_avg": 14.2,
            "equity": 1290481,
            "current_ratio": 141.98,
            "debt_ratio": 54.92,
            "inventory_turnover_ratio": 1.46,
            "account_receivable_turnover_ratio": 1.58,
            "reinvestment_rate": 121.97,
            "research_to_sale_ratio": 2.86,
            "price_fair": 4.17,
            "eps_avg_yearly": 1.39,
            "eps_latest_yearly": 1.08,
            "eps_growth_yearly": -9.8
        },
        "20214": {
            "year_quarter": 20214,
            "year": 2021,
            "quarter": 4,
            "eps": 0.28,
            "eps_growth_year": 140.86,
            "eps_4q": 1.02,
            "eps_4q_growth_year": 28.29,
            "roe": 1.97,
            "roe_4q": 7.1899999999999995,
            "gross_profit": 120079,
            "gross_margin": 18.17,
            "gross_margin_4q_avg": 19.9,
            "net_income": 25746,
            "revenue": 660748,
            "common_shares": 929209,
            "book_valuer_per_share": 14.25,
            "book_valuer_per_share_4q_avg": 14.2,
            "equity": 1323692,
            "current_ratio": 138.82,
            "debt_ratio": 54.84,
            "inventory_turnover_ratio": 1.35,
            "account_receivable_turnover_ratio": 1.59,
            "reinvestment_rate": 141.13,
            "research_to_sale_ratio": 2.7,
            "price_fair": 3.78,
            "eps_avg_yearly": 1.26,
            "eps_latest_yearly": 1.12,
            "eps_growth_yearly": -2.16
        },
        "20221": {
            "year_quarter": 20221,
            "year": 2022,
            "quarter": 1,
            "eps": 0.32,
            "eps_growth_year": 68.42,
            "eps_4q": 1.15,
            "eps_4q_growth_year": 5.16,
            "roe": 2.17,
            "roe_4q": 8.049999999999999,
            "gross_profit": 125401,
            "gross_margin": 17.75,
            "gross_margin_4q_avg": 19.23,
            "net_income": 29378,
            "revenue": 706544,
            "common_shares": 929209,
            "book_valuer_per_share": 14.92,
            "book_valuer_per_share_4q_avg": 14.37,
            "equity": 1386214,
            "current_ratio": 148.95,
            "debt_ratio": 55.01,
            "inventory_turnover_ratio": 1.37,
            "account_receivable_turnover_ratio": 1.62,
            "reinvestment_rate": 173.88,
            "research_to_sale_ratio": 3.36,
            "price_fair": 19.93,
            "eps_avg_yearly": 1.17,
            "eps_latest_yearly": 1.28,
            "eps_growth_yearly": 7
        },
        "20222": {
            "year_quarter": 20222,
            "year": 2022,
            "quarter": 2,
            "eps": 0.48,
            "eps_growth_year": 71.43,
            "eps_4q": 1.35,
            "eps_4q_growth_year": 31.42,
            "roe": 3.28,
            "roe_4q": 9.34,
            "gross_profit": 156694,
            "gross_margin": 20.64,
            "gross_margin_4q_avg": 19.25,
            "net_income": 44800,
            "revenue": 759205,
            "common_shares": 929209,
            "book_valuer_per_share": 14.48,
            "book_valuer_per_share_4q_avg": 14.39,
            "equity": 1345940,
            "current_ratio": 140.56,
            "debt_ratio": 57.75,
            "inventory_turnover_ratio": 1.38,
            "account_receivable_turnover_ratio": 1.57,
            "reinvestment_rate": 153.39,
            "research_to_sale_ratio": 3.63,
            "price_fair": 43.4,
            "eps_avg_yearly": 1.24,
            "eps_latest_yearly": 1.92,
            "eps_growth_yearly": 39.82
        },
        "20223": {
            "year_quarter": 20223,
            "year": 2022,
            "quarter": 3,
            "eps": 0.88,
            "eps_growth_year": 225.93,
            "eps_4q": 1.95,
            "eps_4q_growth_year": 127.73,
            "roe": 5.86,
            "roe_4q": 13.280000000000001,
            "gross_profit": 187615,
            "gross_margin": 22.37,
            "gross_margin_4q_avg": 19.73,
            "net_income": 81581,
            "revenue": 838741,
            "common_shares": 929209,
            "book_valuer_per_share": 15.47,
            "book_valuer_per_share_4q_avg": 14.78,
            "equity": 1437856,
            "current_ratio": 144.62,
            "debt_ratio": 55,
            "inventory_turnover_ratio": 1.54,
            "account_receivable_turnover_ratio": 1.66,
            "reinvestment_rate": 155.99,
            "research_to_sale_ratio": 3.4,
            "price_fair": 38.42,
            "eps_avg_yearly": 1.31,
            "eps_latest_yearly": 3.52,
            "eps_growth_yearly": 19.31
        },
        "20224": {
            "year_quarter": 20224,
            "year": 2022,
            "quarter": 4,
            "eps": 0.56,
            "eps_growth_year": 103,
            "eps_4q": 2.24,
            "eps_4q_growth_year": 119.53,
            "roe": 3.56,
            "roe_4q": 14.87,
            "gross_profit": 193300,
            "gross_margin": 26.76,
            "gross_margin_4q_avg": 21.88,
            "net_income": 52265,
            "revenue": 722361,
            "common_shares": 929209,
            "book_valuer_per_share": 16.1,
            "book_valuer_per_share_4q_avg": 15.24,
            "equity": 1496208,
            "current_ratio": 156.01,
            "debt_ratio": 53.25,
            "inventory_turnover_ratio": 1.33,
            "account_receivable_turnover_ratio": 1.55,
            "reinvestment_rate": 155.08,
            "research_to_sale_ratio": 3.72,
            "price_fair": 40.74,
            "eps_avg_yearly": 1.36,
            "eps_latest_yearly": 2.24,
            "eps_growth_yearly": 19.95
        },
        "20231": {
            "year_quarter": 20231,
            "year": 2023,
            "quarter": 1,
            "eps": 0.35,
            "eps_growth_year": 9.38,
            "eps_4q": 2.28,
            "eps_4q_growth_year": 97.93,
            "roe": 2.17,
            "roe_4q": 14.87,
            "gross_profit": 147162,
            "gross_margin": 23.33,
            "gross_margin_4q_avg": 23.28,
            "net_income": 32815,
            "revenue": 630826,
            "common_shares": 929209,
            "book_valuer_per_share": 16.5,
            "book_valuer_per_share_4q_avg": 15.64,
            "equity": 1533267,
            "current_ratio": 156.78,
            "debt_ratio": 52.51,
            "inventory_turnover_ratio": 1.33,
            "account_receivable_turnover_ratio": 1.57,
            "reinvestment_rate": 154.26,
            "research_to_sale_ratio": 3.87,
            "price_fair": 40.5,
            "eps_avg_yearly": 1.39,
            "eps_latest_yearly": 1.4,
            "eps_growth_yearly": 19.18
        }
    },
    "months": {
        "2004-01": {
            "month": "2004-01",
            "price": "16.22",
            "revenue": 37945
        },
        "2004-02": {
            "month": "2004-02",
            "price": "16.31",
            "revenue": 43466
        },
        "2004-03": {
            "month": "2004-03",
            "price": "16.00",
            "revenue": 60164
        },
        "2004-04": {
            "month": "2004-04",
            "price": "17.93",
            "revenue": 62944
        },
        "2004-05": {
            "month": "2004-05",
            "price": "19.18",
            "revenue": 49272
        },
        "2004-06": {
            "month": "2004-06",
            "price": "19.09",
            "revenue": 57938
        },
        "2004-09": {
            "month": "2004-09",
            "price": "16.64",
            "revenue": 59326
        },
        "2004-10": {
            "month": "2004-10",
            "price": "15.04",
            "revenue": 56017
        },
        "2004-11": {
            "month": "2004-11",
            "price": "16.45",
            "revenue": 58965
        },
        "2004-12": {
            "month": "2004-12",
            "price": "14.36",
            "revenue": 49436
        },
        "2005-01": {
            "month": "2005-01",
            "price": "12.50",
            "revenue": 53906
        },
        "2005-02": {
            "month": "2005-02",
            "price": "12.82",
            "revenue": 37438
        },
        "2005-03": {
            "month": "2005-03",
            "price": "13.34",
            "revenue": 53919
        },
        "2005-04": {
            "month": "2005-04",
            "price": "15.61",
            "revenue": 58161
        },
        "2005-05": {
            "month": "2005-05",
            "price": "14.95",
            "revenue": 47597
        },
        "2005-06": {
            "month": "2005-06",
            "price": "14.29",
            "revenue": 50119
        },
        "2005-07": {
            "month": "2005-07",
            "price": "14.36",
            "revenue": 50602
        },
        "2005-08": {
            "month": "2005-08",
            "price": "14.35",
            "revenue": 53985
        },
        "2005-09": {
            "month": "2005-09",
            "price": "13.60",
            "revenue": 49969
        },
        "2005-10": {
            "month": "2005-10",
            "price": "11.95",
            "revenue": 46714
        },
        "2005-11": {
            "month": "2005-11",
            "price": "10.35",
            "revenue": 58571
        },
        "2005-12": {
            "month": "2005-12",
            "price": "12.78",
            "revenue": 55932
        },
        "2006-01": {
            "month": "2006-01",
            "price": "14.77",
            "revenue": 53186
        },
        "2006-02": {
            "month": "2006-02",
            "price": "15.06",
            "revenue": 55843
        },
        "2006-03": {
            "month": "2006-03",
            "price": "14.88",
            "revenue": 71236
        },
        "2006-04": {
            "month": "2006-04",
            "price": "16.21",
            "revenue": 79832
        },
        "2006-05": {
            "month": "2006-05",
            "price": "21.65",
            "revenue": 66981
        },
        "2006-06": {
            "month": "2006-06",
            "price": "18.80",
            "revenue": 66714
        },
        "2006-07": {
            "month": "2006-07",
            "price": "16.99",
            "revenue": 63042
        },
        "2006-08": {
            "month": "2006-08",
            "price": "19.05",
            "revenue": 62245
        },
        "2006-09": {
            "month": "2006-09",
            "price": "16.68",
            "revenue": 72513
        },
        "2006-10": {
            "month": "2006-10",
            "price": "18.33",
            "revenue": 59485
        },
        "2006-11": {
            "month": "2006-11",
            "price": "18.39",
            "revenue": 57382
        },
        "2006-12": {
            "month": "2006-12",
            "price": "20.32",
            "revenue": 59987
        },
        "2007-01": {
            "month": "2007-01",
            "price": "22.35",
            "revenue": 66562
        },
        "2007-02": {
            "month": "2007-02",
            "price": "21.66",
            "revenue": 47014
        },
        "2007-03": {
            "month": "2007-03",
            "price": "21.33",
            "revenue": 59364
        },
        "2007-04": {
            "month": "2007-04",
            "price": "21.61",
            "revenue": 60399
        },
        "2007-05": {
            "month": "2007-05",
            "price": "19.20",
            "revenue": 60876
        },
        "2007-06": {
            "month": "2007-06",
            "price": "20.40",
            "revenue": 63000
        },
        "2007-07": {
            "month": "2007-07",
            "price": "22.77",
            "revenue": 65123
        },
        "2007-08": {
            "month": "2007-08",
            "price": "20.26",
            "revenue": 75606
        },
        "2007-09": {
            "month": "2007-09",
            "price": "19.18",
            "revenue": 73166
        },
        "2007-10": {
            "month": "2007-10",
            "price": "17.88",
            "revenue": 68344
        },
        "2007-11": {
            "month": "2007-11",
            "price": "15.23",
            "revenue": 65422
        },
        "2007-12": {
            "month": "2007-12",
            "price": "13.48",
            "revenue": 70611
        },
        "2008-01": {
            "month": "2008-01",
            "price": "12.68",
            "revenue": 72584
        },
        "2008-02": {
            "month": "2008-02",
            "price": "12.61",
            "revenue": 54270
        },
        "2008-03": {
            "month": "2008-03",
            "price": "13.30",
            "revenue": 66456
        },
        "2008-04": {
            "month": "2008-04",
            "price": "14.16",
            "revenue": 69613
        },
        "2008-05": {
            "month": "2008-05",
            "price": "14.29",
            "revenue": 76096
        },
        "2008-06": {
            "month": "2008-06",
            "price": "13.85",
            "revenue": 73654
        },
        "2008-07": {
            "month": "2008-07",
            "price": "10.96",
            "revenue": 82010
        },
        "2008-08": {
            "month": "2008-08",
            "price": "10.66",
            "revenue": 81363
        },
        "2008-09": {
            "month": "2008-09",
            "price": "8.72",
            "revenue": 80675
        },
        "2008-10": {
            "month": "2008-10",
            "price": "6.82",
            "revenue": 73838
        },
        "2008-11": {
            "month": "2008-11",
            "price": "5.73",
            "revenue": 51298
        },
        "2008-12": {
            "month": "2008-12",
            "price": "6.68",
            "revenue": 53780
        },
        "2009-01": {
            "month": "2009-01",
            "price": "7.54",
            "revenue": 47233
        },
        "2009-02": {
            "month": "2009-02",
            "price": "7.43",
            "revenue": 46486
        },
        "2009-03": {
            "month": "2009-03",
            "price": "7.70",
            "revenue": 63103
        },
        "2009-04": {
            "month": "2009-04",
            "price": "8.37",
            "revenue": 71468
        },
        "2009-05": {
            "month": "2009-05",
            "price": "8.42",
            "revenue": 63224
        },
        "2009-06": {
            "month": "2009-06",
            "price": "8.78",
            "revenue": 55285
        },
        "2009-07": {
            "month": "2009-07",
            "price": "9.19",
            "revenue": 66777
        },
        "2009-08": {
            "month": "2009-08",
            "price": "11.84",
            "revenue": 62485
        },
        "2009-09": {
            "month": "2009-09",
            "price": "13.19",
            "revenue": 72760
        },
        "2009-10": {
            "month": "2009-10",
            "price": "14.60",
            "revenue": 68131
        },
        "2009-11": {
            "month": "2009-11",
            "price": "14.16",
            "revenue": 68039
        },
        "2009-12": {
            "month": "2009-12",
            "price": "16.12",
            "revenue": 78458
        },
        "2010-01": {
            "month": "2010-01",
            "price": "16.16",
            "revenue": 78760
        },
        "2010-02": {
            "month": "2010-02",
            "price": "13.83",
            "revenue": 72289
        },
        "2010-03": {
            "month": "2010-03",
            "price": "16.97",
            "revenue": 93823
        },
        "2010-04": {
            "month": "2010-04",
            "price": "23.95",
            "revenue": 94122
        },
        "2010-05": {
            "month": "2010-05",
            "price": "25.85",
            "revenue": 91757
        },
        "2010-06": {
            "month": "2010-06",
            "price": "21.00",
            "revenue": 98604
        },
        "2010-07": {
            "month": "2010-07",
            "price": "19.70",
            "revenue": 115882
        },
        "2010-08": {
            "month": "2010-08",
            "price": "21.61",
            "revenue": 116287
        },
        "2010-09": {
            "month": "2010-09",
            "price": "19.72",
            "revenue": 115892
        },
        "2010-10": {
            "month": "2010-10",
            "price": "20.94",
            "revenue": 89782
        },
        "2010-11": {
            "month": "2010-11",
            "price": "20.13",
            "revenue": 87575
        },
        "2010-12": {
            "month": "2010-12",
            "price": "22.07",
            "revenue": 89335
        },
        "2011-01": {
            "month": "2011-01",
            "price": "23.20",
            "revenue": 84709
        },
        "2011-02": {
            "month": "2011-02",
            "price": "20.93",
            "revenue": 54494
        },
        "2011-03": {
            "month": "2011-03",
            "price": "19.19",
            "revenue": 86458
        },
        "2011-04": {
            "month": "2011-04",
            "price": "19.38",
            "revenue": 81824
        },
        "2011-05": {
            "month": "2011-05",
            "price": "17.19",
            "revenue": 92797
        },
        "2011-06": {
            "month": "2011-06",
            "price": "16.95",
            "revenue": 106764
        },
        "2011-07": {
            "month": "2011-07",
            "price": "16.38",
            "revenue": 98453
        },
        "2011-08": {
            "month": "2011-08",
            "price": "12.98",
            "revenue": 103297
        },
        "2011-09": {
            "month": "2011-09",
            "price": "11.44",
            "revenue": 98832
        },
        "2011-10": {
            "month": "2011-10",
            "price": "11.81",
            "revenue": 84037
        },
        "2011-11": {
            "month": "2011-11",
            "price": "10.54",
            "revenue": 82062
        },
        "2011-12": {
            "month": "2011-12",
            "price": "9.76",
            "revenue": 76394
        },
        "2012-01": {
            "month": "2012-01",
            "price": "9.64",
            "revenue": 75221
        },
        "2012-02": {
            "month": "2012-02",
            "price": "11.85",
            "revenue": 72426
        },
        "2012-03": {
            "month": "2012-03",
            "price": "11.38",
            "revenue": 86179
        },
        "2012-04": {
            "month": "2012-04",
            "price": "9.82",
            "revenue": 94253
        },
        "2012-05": {
            "month": "2012-05",
            "price": "8.87",
            "revenue": 108142
        },
        "2012-06": {
            "month": "2012-06",
            "price": "8.38",
            "revenue": 93845
        },
        "2012-07": {
            "month": "2012-07",
            "price": "8.25",
            "revenue": 113007
        },
        "2012-08": {
            "month": "2012-08",
            "price": "8.27",
            "revenue": 128508
        },
        "2012-09": {
            "month": "2012-09",
            "price": "10.72",
            "revenue": 112868
        },
        "2012-10": {
            "month": "2012-10",
            "price": "11.78",
            "revenue": 109335
        },
        "2012-11": {
            "month": "2012-11",
            "price": "10.55",
            "revenue": 112741
        },
        "2012-12": {
            "month": "2012-12",
            "price": "11.97",
            "revenue": 100507
        },
        "2013-01": {
            "month": "2013-01",
            "price": "12.62",
            "revenue": 135968
        },
        "2013-02": {
            "month": "2013-02",
            "price": "13.22",
            "revenue": 85427
        },
        "2013-03": {
            "month": "2013-03",
            "price": "15.84",
            "revenue": 117791
        },
        "2013-04": {
            "month": "2013-04",
            "price": "14.21",
            "revenue": 133879
        },
        "2013-05": {
            "month": "2013-05",
            "price": "14.53",
            "revenue": 149744
        },
        "2013-06": {
            "month": "2013-06",
            "price": "13.30",
            "revenue": 130347
        },
        "2013-07": {
            "month": "2013-07",
            "price": "13.00",
            "revenue": 143331
        },
        "2013-08": {
            "month": "2013-08",
            "price": "13.35",
            "revenue": 141428
        },
        "2013-09": {
            "month": "2013-09",
            "price": "12.77",
            "revenue": 136496
        },
        "2013-10": {
            "month": "2013-10",
            "price": "12.54",
            "revenue": 136398
        },
        "2013-11": {
            "month": "2013-11",
            "price": "12.70",
            "revenue": 127482
        },
        "2013-12": {
            "month": "2013-12",
            "price": "12.95",
            "revenue": 128544
        },
        "2014-01": {
            "month": "2014-01",
            "price": "14.71",
            "revenue": 155531
        },
        "2014-02": {
            "month": "2014-02",
            "price": "15.22",
            "revenue": 115779
        },
        "2014-03": {
            "month": "2014-03",
            "price": "13.83",
            "revenue": 142972
        },
        "2014-04": {
            "month": "2014-04",
            "price": "13.00",
            "revenue": 170280
        },
        "2014-05": {
            "month": "2014-05",
            "price": "18.40",
            "revenue": 156588
        },
        "2014-06": {
            "month": "2014-06",
            "price": "20.84",
            "revenue": 156173
        },
        "2014-07": {
            "month": "2014-07",
            "price": "19.94",
            "revenue": 165164
        },
        "2014-08": {
            "month": "2014-08",
            "price": "17.08",
            "revenue": 157675
        },
        "2014-09": {
            "month": "2014-09",
            "price": "16.08",
            "revenue": 156189
        },
        "2014-10": {
            "month": "2014-10",
            "price": "14.87",
            "revenue": 149686
        },
        "2014-11": {
            "month": "2014-11",
            "price": "15.15",
            "revenue": 146594
        },
        "2014-12": {
            "month": "2014-12",
            "price": "16.19",
            "revenue": 135324
        },
        "2015-01": {
            "month": "2015-01",
            "price": "19.08",
            "revenue": 158092
        },
        "2015-02": {
            "month": "2015-02",
            "price": "18.02",
            "revenue": 114436
        },
        "2015-03": {
            "month": "2015-03",
            "price": "18.56",
            "revenue": 145307
        },
        "2015-04": {
            "month": "2015-04",
            "price": "17.87",
            "revenue": 150610
        },
        "2015-05": {
            "month": "2015-05",
            "price": "14.70",
            "revenue": 150257
        },
        "2015-06": {
            "month": "2015-06",
            "price": "12.94",
            "revenue": 160603
        },
        "2015-07": {
            "month": "2015-07",
            "price": "11.82",
            "revenue": 160322
        },
        "2015-08": {
            "month": "2015-08",
            "price": "9.68",
            "revenue": 160408
        },
        "2015-09": {
            "month": "2015-09",
            "price": "10.15",
            "revenue": 178070
        },
        "2015-10": {
            "month": "2015-10",
            "price": "11.62",
            "revenue": 170760
        },
        "2015-11": {
            "month": "2015-11",
            "price": "13.33",
            "revenue": 163287
        },
        "2015-12": {
            "month": "2015-12",
            "price": "12.47",
            "revenue": 155905
        },
        "2016-01": {
            "month": "2016-01",
            "price": "12.00",
            "revenue": 168186
        },
        "2016-02": {
            "month": "2016-02",
            "price": "12.62",
            "revenue": 125293
        },
        "2016-03": {
            "month": "2016-03",
            "price": "14.29",
            "revenue": 174995
        },
        "2016-04": {
            "month": "2016-04",
            "price": "13.77",
            "revenue": 167562
        },
        "2016-05": {
            "month": "2016-05",
            "price": "13.65",
            "revenue": 173198
        },
        "2016-06": {
            "month": "2016-06",
            "price": "15.51",
            "revenue": 179186
        },
        "2016-07": {
            "month": "2016-07",
            "price": "18.84",
            "revenue": 179550
        },
        "2016-08": {
            "month": "2016-08",
            "price": "23.34",
            "revenue": 180136
        },
        "2016-09": {
            "month": "2016-09",
            "price": "23.04",
            "revenue": 166376
        },
        "2016-10": {
            "month": "2016-10",
            "price": "24.67",
            "revenue": 160342
        },
        "2016-11": {
            "month": "2016-11",
            "price": "22.21",
            "revenue": 169901
        },
        "2016-12": {
            "month": "2016-12",
            "price": "22.47",
            "revenue": 159205
        },
        "2017-01": {
            "month": "2017-01",
            "price": "21.76",
            "revenue": 170713
        },
        "2017-02": {
            "month": "2017-02",
            "price": "25.33",
            "revenue": 152882
        },
        "2017-03": {
            "month": "2017-03",
            "price": "29.68",
            "revenue": 190449
        },
        "2017-04": {
            "month": "2017-04",
            "price": "30.57",
            "revenue": 174332
        },
        "2017-05": {
            "month": "2017-05",
            "price": "30.29",
            "revenue": 203001
        },
        "2017-06": {
            "month": "2017-06",
            "price": "35.22",
            "revenue": 206031
        },
        "2017-07": {
            "month": "2017-07",
            "price": "35.83",
            "revenue": 220168
        },
        "2017-08": {
            "month": "2017-08",
            "price": "37.75",
            "revenue": 227475
        },
        "2017-09": {
            "month": "2017-09",
            "price": "39.52",
            "revenue": 219024
        },
        "2017-10": {
            "month": "2017-10",
            "price": "40.57",
            "revenue": 216057
        },
        "2017-11": {
            "month": "2017-11",
            "price": "43.01",
            "revenue": 236122
        },
        "2017-12": {
            "month": "2017-12",
            "price": "44.06",
            "revenue": 217153
        },
        "2018-01": {
            "month": "2018-01",
            "price": "47.68",
            "revenue": 251575
        },
        "2018-02": {
            "month": "2018-02",
            "price": "46.42",
            "revenue": 192263
        },
        "2018-03": {
            "month": "2018-03",
            "price": "49.13",
            "revenue": 240109
        },
        "2018-04": {
            "month": "2018-04",
            "price": "53.54",
            "revenue": 228011
        },
        "2018-05": {
            "month": "2018-05",
            "price": "53.18",
            "revenue": 218834
        },
        "2018-06": {
            "month": "2018-06",
            "price": "62.15",
            "revenue": 218208
        },
        "2018-07": {
            "month": "2018-07",
            "price": "55.95",
            "revenue": 226681
        },
        "2018-08": {
            "month": "2018-08",
            "price": "44.69",
            "revenue": 218929
        },
        "2018-09": {
            "month": "2018-09",
            "price": "31.63",
            "revenue": 197319
        },
        "2018-10": {
            "month": "2018-10",
            "price": "23.62",
            "revenue": 175558
        },
        "2018-11": {
            "month": "2018-11",
            "price": "22.08",
            "revenue": 177539
        },
        "2018-12": {
            "month": "2018-12",
            "price": "25.27",
            "revenue": 158024
        },
        "2019-01": {
            "month": "2019-01",
            "price": "23.55",
            "revenue": 203775
        },
        "2019-02": {
            "month": "2019-02",
            "price": "25.48",
            "revenue": 124124
        },
        "2019-03": {
            "month": "2019-03",
            "price": "25.51",
            "revenue": 167068
        },
        "2019-04": {
            "month": "2019-04",
            "price": "24.99",
            "revenue": 172291
        },
        "2019-05": {
            "month": "2019-05",
            "price": "21.44",
            "revenue": 153939
        },
        "2019-06": {
            "month": "2019-06",
            "price": "21.03",
            "revenue": 141352
        },
        "2019-07": {
            "month": "2019-07",
            "price": "21.97",
            "revenue": 141866
        },
        "2019-08": {
            "month": "2019-08",
            "price": "21.89",
            "revenue": 146205
        },
        "2019-09": {
            "month": "2019-09",
            "price": "21.70",
            "revenue": 145428
        },
        "2019-10": {
            "month": "2019-10",
            "price": "22.23",
            "revenue": 145654
        },
        "2019-11": {
            "month": "2019-11",
            "price": "20.70",
            "revenue": 142820
        },
        "2019-12": {
            "month": "2019-12",
            "price": "21.30",
            "revenue": 132176
        },
        "2020-01": {
            "month": "2020-01",
            "price": "20.80",
            "revenue": 146266
        },
        "2020-02": {
            "month": "2020-02",
            "price": "19.71",
            "revenue": 82078
        },
        "2020-03": {
            "month": "2020-03",
            "price": "15.52",
            "revenue": 125623
        },
        "2020-04": {
            "month": "2020-04",
            "price": "15.84",
            "revenue": 169827
        },
        "2020-05": {
            "month": "2020-05",
            "price": "16.82",
            "revenue": 184492
        },
        "2020-06": {
            "month": "2020-06",
            "price": "18.31",
            "revenue": 184454
        },
        "2020-07": {
            "month": "2020-07",
            "price": "19.74",
            "revenue": 212350
        },
        "2020-08": {
            "month": "2020-08",
            "price": "22.25",
            "revenue": 197962
        },
        "2020-09": {
            "month": "2020-09",
            "price": "22.04",
            "revenue": 203828
        },
        "2020-10": {
            "month": "2020-10",
            "price": "21.05",
            "revenue": 176520
        },
        "2020-11": {
            "month": "2020-11",
            "price": "22.06",
            "revenue": 177101
        },
        "2020-12": {
            "month": "2020-12",
            "price": "25.34",
            "revenue": 162460
        },
        "2021-01": {
            "month": "2021-01",
            "price": "26.09",
            "revenue": 200198
        },
        "2021-02": {
            "month": "2021-02",
            "price": "25.22",
            "revenue": 146252
        },
        "2021-03": {
            "month": "2021-03",
            "price": "26.71",
            "revenue": 208037
        },
        "2021-04": {
            "month": "2021-04",
            "price": "32.57",
            "revenue": 194996
        },
        "2021-05": {
            "month": "2021-05",
            "price": "26.99",
            "revenue": 203556
        },
        "2021-06": {
            "month": "2021-06",
            "price": "26.32",
            "revenue": 217442
        },
        "2021-07": {
            "month": "2021-07",
            "price": "29.24",
            "revenue": 201510
        },
        "2021-08": {
            "month": "2021-08",
            "price": "26.65",
            "revenue": 218977
        },
        "2021-09": {
            "month": "2021-09",
            "price": "23.78",
            "revenue": 227313
        },
        "2021-10": {
            "month": "2021-10",
            "price": "22.60",
            "revenue": 220426
        },
        "2021-11": {
            "month": "2021-11",
            "price": "25.93",
            "revenue": 219556
        },
        "2021-12": {
            "month": "2021-12",
            "price": "25.19",
            "revenue": 219038
        },
        "2022-01": {
            "month": "2022-01",
            "price": "24.59",
            "revenue": 251662
        },
        "2022-02": {
            "month": "2022-02",
            "price": "24.43",
            "revenue": 180996
        },
        "2022-03": {
            "month": "2022-03",
            "price": "23.30",
            "revenue": 275251
        },
        "2022-04": {
            "month": "2022-04",
            "price": "23.14",
            "revenue": 235016
        },
        "2022-05": {
            "month": "2022-05",
            "price": "21.83",
            "revenue": 216827
        },
        "2022-06": {
            "month": "2022-06",
            "price": "21.13",
            "revenue": 305998
        },
        "2022-07": {
            "month": "2022-07",
            "price": "20.02",
            "revenue": 281665
        },
        "2022-08": {
            "month": "2022-08",
            "price": "22.93",
            "revenue": 278249
        },
        "2022-09": {
            "month": "2022-09",
            "price": "22.49",
            "revenue": 264367
        },
        "2022-10": {
            "month": "2022-10",
            "price": "22.48",
            "revenue": 253974
        },
        "2022-11": {
            "month": "2022-11",
            "price": "24.47",
            "revenue": 262822
        },
        "2022-12": {
            "month": "2022-12",
            "price": "25.18",
            "revenue": 226266
        },
        "2023-01": {
            "month": "2023-01",
            "price": "23.60",
            "revenue": 211059
        },
        "2023-02": {
            "month": "2023-02",
            "price": "25.00",
            "revenue": 191530
        },
        "2023-03": {
            "month": "2023-03",
            "price": "29.08",
            "revenue": 226492
        },
        "2023-04": {
            "month": "2023-04",
            "price": "29.81",
            "revenue": 168649
        },
        "2023-05": {
            "month": "2023-05",
            "price": "28.88",
            "revenue": 159517
        }
    }
}
