{
    "summary": {
        "stock_name": "海灣",
        "stock_id": "3252",
        "category": "觀光餐旅",
        "main_business": "J901020一般旅館業<br>H701010住宅及大樓開發租賃業<br>H703090不動產買賣業",
        "website_url": "http://www.haiwan.tw",
        "ceo": "劉至誠",
        "pe_ratio": -78,
        "report_year_from": 2001,
        "report_year_to": 2023,
        "age": 23,
        "eps_negative_percentage": 38,
        "eps_growth_avg": {
            "last_all": -33.69,
            "last_2y": -13.12,
            "last_4y": -42.08,
            "last_8y": -25.25,
            "last_12y": -21.46,
            "last_16y": -29.31,
            "last_20y": null,
            "at_2006_last_3y": null,
            "at_2007_last_3y": -70.39,
            "at_2008_last_3y": -100,
            "at_2009_last_3y": -100,
            "at_2010_last_3y": -100,
            "at_2011_last_3y": -76.36,
            "at_2012_last_3y": -34.34,
            "at_2013_last_3y": -55.63,
            "at_2014_last_3y": -16.72,
            "at_2015_last_3y": 27.37,
            "at_2016_last_3y": 0.45,
            "at_2017_last_3y": 33.33,
            "at_2018_last_3y": 0,
            "at_2019_last_3y": -100,
            "at_2020_last_3y": -100,
            "at_2021_last_3y": -100,
            "at_2022_last_3y": -94.37,
            "at_2023_last_3y": -13.12,
            "at_2024_last_3y": -13.12,
            "at_2006_last_all": -55.58,
            "at_2007_last_all": -70.39,
            "at_2008_last_all": -70.39,
            "at_2009_last_all": -70.39,
            "at_2010_last_all": -70.39,
            "at_2011_last_all": -71.88,
            "at_2012_last_all": -55.97,
            "at_2013_last_all": -63.01,
            "at_2014_last_all": -39.72,
            "at_2015_last_all": -22.26,
            "at_2016_last_all": -30.89,
            "at_2017_last_all": -30.89,
            "at_2018_last_all": -30.89,
            "at_2019_last_all": -37.8,
            "at_2020_last_all": -37.8,
            "at_2021_last_all": -37.8,
            "at_2022_last_all": -42.43,
            "at_2023_last_all": -33.69,
            "at_2024_last_all": -33.69
        },
        "latest_eps": -0.27,
        "latest_price": 20.95,
        "latest_roe": -0.23,
        "latest_gross_margin": 34,
        "latest_equity": 2004778,
        "latest_revenue": 134655,
        "latest_gross_profit": 45782,
        "latest_net_income": 4989,
        "latest_debt_ratio": 49.25,
        "latest_current_ratio": 113.9,
        "latest_account_receivable_turnover_ratio": 4.9,
        "latest_inventory_turnover_ratio": 0.28,
        "latest_reinvestment_rate": null,
        "latest_research_to_sale_ratio": null
    },
    "eps_dividends": {
        "2001": {
            "cash": 0,
            "stock": 0,
            "eps": 0
        },
        "2002": {
            "cash": 0,
            "stock": 0,
            "eps": 0
        },
        "2003": {
            "cash": 0,
            "stock": 10,
            "eps": 4.66
        },
        "2004": {
            "cash": 1.6,
            "stock": 1.6,
            "eps": 4.14
        },
        "2005": {
            "cash": 1.26,
            "stock": 1.01,
            "eps": -0.84
        },
        "2006": {
            "cash": 0,
            "stock": 0,
            "eps": 0.32
        },
        "2007": {
            "cash": 0,
            "stock": 0,
            "eps": -9.82
        },
        "2008": {
            "cash": 0,
            "stock": 0,
            "eps": -4.77
        },
        "2009": {
            "cash": 0,
            "stock": 0,
            "eps": -1.04
        },
        "2010": {
            "cash": 0,
            "stock": 0,
            "eps": 2.2
        },
        "2011": {
            "cash": 0,
            "stock": 0,
            "eps": 0.52
        },
        "2012": {
            "cash": 0,
            "stock": 0,
            "eps": 0.56
        },
        "2013": {
            "cash": 0,
            "stock": 0,
            "eps": 0.01
        },
        "2014": {
            "cash": 0,
            "stock": 0,
            "eps": 0.17
        },
        "2015": {
            "cash": 0,
            "stock": 0,
            "eps": 14.16
        },
        "2016": {
            "cash": 0,
            "stock": 0,
            "eps": -0.58
        },
        "2017": {
            "cash": 0,
            "stock": 0,
            "eps": -1.93
        },
        "2018": {
            "cash": 0,
            "stock": 0,
            "eps": 2.7
        },
        "2019": {
            "cash": 0.5,
            "stock": 0,
            "eps": -0.98
        },
        "2020": {
            "cash": 0,
            "stock": 0,
            "eps": -1.83
        },
        "2021": {
            "cash": 0,
            "stock": 0,
            "eps": 0.71
        },
        "2022": {
            "cash": 0.5,
            "stock": 0,
            "eps": 0.08
        },
        "2023": {
            "cash": 0,
            "stock": 0,
            "eps": 0.13
        }
    },
    "dividends": {
        "2003-06-16": {
            "cash": 0,
            "stock": 10
        },
        "2004-04-02": {
            "cash": 1.6,
            "stock": 1.6
        },
        "2005-06-14": {
            "cash": 1.26,
            "stock": 1.01
        },
        "2019-12-20": {
            "cash": 0.5,
            "stock": 0
        },
        "2022-08-31": {
            "cash": 0.5,
            "stock": 0
        }
    },
    "prices": {
        "200101": "無",
        "200102": "無",
        "200103": "無",
        "200104": "無",
        "200105": "無",
        "200106": "無",
        "200107": "無",
        "200108": "無",
        "200109": "無",
        "200110": "無",
        "200111": "無",
        "200112": "無",
        "200201": "無",
        "200202": "無",
        "200203": "無",
        "200204": "無",
        "200205": "無",
        "200206": "無",
        "200207": "無",
        "200208": "無",
        "200209": "無",
        "200210": "無",
        "200211": "無",
        "200212": "無",
        "200301": "無",
        "200302": "無",
        "200303": "無",
        "200304": "無",
        "200305": "無",
        "200306": "無",
        "200307": "無",
        "200308": "無",
        "200309": "無",
        "200310": "無",
        "200311": "無",
        "200312": "無",
        "200401": "48.74",
        "200402": "44.74",
        "200403": "45.93",
        "200404": "48.30",
        "200405": "42.43",
        "200406": "40.35",
        "200407": "無",
        "200408": "37.07",
        "200409": "34.82",
        "200410": "34.31",
        "200411": "26.78",
        "200412": "25.85",
        "200501": "25.19",
        "200502": "28.38",
        "200503": "31.08",
        "200504": "25.97",
        "200505": "23.21",
        "200506": "22.22",
        "200507": "24.11",
        "200508": "20.33",
        "200509": "15.98",
        "200510": "11.56",
        "200511": "11.20",
        "200512": "13.08",
        "200601": "13.74",
        "200602": "13.53",
        "200603": "13.27",
        "200604": "16.06",
        "200605": "15.27",
        "200606": "14.88",
        "200607": "13.93",
        "200608": "13.25",
        "200609": "14.90",
        "200610": "15.19",
        "200611": "14.52",
        "200612": "17.44",
        "200701": "17.10",
        "200702": "14.95",
        "200703": "15.92",
        "200704": "16.22",
        "200705": "14.21",
        "200706": "16.86",
        "200707": "21.19",
        "200708": "22.83",
        "200709": "20.64",
        "200710": "16.99",
        "200711": "11.86",
        "200712": "11.24",
        "200801": "10.86",
        "200802": "10.14",
        "200803": "10.29",
        "200804": "8.57",
        "200805": "3.66",
        "200806": "1.92",
        "200807": "1.72",
        "200808": "1.70",
        "200809": "0.81",
        "200810": "0.94",
        "200811": "1.25",
        "200812": "2.47",
        "200901": "2.22",
        "200902": "2.00",
        "200903": "1.88",
        "200904": "1.76",
        "200905": "1.57",
        "200906": "1.43",
        "200907": "1.78",
        "200908": "1.42",
        "200909": "2.01",
        "200910": "9.72",
        "200911": "9.65",
        "200912": "6.63",
        "201001": "6.28",
        "201002": "6.04",
        "201003": "7.13",
        "201004": "7.10",
        "201005": "6.78",
        "201006": "6.76",
        "201007": "8.31",
        "201008": "9.47",
        "201009": "9.33",
        "201010": "9.00",
        "201011": "13.04",
        "201012": "14.93",
        "201101": "14.96",
        "201102": "16.62",
        "201103": "15.63",
        "201104": "16.47",
        "201105": "15.32",
        "201106": "18.26",
        "201107": "16.95",
        "201108": "16.29",
        "201109": "14.99",
        "201110": "22.03",
        "201111": "24.23",
        "201112": "22.20",
        "201201": "21.50",
        "201202": "21.12",
        "201203": "20.07",
        "201204": "18.02",
        "201205": "15.95",
        "201206": "16.54",
        "201207": "15.09",
        "201208": "14.50",
        "201209": "17.90",
        "201210": "15.80",
        "201211": "13.53",
        "201212": "13.61",
        "201301": "13.34",
        "201302": "25.24",
        "201303": "23.48",
        "201304": "22.17",
        "201305": "24.96",
        "201306": "24.65",
        "201307": "23.59",
        "201308": "23.61",
        "201309": "25.22",
        "201310": "25.18",
        "201311": "31.64",
        "201312": "42.20",
        "201401": "52.56",
        "201402": "50.47",
        "201403": "46.62",
        "201404": "42.32",
        "201405": "43.61",
        "201406": "39.14",
        "201407": "35.96",
        "201408": "35.48",
        "201409": "36.80",
        "201410": "35.83",
        "201411": "35.42",
        "201412": "34.71",
        "201501": "33.81",
        "201502": "32.93",
        "201503": "30.62",
        "201504": "31.67",
        "201505": "30.05",
        "201506": "28.54",
        "201507": "23.59",
        "201508": "21.22",
        "201509": "22.54",
        "201510": "20.45",
        "201511": "20.57",
        "201512": "18.87",
        "201601": "17.42",
        "201602": "18.40",
        "201603": "18.74",
        "201604": "29.50",
        "201605": "26.01",
        "201606": "25.83",
        "201607": "24.27",
        "201608": "23.68",
        "201609": "21.23",
        "201610": "23.88",
        "201611": "22.58",
        "201612": "23.69",
        "201701": "23.02",
        "201702": "27.26",
        "201703": "29.72",
        "201704": "24.51",
        "201705": "22.70",
        "201706": "21.59",
        "201707": "21.65",
        "201708": "22.05",
        "201709": "21.07",
        "201710": "20.20",
        "201711": "19.76",
        "201712": "19.87",
        "201801": "20.77",
        "201802": "20.44",
        "201803": "20.13",
        "201804": "20.01",
        "201805": "20.11",
        "201806": "21.66",
        "201807": "19.53",
        "201808": "18.26",
        "201809": "16.94",
        "201810": "16.98",
        "201811": "16.96",
        "201812": "17.06",
        "201901": "17.20",
        "201902": "17.45",
        "201903": "19.63",
        "201904": "20.24",
        "201905": "18.08",
        "201906": "17.62",
        "201907": "17.26",
        "201908": "16.80",
        "201909": "16.84",
        "201910": "16.86",
        "201911": "16.93",
        "201912": "16.48",
        "202001": "16.37",
        "202002": "15.40",
        "202003": "13.03",
        "202004": "13.43",
        "202005": "15.42",
        "202006": "16.45",
        "202007": "17.92",
        "202008": "16.57",
        "202009": "16.76",
        "202010": "16.85",
        "202011": "17.23",
        "202012": "17.49",
        "202101": "16.82",
        "202102": "16.71",
        "202103": "18.00",
        "202104": "18.64",
        "202105": "17.46",
        "202106": "17.62",
        "202107": "18.20",
        "202108": "16.20",
        "202109": "17.28",
        "202110": "17.34",
        "202111": "16.87",
        "202112": "16.78",
        "202201": "16.78",
        "202202": "17.02",
        "202203": "16.90",
        "202204": "16.74",
        "202205": "16.57",
        "202206": "22.87",
        "202207": "21.44",
        "202208": "22.62",
        "202209": "20.47",
        "202210": "17.68",
        "202211": "17.02",
        "202212": "18.66",
        "202301": "19.15",
        "202302": "19.37",
        "202303": "19.04",
        "202304": "18.19",
        "202305": "19.53",
        "202306": "24.67",
        "202307": "22.14",
        "202308": "20.41",
        "202309": "20.50",
        "202310": "20.47",
        "202311": "21.66",
        "202312": "21.21"
    },
    "quarters": {
        "20011": {
            "year_quarter": 20011,
            "year": 2001,
            "quarter": 1,
            "eps": null,
            "eps_growth_year": null,
            "eps_4q": null,
            "eps_4q_growth_year": null,
            "roe": null,
            "roe_4q": 0,
            "gross_profit": null,
            "gross_margin": null,
            "gross_margin_4q_avg": 0,
            "net_income": null,
            "net_income_4q": null,
            "revenue": null,
            "revenue_4q": null,
            "common_shares": null,
            "book_valuer_per_share": null,
            "book_valuer_per_share_4q_avg": 0,
            "equity": null,
            "current_ratio": null,
            "debt_ratio": null,
            "inventory_turnover_ratio": null,
            "account_receivable_turnover_ratio": null,
            "reinvestment_rate": null,
            "research_to_sale_ratio": null,
            "price_fair": 0,
            "eps_avg_yearly": 0,
            "eps_latest_yearly": 0,
            "eps_growth_yearly": 0
        },
        "20012": {
            "year_quarter": 20012,
            "year": 2001,
            "quarter": 2,
            "eps": null,
            "eps_growth_year": null,
            "eps_4q": null,
            "eps_4q_growth_year": null,
            "roe": null,
            "roe_4q": 0,
            "gross_profit": null,
            "gross_margin": null,
            "gross_margin_4q_avg": 0,
            "net_income": null,
            "net_income_4q": null,
            "revenue": null,
            "revenue_4q": null,
            "common_shares": null,
            "book_valuer_per_share": null,
            "book_valuer_per_share_4q_avg": 0,
            "equity": null,
            "current_ratio": null,
            "debt_ratio": null,
            "inventory_turnover_ratio": null,
            "account_receivable_turnover_ratio": null,
            "reinvestment_rate": null,
            "research_to_sale_ratio": null,
            "price_fair": 0,
            "eps_avg_yearly": 0,
            "eps_latest_yearly": 0,
            "eps_growth_yearly": 0
        },
        "20013": {
            "year_quarter": 20013,
            "year": 2001,
            "quarter": 3,
            "eps": null,
            "eps_growth_year": null,
            "eps_4q": null,
            "eps_4q_growth_year": null,
            "roe": null,
            "roe_4q": 0,
            "gross_profit": null,
            "gross_margin": null,
            "gross_margin_4q_avg": 0,
            "net_income": null,
            "net_income_4q": null,
            "revenue": null,
            "revenue_4q": null,
            "common_shares": null,
            "book_valuer_per_share": null,
            "book_valuer_per_share_4q_avg": 0,
            "equity": null,
            "current_ratio": null,
            "debt_ratio": null,
            "inventory_turnover_ratio": null,
            "account_receivable_turnover_ratio": null,
            "reinvestment_rate": null,
            "research_to_sale_ratio": null,
            "price_fair": 0,
            "eps_avg_yearly": 0,
            "eps_latest_yearly": 0,
            "eps_growth_yearly": 0
        },
        "20014": {
            "year_quarter": 20014,
            "year": 2001,
            "quarter": 4,
            "eps": null,
            "eps_growth_year": null,
            "eps_4q": null,
            "eps_4q_growth_year": null,
            "roe": null,
            "roe_4q": 0,
            "gross_profit": null,
            "gross_margin": null,
            "gross_margin_4q_avg": 0,
            "net_income": null,
            "net_income_4q": null,
            "revenue": null,
            "revenue_4q": null,
            "common_shares": 181000,
            "book_valuer_per_share": 3.81,
            "book_valuer_per_share_4q_avg": 0.95,
            "equity": 68953,
            "current_ratio": 215.67,
            "debt_ratio": 47.08,
            "inventory_turnover_ratio": null,
            "account_receivable_turnover_ratio": null,
            "reinvestment_rate": null,
            "research_to_sale_ratio": null,
            "price_fair": 0,
            "eps_avg_yearly": 0,
            "eps_latest_yearly": 0,
            "eps_growth_yearly": 0
        },
        "20021": {
            "year_quarter": 20021,
            "year": 2002,
            "quarter": 1,
            "eps": null,
            "eps_growth_year": null,
            "eps_4q": null,
            "eps_4q_growth_year": null,
            "roe": null,
            "roe_4q": 0,
            "gross_profit": null,
            "gross_margin": null,
            "gross_margin_4q_avg": 0,
            "net_income": null,
            "net_income_4q": null,
            "revenue": null,
            "revenue_4q": null,
            "common_shares": null,
            "book_valuer_per_share": null,
            "book_valuer_per_share_4q_avg": 0.95,
            "equity": null,
            "current_ratio": null,
            "debt_ratio": null,
            "inventory_turnover_ratio": null,
            "account_receivable_turnover_ratio": null,
            "reinvestment_rate": null,
            "research_to_sale_ratio": null,
            "price_fair": 0,
            "eps_avg_yearly": 0,
            "eps_latest_yearly": 0,
            "eps_growth_yearly": 0
        },
        "20022": {
            "year_quarter": 20022,
            "year": 2002,
            "quarter": 2,
            "eps": null,
            "eps_growth_year": null,
            "eps_4q": null,
            "eps_4q_growth_year": null,
            "roe": null,
            "roe_4q": 0,
            "gross_profit": null,
            "gross_margin": null,
            "gross_margin_4q_avg": 0,
            "net_income": null,
            "net_income_4q": null,
            "revenue": null,
            "revenue_4q": null,
            "common_shares": null,
            "book_valuer_per_share": null,
            "book_valuer_per_share_4q_avg": 0.95,
            "equity": null,
            "current_ratio": null,
            "debt_ratio": null,
            "inventory_turnover_ratio": null,
            "account_receivable_turnover_ratio": null,
            "reinvestment_rate": null,
            "research_to_sale_ratio": null,
            "price_fair": 0,
            "eps_avg_yearly": 0,
            "eps_latest_yearly": 0,
            "eps_growth_yearly": 0
        },
        "20023": {
            "year_quarter": 20023,
            "year": 2002,
            "quarter": 3,
            "eps": null,
            "eps_growth_year": null,
            "eps_4q": null,
            "eps_4q_growth_year": null,
            "roe": null,
            "roe_4q": 0,
            "gross_profit": null,
            "gross_margin": null,
            "gross_margin_4q_avg": 0,
            "net_income": null,
            "net_income_4q": null,
            "revenue": null,
            "revenue_4q": null,
            "common_shares": null,
            "book_valuer_per_share": null,
            "book_valuer_per_share_4q_avg": 0.95,
            "equity": null,
            "current_ratio": null,
            "debt_ratio": null,
            "inventory_turnover_ratio": null,
            "account_receivable_turnover_ratio": null,
            "reinvestment_rate": null,
            "research_to_sale_ratio": null,
            "price_fair": 0,
            "eps_avg_yearly": 0,
            "eps_latest_yearly": 0,
            "eps_growth_yearly": 0
        },
        "20024": {
            "year_quarter": 20024,
            "year": 2002,
            "quarter": 4,
            "eps": null,
            "eps_growth_year": null,
            "eps_4q": null,
            "eps_4q_growth_year": null,
            "roe": null,
            "roe_4q": 0,
            "gross_profit": null,
            "gross_margin": null,
            "gross_margin_4q_avg": 0,
            "net_income": null,
            "net_income_4q": null,
            "revenue": null,
            "revenue_4q": null,
            "common_shares": 340653,
            "book_valuer_per_share": 11.12,
            "book_valuer_per_share_4q_avg": 2.78,
            "equity": 378898,
            "current_ratio": 459.8,
            "debt_ratio": 21.35,
            "inventory_turnover_ratio": null,
            "account_receivable_turnover_ratio": null,
            "reinvestment_rate": null,
            "research_to_sale_ratio": null,
            "price_fair": 0,
            "eps_avg_yearly": 0,
            "eps_latest_yearly": 0,
            "eps_growth_yearly": 0
        },
        "20031": {
            "year_quarter": 20031,
            "year": 2003,
            "quarter": 1,
            "eps": 1.37,
            "eps_growth_year": null,
            "eps_4q": null,
            "eps_4q_growth_year": null,
            "roe": 11.6,
            "roe_4q": 11.6,
            "gross_profit": 72751,
            "gross_margin": 19.23,
            "gross_margin_4q_avg": 4.81,
            "net_income": 46674,
            "net_income_4q": null,
            "revenue": 378263,
            "revenue_4q": null,
            "common_shares": 340653,
            "book_valuer_per_share": 12.49,
            "book_valuer_per_share_4q_avg": 5.9,
            "equity": 425572,
            "current_ratio": 309.26,
            "debt_ratio": 31.78,
            "inventory_turnover_ratio": 0.93,
            "account_receivable_turnover_ratio": null,
            "reinvestment_rate": null,
            "research_to_sale_ratio": null,
            "price_fair": 0,
            "eps_avg_yearly": 0,
            "eps_latest_yearly": 0,
            "eps_growth_yearly": 0
        },
        "20032": {
            "year_quarter": 20032,
            "year": 2003,
            "quarter": 2,
            "eps": 0.11,
            "eps_growth_year": null,
            "eps_4q": null,
            "eps_4q_growth_year": null,
            "roe": 0.92,
            "roe_4q": 12.52,
            "gross_profit": 17719,
            "gross_margin": 3.42,
            "gross_margin_4q_avg": 5.66,
            "net_income": 3911,
            "net_income_4q": null,
            "revenue": 518185,
            "revenue_4q": null,
            "common_shares": 340653,
            "book_valuer_per_share": 12.58,
            "book_valuer_per_share_4q_avg": 9.05,
            "equity": 428663,
            "current_ratio": 378.3,
            "debt_ratio": 25.97,
            "inventory_turnover_ratio": 1.39,
            "account_receivable_turnover_ratio": null,
            "reinvestment_rate": null,
            "research_to_sale_ratio": null,
            "price_fair": 1.32,
            "eps_avg_yearly": 0.44,
            "eps_latest_yearly": 0.44,
            "eps_growth_yearly": -367.88
        },
        "20033": {
            "year_quarter": 20033,
            "year": 2003,
            "quarter": 3,
            "eps": 2.73,
            "eps_growth_year": null,
            "eps_4q": null,
            "eps_4q_growth_year": null,
            "roe": 20.9,
            "roe_4q": 33.42,
            "gross_profit": 146615,
            "gross_margin": 22.25,
            "gross_margin_4q_avg": 11.23,
            "net_income": 100050,
            "net_income_4q": null,
            "revenue": 658877,
            "revenue_4q": null,
            "common_shares": 367154,
            "book_valuer_per_share": 14.4,
            "book_valuer_per_share_4q_avg": 12.65,
            "equity": 528713,
            "current_ratio": 309.7,
            "debt_ratio": 32.11,
            "inventory_turnover_ratio": 1.09,
            "account_receivable_turnover_ratio": null,
            "reinvestment_rate": null,
            "research_to_sale_ratio": null,
            "price_fair": 198.8,
            "eps_avg_yearly": 5.68,
            "eps_latest_yearly": 10.92,
            "eps_growth_yearly": 4579.69
        },
        "20034": {
            "year_quarter": 20034,
            "year": 2003,
            "quarter": 4,
            "eps": 0.45,
            "eps_growth_year": null,
            "eps_4q": 4.53,
            "eps_4q_growth_year": null,
            "roe": 3.09,
            "roe_4q": 36.51,
            "gross_profit": 65878,
            "gross_margin": 10.99,
            "gross_margin_4q_avg": 13.97,
            "net_income": 16594,
            "net_income_4q": null,
            "revenue": 599310,
            "revenue_4q": null,
            "common_shares": 367154,
            "book_valuer_per_share": 14.85,
            "book_valuer_per_share_4q_avg": 13.58,
            "equity": 545307,
            "current_ratio": 318.1,
            "debt_ratio": 31.18,
            "inventory_turnover_ratio": 0.9,
            "account_receivable_turnover_ratio": null,
            "reinvestment_rate": null,
            "research_to_sale_ratio": null,
            "price_fair": 153.53,
            "eps_avg_yearly": 4.39,
            "eps_latest_yearly": 1.8,
            "eps_growth_yearly": 2941.77
        },
        "20041": {
            "year_quarter": 20041,
            "year": 2004,
            "quarter": 1,
            "eps": 1.26,
            "eps_growth_year": -8.03,
            "eps_4q": 4.55,
            "eps_4q_growth_year": null,
            "roe": 8.13,
            "roe_4q": 33.04,
            "gross_profit": 90805,
            "gross_margin": 15.52,
            "gross_margin_4q_avg": 13.05,
            "net_income": 46213,
            "net_income_4q": null,
            "revenue": 585208,
            "revenue_4q": null,
            "common_shares": 367154,
            "book_valuer_per_share": 16.11,
            "book_valuer_per_share_4q_avg": 14.49,
            "equity": 591520,
            "current_ratio": 280.35,
            "debt_ratio": 35.41,
            "inventory_turnover_ratio": 0.76,
            "account_receivable_turnover_ratio": null,
            "reinvestment_rate": null,
            "research_to_sale_ratio": null,
            "price_fair": 159.25,
            "eps_avg_yearly": 4.55,
            "eps_latest_yearly": 5.04,
            "eps_growth_yearly": 2386.33
        },
        "20042": {
            "year_quarter": 20042,
            "year": 2004,
            "quarter": 2,
            "eps": 1.37,
            "eps_growth_year": 1145.45,
            "eps_4q": 5.8,
            "eps_4q_growth_year": null,
            "roe": 8.6,
            "roe_4q": 40.72,
            "gross_profit": 78970,
            "gross_margin": 10.36,
            "gross_margin_4q_avg": 14.78,
            "net_income": 50326,
            "net_income_4q": null,
            "revenue": 762395,
            "revenue_4q": null,
            "common_shares": 367154,
            "book_valuer_per_share": 15.77,
            "book_valuer_per_share_4q_avg": 15.28,
            "equity": 579185,
            "current_ratio": 192.62,
            "debt_ratio": 50.89,
            "inventory_turnover_ratio": 0.92,
            "account_receivable_turnover_ratio": null,
            "reinvestment_rate": null,
            "research_to_sale_ratio": null,
            "price_fair": 165.76,
            "eps_avg_yearly": 4.74,
            "eps_latest_yearly": 5.48,
            "eps_growth_yearly": 1916.05
        },
        "20043": {
            "year_quarter": 20043,
            "year": 2004,
            "quarter": 3,
            "eps": 0.9,
            "eps_growth_year": -67.03,
            "eps_4q": 3.98,
            "eps_4q_growth_year": null,
            "roe": 5.56,
            "roe_4q": 25.38,
            "gross_profit": 60812,
            "gross_margin": 8.72,
            "gross_margin_4q_avg": 11.4,
            "net_income": 33094,
            "net_income_4q": null,
            "revenue": 697015,
            "revenue_4q": null,
            "common_shares": 367154,
            "book_valuer_per_share": 16.68,
            "book_valuer_per_share_4q_avg": 15.85,
            "equity": 612278,
            "current_ratio": 254.82,
            "debt_ratio": 36.43,
            "inventory_turnover_ratio": 1.01,
            "account_receivable_turnover_ratio": null,
            "reinvestment_rate": null,
            "research_to_sale_ratio": null,
            "price_fair": 159.13,
            "eps_avg_yearly": 4.55,
            "eps_latest_yearly": 3.6,
            "eps_growth_yearly": 1573.84
        },
        "20044": {
            "year_quarter": 20044,
            "year": 2004,
            "quarter": 4,
            "eps": 0.61,
            "eps_growth_year": 35.56,
            "eps_4q": 3.6,
            "eps_4q_growth_year": -20.71,
            "roe": 4.23,
            "roe_4q": 26.520000000000003,
            "gross_profit": 55729,
            "gross_margin": 9.88,
            "gross_margin_4q_avg": 11.12,
            "net_income": 26486,
            "net_income_4q": null,
            "revenue": 563812,
            "revenue_4q": null,
            "common_shares": 435041,
            "book_valuer_per_share": 14.68,
            "book_valuer_per_share_4q_avg": 15.81,
            "equity": 638765,
            "current_ratio": 519.06,
            "debt_ratio": 17.75,
            "inventory_turnover_ratio": 1.14,
            "account_receivable_turnover_ratio": null,
            "reinvestment_rate": null,
            "research_to_sale_ratio": null,
            "price_fair": 148.6,
            "eps_avg_yearly": 4.25,
            "eps_latest_yearly": 2.44,
            "eps_growth_yearly": 1330.59
        },
        "20051": {
            "year_quarter": 20051,
            "year": 2005,
            "quarter": 1,
            "eps": 0.4,
            "eps_growth_year": -68.25,
            "eps_4q": 2.91,
            "eps_4q_growth_year": -36.07,
            "roe": 2.71,
            "roe_4q": 21.1,
            "gross_profit": 45441,
            "gross_margin": 11.54,
            "gross_margin_4q_avg": 10.13,
            "net_income": 17537,
            "net_income_4q": null,
            "revenue": 393600,
            "revenue_4q": null,
            "common_shares": 435041,
            "book_valuer_per_share": 15.09,
            "book_valuer_per_share_4q_avg": 15.56,
            "equity": 656302,
            "current_ratio": 708.33,
            "debt_ratio": 12.96,
            "inventory_turnover_ratio": 0.78,
            "account_receivable_turnover_ratio": null,
            "reinvestment_rate": null,
            "research_to_sale_ratio": null,
            "price_fair": 137.03,
            "eps_avg_yearly": 3.92,
            "eps_latest_yearly": 1.6,
            "eps_growth_yearly": 1147.05
        },
        "20052": {
            "year_quarter": 20052,
            "year": 2005,
            "quarter": 2,
            "eps": -0.43,
            "eps_growth_year": -131.39,
            "eps_4q": 1.35,
            "eps_4q_growth_year": -76.81,
            "roe": -3.02,
            "roe_4q": 9.48,
            "gross_profit": -4224,
            "gross_margin": -1.17,
            "gross_margin_4q_avg": 7.24,
            "net_income": -18575,
            "net_income_4q": null,
            "revenue": 361407,
            "revenue_4q": null,
            "common_shares": 435041,
            "book_valuer_per_share": 13.2,
            "book_valuer_per_share_4q_avg": 14.91,
            "equity": 574289,
            "current_ratio": 374.62,
            "debt_ratio": 22.71,
            "inventory_turnover_ratio": 0.81,
            "account_receivable_turnover_ratio": null,
            "reinvestment_rate": null,
            "research_to_sale_ratio": null,
            "price_fair": 137.03,
            "eps_avg_yearly": 3.92,
            "eps_latest_yearly": 1.6,
            "eps_growth_yearly": 1147.05
        },
        "20053": {
            "year_quarter": 20053,
            "year": 2005,
            "quarter": 3,
            "eps": -0.26,
            "eps_growth_year": -128.89,
            "eps_4q": 0.33,
            "eps_4q_growth_year": -91.72,
            "roe": -1.97,
            "roe_4q": 1.9500000000000002,
            "gross_profit": -600,
            "gross_margin": -0.16,
            "gross_margin_4q_avg": 5.02,
            "net_income": -11115,
            "net_income_4q": null,
            "revenue": 387147,
            "revenue_4q": null,
            "common_shares": 435041,
            "book_valuer_per_share": 12.78,
            "book_valuer_per_share_4q_avg": 13.94,
            "equity": 555924,
            "current_ratio": 283.32,
            "debt_ratio": 30.46,
            "inventory_turnover_ratio": 0.84,
            "account_receivable_turnover_ratio": null,
            "reinvestment_rate": null,
            "research_to_sale_ratio": null,
            "price_fair": 137.03,
            "eps_avg_yearly": 3.92,
            "eps_latest_yearly": 1.6,
            "eps_growth_yearly": 1147.05
        },
        "20054": {
            "year_quarter": 20054,
            "year": 2005,
            "quarter": 4,
            "eps": -0.55,
            "eps_growth_year": -190.16,
            "eps_4q": -0.36,
            "eps_4q_growth_year": -110.02,
            "roe": -4.54,
            "roe_4q": -6.819999999999999,
            "gross_profit": -8480,
            "gross_margin": -1.5,
            "gross_margin_4q_avg": 2.18,
            "net_income": -26535,
            "net_income_4q": null,
            "revenue": 563513,
            "revenue_4q": null,
            "common_shares": 490095,
            "book_valuer_per_share": 10.51,
            "book_valuer_per_share_4q_avg": 12.9,
            "equity": 613542,
            "current_ratio": 270.51,
            "debt_ratio": 28.98,
            "inventory_turnover_ratio": 1.12,
            "account_receivable_turnover_ratio": null,
            "reinvestment_rate": null,
            "research_to_sale_ratio": null,
            "price_fair": 137.03,
            "eps_avg_yearly": 3.92,
            "eps_latest_yearly": 1.6,
            "eps_growth_yearly": 1147.05
        },
        "20061": {
            "year_quarter": 20061,
            "year": 2006,
            "quarter": 1,
            "eps": 0.08,
            "eps_growth_year": -80,
            "eps_4q": -1.08,
            "eps_4q_growth_year": -137.05,
            "roe": 0.68,
            "roe_4q": -8.85,
            "gross_profit": 22636,
            "gross_margin": 4.28,
            "gross_margin_4q_avg": 0.36,
            "net_income": 3888,
            "net_income_4q": null,
            "revenue": 528654,
            "revenue_4q": null,
            "common_shares": 493746,
            "book_valuer_per_share": 10.57,
            "book_valuer_per_share_4q_avg": 11.77,
            "equity": 521879,
            "current_ratio": 259.78,
            "debt_ratio": 33.61,
            "inventory_turnover_ratio": 1.02,
            "account_receivable_turnover_ratio": null,
            "reinvestment_rate": null,
            "research_to_sale_ratio": null,
            "price_fair": 137.03,
            "eps_avg_yearly": 3.92,
            "eps_latest_yearly": 1.6,
            "eps_growth_yearly": 1147.05
        },
        "20062": {
            "year_quarter": 20062,
            "year": 2006,
            "quarter": 2,
            "eps": 0.15,
            "eps_growth_year": null,
            "eps_4q": -0.55,
            "eps_4q_growth_year": -140.83,
            "roe": 1.38,
            "roe_4q": -4.45,
            "gross_profit": 28896,
            "gross_margin": 5.64,
            "gross_margin_4q_avg": 2.07,
            "net_income": 7241,
            "net_income_4q": null,
            "revenue": 512202,
            "revenue_4q": null,
            "common_shares": 494176,
            "book_valuer_per_share": 10.71,
            "book_valuer_per_share_4q_avg": 11.14,
            "equity": 529411,
            "current_ratio": 238.05,
            "debt_ratio": 37.39,
            "inventory_turnover_ratio": 0.98,
            "account_receivable_turnover_ratio": null,
            "reinvestment_rate": null,
            "research_to_sale_ratio": null,
            "price_fair": 124.13,
            "eps_avg_yearly": 3.55,
            "eps_latest_yearly": 0.6,
            "eps_growth_yearly": 1058.49
        },
        "20063": {
            "year_quarter": 20063,
            "year": 2006,
            "quarter": 3,
            "eps": 0.13,
            "eps_growth_year": null,
            "eps_4q": -0.18,
            "eps_4q_growth_year": -156.12,
            "roe": 1.04,
            "roe_4q": -1.44,
            "gross_profit": 26690,
            "gross_margin": 4.83,
            "gross_margin_4q_avg": 3.31,
            "net_income": 6360,
            "net_income_4q": null,
            "revenue": 552959,
            "revenue_4q": null,
            "common_shares": 634176,
            "book_valuer_per_share": 10.9,
            "book_valuer_per_share_4q_avg": 10.67,
            "equity": 691196,
            "current_ratio": 213.41,
            "debt_ratio": 43.43,
            "inventory_turnover_ratio": 0.83,
            "account_receivable_turnover_ratio": null,
            "reinvestment_rate": null,
            "research_to_sale_ratio": null,
            "price_fair": 113.54,
            "eps_avg_yearly": 3.24,
            "eps_latest_yearly": 0.52,
            "eps_growth_yearly": 947.31
        },
        "20064": {
            "year_quarter": 20064,
            "year": 2006,
            "quarter": 4,
            "eps": -0.04,
            "eps_growth_year": null,
            "eps_4q": 0.24,
            "eps_4q_growth_year": null,
            "roe": -0.32,
            "roe_4q": 2.78,
            "gross_profit": 61669,
            "gross_margin": 6.22,
            "gross_margin_4q_avg": 5.24,
            "net_income": -2325,
            "net_income_4q": null,
            "revenue": 991781,
            "revenue_4q": null,
            "common_shares": 634755,
            "book_valuer_per_share": 11.02,
            "book_valuer_per_share_4q_avg": 10.8,
            "equity": 764473,
            "current_ratio": 185.18,
            "debt_ratio": 47.26,
            "inventory_turnover_ratio": 1.19,
            "account_receivable_turnover_ratio": null,
            "reinvestment_rate": 55.75,
            "research_to_sale_ratio": null,
            "price_fair": 113.54,
            "eps_avg_yearly": 3.24,
            "eps_latest_yearly": 0.52,
            "eps_growth_yearly": 947.31
        },
        "20071": {
            "year_quarter": 20071,
            "year": 2007,
            "quarter": 1,
            "eps": -0.76,
            "eps_growth_year": -1050,
            "eps_4q": -0.59,
            "eps_4q_growth_year": null,
            "roe": -5.84,
            "roe_4q": -3.74,
            "gross_profit": -19750,
            "gross_margin": -2.62,
            "gross_margin_4q_avg": 3.52,
            "net_income": -49554,
            "net_income_4q": null,
            "revenue": 752672,
            "revenue_4q": null,
            "common_shares": 837676,
            "book_valuer_per_share": 11.12,
            "book_valuer_per_share_4q_avg": 10.94,
            "equity": 931385,
            "current_ratio": 391.7,
            "debt_ratio": 32.22,
            "inventory_turnover_ratio": 1.06,
            "account_receivable_turnover_ratio": null,
            "reinvestment_rate": -1.21,
            "research_to_sale_ratio": null,
            "price_fair": 113.54,
            "eps_avg_yearly": 3.24,
            "eps_latest_yearly": 0.52,
            "eps_growth_yearly": 947.31
        },
        "20072": {
            "year_quarter": 20072,
            "year": 2007,
            "quarter": 2,
            "eps": -0.96,
            "eps_growth_year": -740,
            "eps_4q": -1.28,
            "eps_4q_growth_year": null,
            "roe": -6.92,
            "roe_4q": -12.04,
            "gross_profit": -23007,
            "gross_margin": -3.49,
            "gross_margin_4q_avg": 1.24,
            "net_income": -62190,
            "net_income_4q": null,
            "revenue": 660010,
            "revenue_4q": null,
            "common_shares": 843295,
            "book_valuer_per_share": 10.28,
            "book_valuer_per_share_4q_avg": 10.83,
            "equity": 867276,
            "current_ratio": 291.87,
            "debt_ratio": 39.99,
            "inventory_turnover_ratio": 1.05,
            "account_receivable_turnover_ratio": null,
            "reinvestment_rate": -3.09,
            "research_to_sale_ratio": null,
            "price_fair": 124.44,
            "eps_avg_yearly": 3.56,
            "eps_latest_yearly": 0.52,
            "eps_growth_yearly": 1093.44
        },
        "20073": {
            "year_quarter": 20073,
            "year": 2007,
            "quarter": 3,
            "eps": -0.47,
            "eps_growth_year": -461.54,
            "eps_4q": -1.74,
            "eps_4q_growth_year": null,
            "roe": -4.23,
            "roe_4q": -17.310000000000002,
            "gross_profit": -8814,
            "gross_margin": -1.39,
            "gross_margin_4q_avg": -0.32,
            "net_income": -36825,
            "net_income_4q": null,
            "revenue": 633483,
            "revenue_4q": null,
            "common_shares": 866819,
            "book_valuer_per_share": 10.07,
            "book_valuer_per_share_4q_avg": 10.62,
            "equity": 873092,
            "current_ratio": 275.47,
            "debt_ratio": 38.63,
            "inventory_turnover_ratio": 1.01,
            "account_receivable_turnover_ratio": null,
            "reinvestment_rate": 177.58,
            "research_to_sale_ratio": null,
            "price_fair": 92.23,
            "eps_avg_yearly": 2.64,
            "eps_latest_yearly": 0.52,
            "eps_growth_yearly": 39.21
        },
        "20074": {
            "year_quarter": 20074,
            "year": 2007,
            "quarter": 4,
            "eps": -7.63,
            "eps_growth_year": null,
            "eps_4q": -9.08,
            "eps_4q_growth_year": -3951.28,
            "roe": -107.23,
            "roe_4q": -124.22000000000001,
            "gross_profit": -172233,
            "gross_margin": -89.66,
            "gross_margin_4q_avg": -24.29,
            "net_income": -613475,
            "net_income_4q": null,
            "revenue": 192087,
            "revenue_4q": null,
            "common_shares": 878086,
            "book_valuer_per_share": 3.09,
            "book_valuer_per_share_4q_avg": 8.64,
            "equity": 271180,
            "current_ratio": 154.54,
            "debt_ratio": 65.17,
            "inventory_turnover_ratio": 0.7,
            "account_receivable_turnover_ratio": null,
            "reinvestment_rate": null,
            "research_to_sale_ratio": null,
            "price_fair": 96.4,
            "eps_avg_yearly": 2.75,
            "eps_latest_yearly": 0.52,
            "eps_growth_yearly": 92.54
        },
        "20081": {
            "year_quarter": 20081,
            "year": 2008,
            "quarter": 1,
            "eps": -0.64,
            "eps_growth_year": null,
            "eps_4q": -8.74,
            "eps_4q_growth_year": null,
            "roe": -23.07,
            "roe_4q": -141.45,
            "gross_profit": -19004,
            "gross_margin": -6.79,
            "gross_margin_4q_avg": -25.33,
            "net_income": -56265,
            "net_income_4q": null,
            "revenue": 279802,
            "revenue_4q": null,
            "common_shares": 878086,
            "book_valuer_per_share": 2.47,
            "book_valuer_per_share_4q_avg": 6.48,
            "equity": 216643,
            "current_ratio": 157,
            "debt_ratio": 66.5,
            "inventory_turnover_ratio": 0.82,
            "account_receivable_turnover_ratio": null,
            "reinvestment_rate": null,
            "research_to_sale_ratio": null,
            "price_fair": 7.12,
            "eps_avg_yearly": 2.37,
            "eps_latest_yearly": 0.52,
            "eps_growth_yearly": -12.04
        },
        "20082": {
            "year_quarter": 20082,
            "year": 2008,
            "quarter": 2,
            "eps": -2.51,
            "eps_growth_year": null,
            "eps_4q": -5.87,
            "eps_4q_growth_year": null,
            "roe": -149.71,
            "roe_4q": -284.24,
            "gross_profit": -70648,
            "gross_margin": -31.4,
            "gross_margin_4q_avg": -32.31,
            "net_income": -220137,
            "net_income_4q": null,
            "revenue": 225025,
            "revenue_4q": null,
            "common_shares": 1578621,
            "book_valuer_per_share": 0.49,
            "book_valuer_per_share_4q_avg": 4.03,
            "equity": 77439,
            "current_ratio": 135.52,
            "debt_ratio": 78.69,
            "inventory_turnover_ratio": 1.31,
            "account_receivable_turnover_ratio": null,
            "reinvestment_rate": null,
            "research_to_sale_ratio": null,
            "price_fair": 5.26,
            "eps_avg_yearly": 1.75,
            "eps_latest_yearly": 0.52,
            "eps_growth_yearly": -21.43
        },
        "20083": {
            "year_quarter": 20083,
            "year": 2008,
            "quarter": 3,
            "eps": -0.96,
            "eps_growth_year": null,
            "eps_4q": -9.9,
            "eps_4q_growth_year": null,
            "roe": -152.63,
            "roe_4q": -432.64000000000004,
            "gross_profit": -64628,
            "gross_margin": -58.63,
            "gross_margin_4q_avg": -46.62,
            "net_income": -65339,
            "net_income_4q": null,
            "revenue": 110238,
            "revenue_4q": null,
            "common_shares": 965285,
            "book_valuer_per_share": 0.08,
            "book_valuer_per_share_4q_avg": 1.53,
            "equity": 8178,
            "current_ratio": 106.13,
            "debt_ratio": 96.54,
            "inventory_turnover_ratio": 1.97,
            "account_receivable_turnover_ratio": null,
            "reinvestment_rate": null,
            "research_to_sale_ratio": null,
            "price_fair": 22.6,
            "eps_avg_yearly": 1.29,
            "eps_latest_yearly": 0.52,
            "eps_growth_yearly": 7.52
        },
        "20084": {
            "year_quarter": 20084,
            "year": 2008,
            "quarter": 4,
            "eps": -0.66,
            "eps_growth_year": null,
            "eps_4q": -5.21,
            "eps_4q_growth_year": null,
            "roe": -458.36,
            "roe_4q": -783.7700000000001,
            "gross_profit": -81014,
            "gross_margin": -152.02,
            "gross_margin_4q_avg": -62.21,
            "net_income": -49572,
            "net_income_4q": null,
            "revenue": 53290,
            "revenue_4q": null,
            "common_shares": 1365349,
            "book_valuer_per_share": 0.1,
            "book_valuer_per_share_4q_avg": 0.79,
            "equity": 13452,
            "current_ratio": 99.74,
            "debt_ratio": 93.77,
            "inventory_turnover_ratio": 4.71,
            "account_receivable_turnover_ratio": 4.7,
            "reinvestment_rate": null,
            "research_to_sale_ratio": null,
            "price_fair": 31.73,
            "eps_avg_yearly": 0.91,
            "eps_latest_yearly": 0.52,
            "eps_growth_yearly": 52.99
        },
        "20091": {
            "year_quarter": 20091,
            "year": 2009,
            "quarter": 1,
            "eps": -0.11,
            "eps_growth_year": null,
            "eps_4q": -2.57,
            "eps_4q_growth_year": null,
            "roe": -206.03,
            "roe_4q": -966.73,
            "gross_profit": 2366,
            "gross_margin": 13.29,
            "gross_margin_4q_avg": -57.19,
            "net_income": -15240,
            "net_income_4q": null,
            "revenue": 17809,
            "revenue_4q": null,
            "common_shares": 1365349,
            "book_valuer_per_share": 0.01,
            "book_valuer_per_share_4q_avg": 0.17,
            "equity": 1342,
            "current_ratio": 60.68,
            "debt_ratio": 99.2,
            "inventory_turnover_ratio": 3.59,
            "account_receivable_turnover_ratio": 1.31,
            "reinvestment_rate": null,
            "research_to_sale_ratio": null,
            "price_fair": 19.6,
            "eps_avg_yearly": 0.56,
            "eps_latest_yearly": 0.52,
            "eps_growth_yearly": 148.33
        },
        "20092": {
            "year_quarter": 20092,
            "year": 2009,
            "quarter": 2,
            "eps": -0.35,
            "eps_growth_year": null,
            "eps_4q": -0.97,
            "eps_4q_growth_year": null,
            "roe": -428.91,
            "roe_4q": -1245.9300000000003,
            "gross_profit": -1560,
            "gross_margin": -9.4,
            "gross_margin_4q_avg": -51.69,
            "net_income": -16099,
            "net_income_4q": null,
            "revenue": 16599,
            "revenue_4q": null,
            "common_shares": 1515349,
            "book_valuer_per_share": 0.04,
            "book_valuer_per_share_4q_avg": 0.06,
            "equity": 6165,
            "current_ratio": 83.93,
            "debt_ratio": 95.32,
            "inventory_turnover_ratio": 2.48,
            "account_receivable_turnover_ratio": 2.71,
            "reinvestment_rate": null,
            "research_to_sale_ratio": null,
            "price_fair": 19.6,
            "eps_avg_yearly": 0.56,
            "eps_latest_yearly": 0.52,
            "eps_growth_yearly": 148.33
        },
        "20093": {
            "year_quarter": 20093,
            "year": 2009,
            "quarter": 3,
            "eps": -0.25,
            "eps_growth_year": null,
            "eps_4q": -1.74,
            "eps_4q_growth_year": null,
            "roe": -246.97,
            "roe_4q": -1340.27,
            "gross_profit": 2019,
            "gross_margin": 17.12,
            "gross_margin_4q_avg": -32.75,
            "net_income": -12367,
            "net_income_4q": null,
            "revenue": 11796,
            "revenue_4q": null,
            "common_shares": 535349,
            "book_valuer_per_share": 0.07,
            "book_valuer_per_share_4q_avg": 0.06,
            "equity": 3850,
            "current_ratio": 89.68,
            "debt_ratio": 96.79,
            "inventory_turnover_ratio": 1.36,
            "account_receivable_turnover_ratio": 1.26,
            "reinvestment_rate": null,
            "research_to_sale_ratio": null,
            "price_fair": 19.6,
            "eps_avg_yearly": 0.56,
            "eps_latest_yearly": 0.52,
            "eps_growth_yearly": 148.33
        },
        "20094": {
            "year_quarter": 20094,
            "year": 2009,
            "quarter": 4,
            "eps": -0.33,
            "eps_growth_year": null,
            "eps_4q": -1.09,
            "eps_4q_growth_year": null,
            "roe": -487.52,
            "roe_4q": -1369.43,
            "gross_profit": 937,
            "gross_margin": 14.17,
            "gross_margin_4q_avg": 8.8,
            "net_income": -16427,
            "net_income_4q": null,
            "revenue": 6614,
            "revenue_4q": null,
            "common_shares": 550349,
            "book_valuer_per_share": 0.05,
            "book_valuer_per_share_4q_avg": 0.04,
            "equity": 2889,
            "current_ratio": 91.11,
            "debt_ratio": 97.86,
            "inventory_turnover_ratio": 0.24,
            "account_receivable_turnover_ratio": 1.41,
            "reinvestment_rate": null,
            "research_to_sale_ratio": null,
            "price_fair": 19.6,
            "eps_avg_yearly": 0.56,
            "eps_latest_yearly": 0.52,
            "eps_growth_yearly": 148.33
        },
        "20101": {
            "year_quarter": 20101,
            "year": 2010,
            "quarter": 1,
            "eps": -0.46,
            "eps_growth_year": null,
            "eps_4q": -1.2,
            "eps_4q_growth_year": null,
            "roe": -216.96,
            "roe_4q": -1380.3600000000001,
            "gross_profit": -647,
            "gross_margin": -14.16,
            "gross_margin_4q_avg": 1.93,
            "net_income": -26600,
            "net_income_4q": null,
            "revenue": 4568,
            "revenue_4q": null,
            "common_shares": 595349,
            "book_valuer_per_share": 0.36,
            "book_valuer_per_share_4q_avg": 0.13,
            "equity": 21632,
            "current_ratio": 156.71,
            "debt_ratio": 79.91,
            "inventory_turnover_ratio": 0.14,
            "account_receivable_turnover_ratio": 0.49,
            "reinvestment_rate": null,
            "research_to_sale_ratio": 32.09,
            "price_fair": 19.6,
            "eps_avg_yearly": 0.56,
            "eps_latest_yearly": 0.52,
            "eps_growth_yearly": 148.33
        },
        "20102": {
            "year_quarter": 20102,
            "year": 2010,
            "quarter": 2,
            "eps": -0.18,
            "eps_growth_year": null,
            "eps_4q": -1.08,
            "eps_4q_growth_year": null,
            "roe": -41.83,
            "roe_4q": -993.28,
            "gross_profit": 139,
            "gross_margin": 6.93,
            "gross_margin_4q_avg": 6.02,
            "net_income": -10807,
            "net_income_4q": null,
            "revenue": 2007,
            "revenue_4q": null,
            "common_shares": 615349,
            "book_valuer_per_share": 0.49,
            "book_valuer_per_share_4q_avg": 0.24,
            "equity": 30044,
            "current_ratio": 179.5,
            "debt_ratio": 81.49,
            "inventory_turnover_ratio": 0.03,
            "account_receivable_turnover_ratio": 0.29,
            "reinvestment_rate": null,
            "research_to_sale_ratio": 22.57,
            "price_fair": 1.56,
            "eps_avg_yearly": 0.52,
            "eps_latest_yearly": 0.52,
            "eps_growth_yearly": -53.33
        },
        "20103": {
            "year_quarter": 20103,
            "year": 2010,
            "quarter": 3,
            "eps": 0.04,
            "eps_growth_year": null,
            "eps_4q": -1.04,
            "eps_4q_growth_year": null,
            "roe": 6.21,
            "roe_4q": -740.1,
            "gross_profit": 5486,
            "gross_margin": 73.98,
            "gross_margin_4q_avg": 20.23,
            "net_income": 1975,
            "net_income_4q": null,
            "revenue": 7416,
            "revenue_4q": null,
            "common_shares": 500000,
            "book_valuer_per_share": 0.67,
            "book_valuer_per_share_4q_avg": 0.39,
            "equity": 33515,
            "current_ratio": 48.73,
            "debt_ratio": 96.81,
            "inventory_turnover_ratio": 0.02,
            "account_receivable_turnover_ratio": 2.28,
            "reinvestment_rate": null,
            "research_to_sale_ratio": 3.33,
            "price_fair": 0,
            "eps_avg_yearly": 0,
            "eps_latest_yearly": 0,
            "eps_growth_yearly": 0
        },
        "20104": {
            "year_quarter": 20104,
            "year": 2010,
            "quarter": 4,
            "eps": 2.8,
            "eps_growth_year": null,
            "eps_4q": 2.09,
            "eps_4q_growth_year": null,
            "roe": 135.88,
            "roe_4q": -116.7,
            "gross_profit": 148396,
            "gross_margin": 14.4,
            "gross_margin_4q_avg": 20.29,
            "net_income": 140024,
            "net_income_4q": null,
            "revenue": 1030889,
            "revenue_4q": null,
            "common_shares": 500000,
            "book_valuer_per_share": 3.45,
            "book_valuer_per_share_4q_avg": 1.24,
            "equity": 172584,
            "current_ratio": 115.5,
            "debt_ratio": 85.74,
            "inventory_turnover_ratio": 7.96,
            "account_receivable_turnover_ratio": 2,
            "reinvestment_rate": null,
            "research_to_sale_ratio": 0.02,
            "price_fair": 392,
            "eps_avg_yearly": 11.2,
            "eps_latest_yearly": 11.2,
            "eps_growth_yearly": 27600
        },
        "20111": {
            "year_quarter": 20111,
            "year": 2011,
            "quarter": 1,
            "eps": -0.11,
            "eps_growth_year": null,
            "eps_4q": 2.52,
            "eps_4q_growth_year": null,
            "roe": -3.14,
            "roe_4q": 97.12000000000002,
            "gross_profit": 1956,
            "gross_margin": 25.6,
            "gross_margin_4q_avg": 30.23,
            "net_income": -5330,
            "net_income_4q": null,
            "revenue": 7642,
            "revenue_4q": null,
            "common_shares": 500000,
            "book_valuer_per_share": 3.35,
            "book_valuer_per_share_4q_avg": 1.99,
            "equity": 167254,
            "current_ratio": 124.98,
            "debt_ratio": 78.05,
            "inventory_turnover_ratio": 0.02,
            "account_receivable_turnover_ratio": 0.01,
            "reinvestment_rate": null,
            "research_to_sale_ratio": 3.1,
            "price_fair": 392,
            "eps_avg_yearly": 11.2,
            "eps_latest_yearly": 11.2,
            "eps_growth_yearly": 27600
        },
        "20112": {
            "year_quarter": 20112,
            "year": 2011,
            "quarter": 2,
            "eps": 0.76,
            "eps_growth_year": null,
            "eps_4q": 3.49,
            "eps_4q_growth_year": null,
            "roe": 20.37,
            "roe_4q": 159.32,
            "gross_profit": 45479,
            "gross_margin": 9.24,
            "gross_margin_4q_avg": 30.81,
            "net_income": 37932,
            "net_income_4q": null,
            "revenue": 492381,
            "revenue_4q": null,
            "common_shares": 500000,
            "book_valuer_per_share": 4.1,
            "book_valuer_per_share_4q_avg": 2.89,
            "equity": 205186,
            "current_ratio": 143.42,
            "debt_ratio": 76.8,
            "inventory_turnover_ratio": 0.98,
            "account_receivable_turnover_ratio": 2.29,
            "reinvestment_rate": null,
            "research_to_sale_ratio": -0.05,
            "price_fair": 392,
            "eps_avg_yearly": 11.2,
            "eps_latest_yearly": 11.2,
            "eps_growth_yearly": 27600
        },
        "20113": {
            "year_quarter": 20113,
            "year": 2011,
            "quarter": 3,
            "eps": 0.03,
            "eps_growth_year": -26.58,
            "eps_4q": 4.96,
            "eps_4q_growth_year": null,
            "roe": 0.49,
            "roe_4q": 153.6,
            "gross_profit": 10482,
            "gross_margin": 17.83,
            "gross_margin_4q_avg": 16.77,
            "net_income": 1015,
            "net_income_4q": null,
            "revenue": 58781,
            "revenue_4q": null,
            "common_shares": 350000,
            "book_valuer_per_share": 5.89,
            "book_valuer_per_share_4q_avg": 4.2,
            "equity": 206201,
            "current_ratio": 185.12,
            "debt_ratio": 73.57,
            "inventory_turnover_ratio": 0.13,
            "account_receivable_turnover_ratio": 0.22,
            "reinvestment_rate": null,
            "research_to_sale_ratio": 0,
            "price_fair": 198.1,
            "eps_avg_yearly": 5.66,
            "eps_latest_yearly": 0.12,
            "eps_growth_yearly": 13607.89
        },
        "20114": {
            "year_quarter": 20114,
            "year": 2011,
            "quarter": 4,
            "eps": -0.16,
            "eps_growth_year": -105.82,
            "eps_4q": 0.8,
            "eps_4q_growth_year": -61.88,
            "roe": -2.81,
            "roe_4q": 14.91,
            "gross_profit": 1043,
            "gross_margin": 3.34,
            "gross_margin_4q_avg": 14,
            "net_income": -5705,
            "net_income_4q": null,
            "revenue": 31202,
            "revenue_4q": null,
            "common_shares": 350000,
            "book_valuer_per_share": 5.73,
            "book_valuer_per_share_4q_avg": 4.77,
            "equity": 200496,
            "current_ratio": 189.2,
            "debt_ratio": 73.6,
            "inventory_turnover_ratio": 0.06,
            "account_receivable_turnover_ratio": 0.27,
            "reinvestment_rate": null,
            "research_to_sale_ratio": 0,
            "price_fair": 198.1,
            "eps_avg_yearly": 5.66,
            "eps_latest_yearly": 0.12,
            "eps_growth_yearly": 13607.89
        },
        "20121": {
            "year_quarter": 20121,
            "year": 2012,
            "quarter": 1,
            "eps": 0.1,
            "eps_growth_year": null,
            "eps_4q": 1.05,
            "eps_4q_growth_year": -58.19,
            "roe": 1.78,
            "roe_4q": 19.830000000000002,
            "gross_profit": 12411,
            "gross_margin": 13.64,
            "gross_margin_4q_avg": 11.01,
            "net_income": 3594,
            "net_income_4q": null,
            "revenue": 91003,
            "revenue_4q": null,
            "common_shares": 350000,
            "book_valuer_per_share": 5.83,
            "book_valuer_per_share_4q_avg": 5.39,
            "equity": 204090,
            "current_ratio": 176.12,
            "debt_ratio": 73.08,
            "inventory_turnover_ratio": 0.16,
            "account_receivable_turnover_ratio": 0.76,
            "reinvestment_rate": null,
            "research_to_sale_ratio": 0,
            "price_fair": 198.1,
            "eps_avg_yearly": 5.66,
            "eps_latest_yearly": 0.12,
            "eps_growth_yearly": 13607.89
        },
        "20122": {
            "year_quarter": 20122,
            "year": 2012,
            "quarter": 2,
            "eps": 0.53,
            "eps_growth_year": -30.51,
            "eps_4q": 0.5,
            "eps_4q_growth_year": -85.8,
            "roe": 8.65,
            "roe_4q": 8.11,
            "gross_profit": 29053,
            "gross_margin": 25.02,
            "gross_margin_4q_avg": 14.96,
            "net_income": 18450,
            "net_income_4q": null,
            "revenue": 116107,
            "revenue_4q": null,
            "common_shares": 350000,
            "book_valuer_per_share": 6.36,
            "book_valuer_per_share_4q_avg": 5.95,
            "equity": 222540,
            "current_ratio": 100.49,
            "debt_ratio": 78.15,
            "inventory_turnover_ratio": 0.19,
            "account_receivable_turnover_ratio": 0.94,
            "reinvestment_rate": null,
            "research_to_sale_ratio": 0,
            "price_fair": 156.8,
            "eps_avg_yearly": 4.48,
            "eps_latest_yearly": 2.12,
            "eps_growth_yearly": 9645.26
        },
        "20123": {
            "year_quarter": 20123,
            "year": 2012,
            "quarter": 3,
            "eps": -0.15,
            "eps_growth_year": -613.4,
            "eps_4q": 0.32,
            "eps_4q_growth_year": -93.59,
            "roe": -2.37,
            "roe_4q": 5.25,
            "gross_profit": -411,
            "gross_margin": -9.91,
            "gross_margin_4q_avg": 8.02,
            "net_income": -5211,
            "net_income_4q": null,
            "revenue": 4149,
            "revenue_4q": null,
            "common_shares": 350000,
            "book_valuer_per_share": 6.21,
            "book_valuer_per_share_4q_avg": 6.03,
            "equity": 217329,
            "current_ratio": 100.16,
            "debt_ratio": 76.14,
            "inventory_turnover_ratio": 0.01,
            "account_receivable_turnover_ratio": 0.06,
            "reinvestment_rate": 899.44,
            "research_to_sale_ratio": null,
            "price_fair": 156.8,
            "eps_avg_yearly": 4.48,
            "eps_latest_yearly": 2.12,
            "eps_growth_yearly": 9645.26
        },
        "20124": {
            "year_quarter": 20124,
            "year": 2012,
            "quarter": 4,
            "eps": 0.08,
            "eps_growth_year": null,
            "eps_4q": 0.92,
            "eps_4q_growth_year": 15.71,
            "roe": 0.74,
            "roe_4q": 8.8,
            "gross_profit": 18753,
            "gross_margin": 82.12,
            "gross_margin_4q_avg": 27.72,
            "net_income": 1622,
            "net_income_4q": null,
            "revenue": 22836,
            "revenue_4q": null,
            "common_shares": 200000,
            "book_valuer_per_share": 10.95,
            "book_valuer_per_share_4q_avg": 7.34,
            "equity": 218951,
            "current_ratio": 85.65,
            "debt_ratio": 89.7,
            "inventory_turnover_ratio": 0.01,
            "account_receivable_turnover_ratio": 1.48,
            "reinvestment_rate": 1695.85,
            "research_to_sale_ratio": null,
            "price_fair": 156.8,
            "eps_avg_yearly": 4.48,
            "eps_latest_yearly": 2.12,
            "eps_growth_yearly": 9645.26
        },
        "20131": {
            "year_quarter": 20131,
            "year": 2013,
            "quarter": 1,
            "eps": -0.26,
            "eps_growth_year": -360,
            "eps_4q": 0.48,
            "eps_4q_growth_year": -53.97,
            "roe": -2.43,
            "roe_4q": 4.59,
            "gross_profit": 19501,
            "gross_margin": 55.06,
            "gross_margin_4q_avg": 38.07,
            "net_income": -5173,
            "net_income_4q": null,
            "revenue": 35420,
            "revenue_4q": null,
            "common_shares": 200000,
            "book_valuer_per_share": 10.32,
            "book_valuer_per_share_4q_avg": 8.46,
            "equity": 206301,
            "current_ratio": 91.59,
            "debt_ratio": 90.3,
            "inventory_turnover_ratio": 0.04,
            "account_receivable_turnover_ratio": 1.71,
            "reinvestment_rate": 19.48,
            "research_to_sale_ratio": null,
            "price_fair": 156.8,
            "eps_avg_yearly": 4.48,
            "eps_latest_yearly": 2.12,
            "eps_growth_yearly": 9645.26
        },
        "20132": {
            "year_quarter": 20132,
            "year": 2013,
            "quarter": 2,
            "eps": 0.54,
            "eps_growth_year": 2.44,
            "eps_4q": 0.11,
            "eps_4q_growth_year": -78.81,
            "roe": 5.13,
            "roe_4q": 1.0699999999999994,
            "gross_profit": 29653,
            "gross_margin": 14.24,
            "gross_margin_4q_avg": 35.38,
            "net_income": 10863,
            "net_income_4q": null,
            "revenue": 208167,
            "revenue_4q": null,
            "common_shares": 200000,
            "book_valuer_per_share": 10.86,
            "book_valuer_per_share_4q_avg": 9.59,
            "equity": 217164,
            "current_ratio": 70.51,
            "debt_ratio": 88.67,
            "inventory_turnover_ratio": 0.52,
            "account_receivable_turnover_ratio": 7.72,
            "reinvestment_rate": 10.68,
            "research_to_sale_ratio": null,
            "price_fair": 156.8,
            "eps_avg_yearly": 4.48,
            "eps_latest_yearly": 2.12,
            "eps_growth_yearly": 9645.26
        },
        "20133": {
            "year_quarter": 20133,
            "year": 2013,
            "quarter": 3,
            "eps": 0,
            "eps_growth_year": null,
            "eps_4q": 0.37,
            "eps_4q_growth_year": 15.52,
            "roe": 0.02,
            "roe_4q": 3.459999999999999,
            "gross_profit": 21630,
            "gross_margin": 43.39,
            "gross_margin_4q_avg": 48.7,
            "net_income": 34,
            "net_income_4q": null,
            "revenue": 49850,
            "revenue_4q": null,
            "common_shares": 200000,
            "book_valuer_per_share": 10.86,
            "book_valuer_per_share_4q_avg": 10.75,
            "equity": 217198,
            "current_ratio": 54.7,
            "debt_ratio": 88.56,
            "inventory_turnover_ratio": 0.1,
            "account_receivable_turnover_ratio": 2.29,
            "reinvestment_rate": 9.89,
            "research_to_sale_ratio": null,
            "price_fair": 156.8,
            "eps_avg_yearly": 4.48,
            "eps_latest_yearly": 2.12,
            "eps_growth_yearly": 9645.26
        },
        "20134": {
            "year_quarter": 20134,
            "year": 2013,
            "quarter": 4,
            "eps": -0.27,
            "eps_growth_year": -435.17,
            "eps_4q": 0.01,
            "eps_4q_growth_year": -99.39,
            "roe": -2.48,
            "roe_4q": 0.23999999999999977,
            "gross_profit": 18094,
            "gross_margin": 82.87,
            "gross_margin_4q_avg": 48.89,
            "net_income": -5607,
            "net_income_4q": null,
            "revenue": 21835,
            "revenue_4q": null,
            "common_shares": 206275,
            "book_valuer_per_share": 11.42,
            "book_valuer_per_share_4q_avg": 10.87,
            "equity": 235617,
            "current_ratio": 76.17,
            "debt_ratio": 88.28,
            "inventory_turnover_ratio": 0.01,
            "account_receivable_turnover_ratio": 1.47,
            "reinvestment_rate": 4.58,
            "research_to_sale_ratio": null,
            "price_fair": 156.8,
            "eps_avg_yearly": 4.48,
            "eps_latest_yearly": 2.12,
            "eps_growth_yearly": 9645.26
        },
        "20141": {
            "year_quarter": 20141,
            "year": 2014,
            "quarter": 1,
            "eps": 0.06,
            "eps_growth_year": null,
            "eps_4q": 0.3,
            "eps_4q_growth_year": -38.35,
            "roe": 0.4,
            "roe_4q": 3.07,
            "gross_profit": 34263,
            "gross_margin": 63.38,
            "gross_margin_4q_avg": 50.97,
            "net_income": 2713,
            "net_income_4q": null,
            "revenue": 54060,
            "revenue_4q": null,
            "common_shares": 217085,
            "book_valuer_per_share": 50.55,
            "book_valuer_per_share_4q_avg": 20.92,
            "equity": 1122732,
            "current_ratio": 94.3,
            "debt_ratio": 65.14,
            "inventory_turnover_ratio": 0.04,
            "account_receivable_turnover_ratio": 2.66,
            "reinvestment_rate": 33.22,
            "research_to_sale_ratio": null,
            "price_fair": 156.8,
            "eps_avg_yearly": 4.48,
            "eps_latest_yearly": 2.12,
            "eps_growth_yearly": 9645.26
        },
        "20142": {
            "year_quarter": 20142,
            "year": 2014,
            "quarter": 2,
            "eps": -1.19,
            "eps_growth_year": -320.37,
            "eps_4q": -1.39,
            "eps_4q_growth_year": -1422.62,
            "roe": -2.29,
            "roe_4q": -4.3500000000000005,
            "gross_profit": 31868,
            "gross_margin": 70.09,
            "gross_margin_4q_avg": 64.93,
            "net_income": -25418,
            "net_income_4q": null,
            "revenue": 45469,
            "revenue_4q": null,
            "common_shares": 217085,
            "book_valuer_per_share": 49.62,
            "book_valuer_per_share_4q_avg": 30.61,
            "equity": 1101267,
            "current_ratio": 90.98,
            "debt_ratio": 66.47,
            "inventory_turnover_ratio": 0.02,
            "account_receivable_turnover_ratio": 2.81,
            "reinvestment_rate": 28.71,
            "research_to_sale_ratio": null,
            "price_fair": 156.8,
            "eps_avg_yearly": 4.48,
            "eps_latest_yearly": 2.12,
            "eps_growth_yearly": 9645.26
        },
        "20143": {
            "year_quarter": 20143,
            "year": 2014,
            "quarter": 3,
            "eps": -0.51,
            "eps_growth_year": null,
            "eps_4q": -1.9,
            "eps_4q_growth_year": -616.92,
            "roe": -0.73,
            "roe_4q": -5.1,
            "gross_profit": 35379,
            "gross_margin": 71.78,
            "gross_margin_4q_avg": 72.03,
            "net_income": -7958,
            "net_income_4q": null,
            "revenue": 49285,
            "revenue_4q": null,
            "common_shares": 217085,
            "book_valuer_per_share": 49.11,
            "book_valuer_per_share_4q_avg": 40.18,
            "equity": 1092451,
            "current_ratio": 88.86,
            "debt_ratio": 70.29,
            "inventory_turnover_ratio": 0.02,
            "account_receivable_turnover_ratio": 6.81,
            "reinvestment_rate": -556.23,
            "research_to_sale_ratio": null,
            "price_fair": 156.8,
            "eps_avg_yearly": 4.48,
            "eps_latest_yearly": 2.12,
            "eps_growth_yearly": 9645.26
        },
        "20144": {
            "year_quarter": 20144,
            "year": 2014,
            "quarter": 4,
            "eps": 1.81,
            "eps_growth_year": null,
            "eps_4q": 0.17,
            "eps_4q_growth_year": 2825.35,
            "roe": 3.95,
            "roe_4q": 1.33,
            "gross_profit": 37538,
            "gross_margin": 74.03,
            "gross_margin_4q_avg": 69.82,
            "net_income": 43946,
            "net_income_4q": null,
            "revenue": 50709,
            "revenue_4q": null,
            "common_shares": 217085,
            "book_valuer_per_share": 50.91,
            "book_valuer_per_share_4q_avg": 50.05,
            "equity": 1134100,
            "current_ratio": 47.26,
            "debt_ratio": 69.04,
            "inventory_turnover_ratio": 0.01,
            "account_receivable_turnover_ratio": 14.96,
            "reinvestment_rate": 82.46,
            "research_to_sale_ratio": null,
            "price_fair": 39.2,
            "eps_avg_yearly": 1.12,
            "eps_latest_yearly": 2.12,
            "eps_growth_yearly": 667.89
        },
        "20151": {
            "year_quarter": 20151,
            "year": 2015,
            "quarter": 1,
            "eps": -0.4,
            "eps_growth_year": -766.67,
            "eps_4q": -0.29,
            "eps_4q_growth_year": -198.13,
            "roe": -0.34,
            "roe_4q": 0.5900000000000003,
            "gross_profit": 38930,
            "gross_margin": 76.38,
            "gross_margin_4q_avg": 73.07,
            "net_income": -3799,
            "net_income_4q": null,
            "revenue": 50966,
            "revenue_4q": null,
            "common_shares": 217085,
            "book_valuer_per_share": 50.51,
            "book_valuer_per_share_4q_avg": 50.04,
            "equity": 1130301,
            "current_ratio": 50.19,
            "debt_ratio": 68.98,
            "inventory_turnover_ratio": 0.01,
            "account_receivable_turnover_ratio": 15.31,
            "reinvestment_rate": 86.23,
            "research_to_sale_ratio": null,
            "price_fair": 39.2,
            "eps_avg_yearly": 1.12,
            "eps_latest_yearly": 2.12,
            "eps_growth_yearly": 667.89
        },
        "20152": {
            "year_quarter": 20152,
            "year": 2015,
            "quarter": 2,
            "eps": -0.57,
            "eps_growth_year": null,
            "eps_4q": 0.32,
            "eps_4q_growth_year": null,
            "roe": -0.99,
            "roe_4q": 1.8900000000000001,
            "gross_profit": 21418,
            "gross_margin": 53.68,
            "gross_margin_4q_avg": 68.97,
            "net_income": -10954,
            "net_income_4q": null,
            "revenue": 39898,
            "revenue_4q": null,
            "common_shares": 217085,
            "book_valuer_per_share": 49.94,
            "book_valuer_per_share_4q_avg": 50.12,
            "equity": 1084060,
            "current_ratio": 45.28,
            "debt_ratio": 69.86,
            "inventory_turnover_ratio": 0.02,
            "account_receivable_turnover_ratio": 21.31,
            "reinvestment_rate": null,
            "research_to_sale_ratio": null,
            "price_fair": 39.2,
            "eps_avg_yearly": 1.12,
            "eps_latest_yearly": 2.12,
            "eps_growth_yearly": 667.89
        },
        "20153": {
            "year_quarter": 20153,
            "year": 2015,
            "quarter": 3,
            "eps": -0.98,
            "eps_growth_year": null,
            "eps_4q": -0.15,
            "eps_4q_growth_year": null,
            "roe": -1.98,
            "roe_4q": 0.6400000000000006,
            "gross_profit": 13108,
            "gross_margin": 59.38,
            "gross_margin_4q_avg": 65.87,
            "net_income": -21216,
            "net_income_4q": null,
            "revenue": 22073,
            "revenue_4q": null,
            "common_shares": 217085,
            "book_valuer_per_share": 48.96,
            "book_valuer_per_share_4q_avg": 50.08,
            "equity": 1062844,
            "current_ratio": 95.62,
            "debt_ratio": 74.57,
            "inventory_turnover_ratio": 0.01,
            "account_receivable_turnover_ratio": 45.09,
            "reinvestment_rate": null,
            "research_to_sale_ratio": null,
            "price_fair": 74.2,
            "eps_avg_yearly": 2.12,
            "eps_latest_yearly": 2.12,
            "eps_growth_yearly": 1720
        },
        "20154": {
            "year_quarter": 20154,
            "year": 2015,
            "quarter": 4,
            "eps": 16.11,
            "eps_growth_year": 791.74,
            "eps_4q": 14.15,
            "eps_4q_growth_year": 8429.97,
            "roe": 28.25,
            "roe_4q": 24.94,
            "gross_profit": 13092,
            "gross_margin": 62.47,
            "gross_margin_4q_avg": 62.98,
            "net_income": 349670,
            "net_income_4q": null,
            "revenue": 20956,
            "revenue_4q": null,
            "common_shares": 217085,
            "book_valuer_per_share": 65.07,
            "book_valuer_per_share_4q_avg": 53.62,
            "equity": 1412514,
            "current_ratio": 85.43,
            "debt_ratio": 67.22,
            "inventory_turnover_ratio": 0.01,
            "account_receivable_turnover_ratio": 38.42,
            "reinvestment_rate": 9.11,
            "research_to_sale_ratio": null,
            "price_fair": 74.2,
            "eps_avg_yearly": 2.12,
            "eps_latest_yearly": 2.12,
            "eps_growth_yearly": 1720
        },
        "20161": {
            "year_quarter": 20161,
            "year": 2016,
            "quarter": 1,
            "eps": -0.22,
            "eps_growth_year": null,
            "eps_4q": 14.34,
            "eps_4q_growth_year": null,
            "roe": -0.37,
            "roe_4q": 24.91,
            "gross_profit": 14007,
            "gross_margin": 45.92,
            "gross_margin_4q_avg": 55.36,
            "net_income": -5190,
            "net_income_4q": null,
            "revenue": 30503,
            "revenue_4q": null,
            "common_shares": 217085,
            "book_valuer_per_share": 64.85,
            "book_valuer_per_share_4q_avg": 57.21,
            "equity": 1405565,
            "current_ratio": 47.86,
            "debt_ratio": 67.75,
            "inventory_turnover_ratio": 0.02,
            "account_receivable_turnover_ratio": 37.02,
            "reinvestment_rate": 885.52,
            "research_to_sale_ratio": null,
            "price_fair": 74.2,
            "eps_avg_yearly": 2.12,
            "eps_latest_yearly": 2.12,
            "eps_growth_yearly": 1720
        },
        "20162": {
            "year_quarter": 20162,
            "year": 2016,
            "quarter": 2,
            "eps": -0.95,
            "eps_growth_year": null,
            "eps_4q": 13.96,
            "eps_4q_growth_year": 4238.06,
            "roe": -1.76,
            "roe_4q": 24.14,
            "gross_profit": 21753,
            "gross_margin": 44.68,
            "gross_margin_4q_avg": 53.11,
            "net_income": -24500,
            "net_income_4q": null,
            "revenue": 48685,
            "revenue_4q": null,
            "common_shares": 217085,
            "book_valuer_per_share": 63.9,
            "book_valuer_per_share_4q_avg": 60.7,
            "equity": 1381065,
            "current_ratio": 46.77,
            "debt_ratio": 67.92,
            "inventory_turnover_ratio": 0.03,
            "account_receivable_turnover_ratio": 37.16,
            "reinvestment_rate": 898.09,
            "research_to_sale_ratio": null,
            "price_fair": 0,
            "eps_avg_yearly": 0,
            "eps_latest_yearly": 0,
            "eps_growth_yearly": 0
        },
        "20163": {
            "year_quarter": 20163,
            "year": 2016,
            "quarter": 3,
            "eps": 1.57,
            "eps_growth_year": null,
            "eps_4q": 15.08,
            "eps_4q_growth_year": null,
            "roe": 1.97,
            "roe_4q": 28.09,
            "gross_profit": 64373,
            "gross_margin": 40.62,
            "gross_margin_4q_avg": 48.42,
            "net_income": 28038,
            "net_income_4q": null,
            "revenue": 158480,
            "revenue_4q": null,
            "common_shares": 217085,
            "book_valuer_per_share": 67.73,
            "book_valuer_per_share_4q_avg": 65.39,
            "equity": 1459704,
            "current_ratio": 79.27,
            "debt_ratio": 66.1,
            "inventory_turnover_ratio": 0.1,
            "account_receivable_turnover_ratio": 4.8,
            "reinvestment_rate": 772.89,
            "research_to_sale_ratio": null,
            "price_fair": 0,
            "eps_avg_yearly": 0,
            "eps_latest_yearly": 0,
            "eps_growth_yearly": 0
        },
        "20164": {
            "year_quarter": 20164,
            "year": 2016,
            "quarter": 4,
            "eps": -0.98,
            "eps_growth_year": -106.11,
            "eps_4q": -0.68,
            "eps_4q_growth_year": -104.78,
            "roe": -1.98,
            "roe_4q": -2.14,
            "gross_profit": 23921,
            "gross_margin": 48.9,
            "gross_margin_4q_avg": 45.03,
            "net_income": -29637,
            "net_income_4q": null,
            "revenue": 48922,
            "revenue_4q": null,
            "common_shares": 280931,
            "book_valuer_per_share": 55.24,
            "book_valuer_per_share_4q_avg": 62.93,
            "equity": 1538233,
            "current_ratio": 92.13,
            "debt_ratio": 62.16,
            "inventory_turnover_ratio": 0.03,
            "account_receivable_turnover_ratio": 1.46,
            "reinvestment_rate": 442.65,
            "research_to_sale_ratio": null,
            "price_fair": 0,
            "eps_avg_yearly": 0,
            "eps_latest_yearly": 0,
            "eps_growth_yearly": 0
        },
        "20171": {
            "year_quarter": 20171,
            "year": 2017,
            "quarter": 1,
            "eps": -0.72,
            "eps_growth_year": null,
            "eps_4q": -1.23,
            "eps_4q_growth_year": -108.58,
            "roe": -1.61,
            "roe_4q": -3.38,
            "gross_profit": 21793,
            "gross_margin": 47.6,
            "gross_margin_4q_avg": 45.45,
            "net_income": -24608,
            "net_income_4q": null,
            "revenue": 45784,
            "revenue_4q": null,
            "common_shares": 280931,
            "book_valuer_per_share": 54.51,
            "book_valuer_per_share_4q_avg": 60.35,
            "equity": 1513625,
            "current_ratio": 86.73,
            "debt_ratio": 62.85,
            "inventory_turnover_ratio": 0.03,
            "account_receivable_turnover_ratio": 22.56,
            "reinvestment_rate": 1015.97,
            "research_to_sale_ratio": null,
            "price_fair": 0,
            "eps_avg_yearly": 0,
            "eps_latest_yearly": 0,
            "eps_growth_yearly": 0
        },
        "20172": {
            "year_quarter": 20172,
            "year": 2017,
            "quarter": 2,
            "eps": 0.23,
            "eps_growth_year": null,
            "eps_4q": -0.23,
            "eps_4q_growth_year": -101.66,
            "roe": 0.08,
            "roe_4q": -1.5399999999999998,
            "gross_profit": 70049,
            "gross_margin": 50.53,
            "gross_margin_4q_avg": 46.91,
            "net_income": 1292,
            "net_income_4q": null,
            "revenue": 138631,
            "revenue_4q": null,
            "common_shares": 314458,
            "book_valuer_per_share": 53.69,
            "book_valuer_per_share_4q_avg": 57.79,
            "equity": 1691452,
            "current_ratio": 94.97,
            "debt_ratio": 57.84,
            "inventory_turnover_ratio": 0.07,
            "account_receivable_turnover_ratio": 4.04,
            "reinvestment_rate": 1031.61,
            "research_to_sale_ratio": null,
            "price_fair": 0,
            "eps_avg_yearly": 0,
            "eps_latest_yearly": 0,
            "eps_growth_yearly": 0
        },
        "20173": {
            "year_quarter": 20173,
            "year": 2017,
            "quarter": 3,
            "eps": -0.38,
            "eps_growth_year": -124.2,
            "eps_4q": -1.69,
            "eps_4q_growth_year": -111.22,
            "roe": -1.12,
            "roe_4q": -4.630000000000001,
            "gross_profit": 45567,
            "gross_margin": 56.35,
            "gross_margin_4q_avg": 50.85,
            "net_income": -18946,
            "net_income_4q": null,
            "revenue": 80864,
            "revenue_4q": null,
            "common_shares": 314458,
            "book_valuer_per_share": 53.99,
            "book_valuer_per_share_4q_avg": 54.36,
            "equity": 1694820,
            "current_ratio": 92.98,
            "debt_ratio": 56.95,
            "inventory_turnover_ratio": 0.04,
            "account_receivable_turnover_ratio": 2.05,
            "reinvestment_rate": 1079.93,
            "research_to_sale_ratio": null,
            "price_fair": 0,
            "eps_avg_yearly": 0,
            "eps_latest_yearly": 0,
            "eps_growth_yearly": 0
        },
        "20174": {
            "year_quarter": 20174,
            "year": 2017,
            "quarter": 4,
            "eps": -1.06,
            "eps_growth_year": null,
            "eps_4q": -1.87,
            "eps_4q_growth_year": null,
            "roe": -2.06,
            "roe_4q": -4.71,
            "gross_profit": 48373,
            "gross_margin": 52.73,
            "gross_margin_4q_avg": 51.8,
            "net_income": -34497,
            "net_income_4q": null,
            "revenue": 91738,
            "revenue_4q": null,
            "common_shares": 314458,
            "book_valuer_per_share": 52.93,
            "book_valuer_per_share_4q_avg": 53.78,
            "equity": 1660323,
            "current_ratio": 91.46,
            "debt_ratio": 57.95,
            "inventory_turnover_ratio": 0.05,
            "account_receivable_turnover_ratio": 8.07,
            "reinvestment_rate": 1207.91,
            "research_to_sale_ratio": null,
            "price_fair": 0,
            "eps_avg_yearly": 0,
            "eps_latest_yearly": 0,
            "eps_growth_yearly": 0
        },
        "20181": {
            "year_quarter": 20181,
            "year": 2018,
            "quarter": 1,
            "eps": 0.15,
            "eps_growth_year": null,
            "eps_4q": -1.08,
            "eps_4q_growth_year": null,
            "roe": -0.21,
            "roe_4q": -3.31,
            "gross_profit": 46277,
            "gross_margin": 59.45,
            "gross_margin_4q_avg": 54.77,
            "net_income": -3532,
            "net_income_4q": null,
            "revenue": 77840,
            "revenue_4q": null,
            "common_shares": 314458,
            "book_valuer_per_share": 53.98,
            "book_valuer_per_share_4q_avg": 53.65,
            "equity": 1728399,
            "current_ratio": 96.33,
            "debt_ratio": 56.04,
            "inventory_turnover_ratio": 0.03,
            "account_receivable_turnover_ratio": 11.2,
            "reinvestment_rate": -9.14,
            "research_to_sale_ratio": null,
            "price_fair": 0,
            "eps_avg_yearly": 0,
            "eps_latest_yearly": 0,
            "eps_growth_yearly": 0
        },
        "20182": {
            "year_quarter": 20182,
            "year": 2018,
            "quarter": 2,
            "eps": -0.02,
            "eps_growth_year": -108.7,
            "eps_4q": -1.31,
            "eps_4q_growth_year": null,
            "roe": -0.01,
            "roe_4q": -3.4000000000000004,
            "gross_profit": 41734,
            "gross_margin": 66.47,
            "gross_margin_4q_avg": 58.75,
            "net_income": -102,
            "net_income_4q": null,
            "revenue": 62786,
            "revenue_4q": null,
            "common_shares": 314458,
            "book_valuer_per_share": 53.96,
            "book_valuer_per_share_4q_avg": 53.72,
            "equity": 1727825,
            "current_ratio": 178.32,
            "debt_ratio": 56.29,
            "inventory_turnover_ratio": 0.02,
            "account_receivable_turnover_ratio": 18.9,
            "reinvestment_rate": 1.81,
            "research_to_sale_ratio": null,
            "price_fair": 0,
            "eps_avg_yearly": 0,
            "eps_latest_yearly": 0,
            "eps_growth_yearly": 0
        },
        "20183": {
            "year_quarter": 20183,
            "year": 2018,
            "quarter": 3,
            "eps": 0.77,
            "eps_growth_year": null,
            "eps_4q": -0.16,
            "eps_4q_growth_year": null,
            "roe": 1.1,
            "roe_4q": -1.18,
            "gross_profit": 80758,
            "gross_margin": 42.92,
            "gross_margin_4q_avg": 55.39,
            "net_income": 20905,
            "net_income_4q": null,
            "revenue": 188150,
            "revenue_4q": null,
            "common_shares": 501958,
            "book_valuer_per_share": 40.5,
            "book_valuer_per_share_4q_avg": 50.34,
            "equity": 2063772,
            "current_ratio": 187.01,
            "debt_ratio": 48.94,
            "inventory_turnover_ratio": 0.12,
            "account_receivable_turnover_ratio": 39.27,
            "reinvestment_rate": 2.29,
            "research_to_sale_ratio": null,
            "price_fair": 0,
            "eps_avg_yearly": 0,
            "eps_latest_yearly": 0,
            "eps_growth_yearly": 0
        },
        "20184": {
            "year_quarter": 20184,
            "year": 2018,
            "quarter": 4,
            "eps": 1.8,
            "eps_growth_year": null,
            "eps_4q": 2.31,
            "eps_4q_growth_year": null,
            "roe": 4.4,
            "roe_4q": 5.28,
            "gross_profit": 173632,
            "gross_margin": 23.72,
            "gross_margin_4q_avg": 48.14,
            "net_income": 92779,
            "net_income_4q": null,
            "revenue": 731911,
            "revenue_4q": null,
            "common_shares": 501958,
            "book_valuer_per_share": 42.31,
            "book_valuer_per_share_4q_avg": 47.69,
            "equity": 2148798,
            "current_ratio": 154.82,
            "debt_ratio": 41.79,
            "inventory_turnover_ratio": 0.95,
            "account_receivable_turnover_ratio": 4.89,
            "reinvestment_rate": 4.04,
            "research_to_sale_ratio": null,
            "price_fair": 252,
            "eps_avg_yearly": 7.2,
            "eps_latest_yearly": 7.2,
            "eps_growth_yearly": 535.06
        },
        "20191": {
            "year_quarter": 20191,
            "year": 2019,
            "quarter": 1,
            "eps": -0.12,
            "eps_growth_year": -180,
            "eps_4q": 2.1,
            "eps_4q_growth_year": null,
            "roe": -0.13,
            "roe_4q": 5.360000000000001,
            "gross_profit": 56135,
            "gross_margin": 68.88,
            "gross_margin_4q_avg": 50.5,
            "net_income": -2882,
            "net_income_4q": null,
            "revenue": 81494,
            "revenue_4q": null,
            "common_shares": 501958,
            "book_valuer_per_share": 42.19,
            "book_valuer_per_share_4q_avg": 44.74,
            "equity": 2145916,
            "current_ratio": 140.58,
            "debt_ratio": 45.77,
            "inventory_turnover_ratio": 0.08,
            "account_receivable_turnover_ratio": 0.34,
            "reinvestment_rate": 4.88,
            "research_to_sale_ratio": null,
            "price_fair": 252,
            "eps_avg_yearly": 7.2,
            "eps_latest_yearly": 7.2,
            "eps_growth_yearly": 535.06
        },
        "20192": {
            "year_quarter": 20192,
            "year": 2019,
            "quarter": 2,
            "eps": -0.17,
            "eps_growth_year": null,
            "eps_4q": 1.94,
            "eps_4q_growth_year": null,
            "roe": -0.41,
            "roe_4q": 4.960000000000001,
            "gross_profit": 35338,
            "gross_margin": 46.76,
            "gross_margin_4q_avg": 45.57,
            "net_income": -8786,
            "net_income_4q": null,
            "revenue": 75566,
            "revenue_4q": null,
            "common_shares": 501958,
            "book_valuer_per_share": 41.52,
            "book_valuer_per_share_4q_avg": 41.63,
            "equity": 2111347,
            "current_ratio": 122.27,
            "debt_ratio": 44.26,
            "inventory_turnover_ratio": 0.12,
            "account_receivable_turnover_ratio": 0.8,
            "reinvestment_rate": 8.29,
            "research_to_sale_ratio": null,
            "price_fair": 252,
            "eps_avg_yearly": 7.2,
            "eps_latest_yearly": 7.2,
            "eps_growth_yearly": 535.06
        },
        "20193": {
            "year_quarter": 20193,
            "year": 2019,
            "quarter": 3,
            "eps": -0.38,
            "eps_growth_year": -149.35,
            "eps_4q": 1.14,
            "eps_4q_growth_year": null,
            "roe": -0.92,
            "roe_4q": 2.9400000000000004,
            "gross_profit": 42536,
            "gross_margin": 58.29,
            "gross_margin_4q_avg": 49.41,
            "net_income": -19310,
            "net_income_4q": null,
            "revenue": 72967,
            "revenue_4q": null,
            "common_shares": 501958,
            "book_valuer_per_share": 41.14,
            "book_valuer_per_share_4q_avg": 41.79,
            "equity": 2092037,
            "current_ratio": 121.75,
            "debt_ratio": 44.28,
            "inventory_turnover_ratio": 0.09,
            "account_receivable_turnover_ratio": 16.14,
            "reinvestment_rate": 21.34,
            "research_to_sale_ratio": null,
            "price_fair": 252,
            "eps_avg_yearly": 7.2,
            "eps_latest_yearly": 7.2,
            "eps_growth_yearly": 535.06
        },
        "20194": {
            "year_quarter": 20194,
            "year": 2019,
            "quarter": 4,
            "eps": -0.31,
            "eps_growth_year": -116.98,
            "eps_4q": -0.97,
            "eps_4q_growth_year": -142.25,
            "roe": -0.63,
            "roe_4q": -2.09,
            "gross_profit": 30945,
            "gross_margin": 36.81,
            "gross_margin_4q_avg": 52.69,
            "net_income": -13080,
            "net_income_4q": null,
            "revenue": 84077,
            "revenue_4q": null,
            "common_shares": 501958,
            "book_valuer_per_share": 40.83,
            "book_valuer_per_share_4q_avg": 41.42,
            "equity": 2075329,
            "current_ratio": 114.17,
            "debt_ratio": 44.84,
            "inventory_turnover_ratio": 0.17,
            "account_receivable_turnover_ratio": 10.61,
            "reinvestment_rate": null,
            "research_to_sale_ratio": null,
            "price_fair": 252,
            "eps_avg_yearly": 7.2,
            "eps_latest_yearly": 7.2,
            "eps_growth_yearly": 535.06
        },
        "20201": {
            "year_quarter": 20201,
            "year": 2020,
            "quarter": 1,
            "eps": -0.43,
            "eps_growth_year": null,
            "eps_4q": -1.29,
            "eps_4q_growth_year": -161.6,
            "roe": -1.09,
            "roe_4q": -3.0500000000000003,
            "gross_profit": 33872,
            "gross_margin": 50.59,
            "gross_margin_4q_avg": 48.11,
            "net_income": -22588,
            "net_income_4q": null,
            "revenue": 66957,
            "revenue_4q": null,
            "common_shares": 501958,
            "book_valuer_per_share": 40.4,
            "book_valuer_per_share_4q_avg": 40.97,
            "equity": 2052741,
            "current_ratio": 111.18,
            "debt_ratio": 45.59,
            "inventory_turnover_ratio": 0.11,
            "account_receivable_turnover_ratio": 4.14,
            "reinvestment_rate": null,
            "research_to_sale_ratio": null,
            "price_fair": 252,
            "eps_avg_yearly": 7.2,
            "eps_latest_yearly": 7.2,
            "eps_growth_yearly": 535.06
        },
        "20202": {
            "year_quarter": 20202,
            "year": 2020,
            "quarter": 2,
            "eps": -0.38,
            "eps_growth_year": null,
            "eps_4q": -1.5,
            "eps_4q_growth_year": -177.23,
            "roe": -0.93,
            "roe_4q": -3.57,
            "gross_profit": 26273,
            "gross_margin": 48.42,
            "gross_margin_4q_avg": 48.53,
            "net_income": -18940,
            "net_income_4q": null,
            "revenue": 54260,
            "revenue_4q": null,
            "common_shares": 501958,
            "book_valuer_per_share": 40.02,
            "book_valuer_per_share_4q_avg": 40.6,
            "equity": 2033184,
            "current_ratio": 113.89,
            "debt_ratio": 46.52,
            "inventory_turnover_ratio": 0.09,
            "account_receivable_turnover_ratio": 2.12,
            "reinvestment_rate": null,
            "research_to_sale_ratio": null,
            "price_fair": 252,
            "eps_avg_yearly": 7.2,
            "eps_latest_yearly": 7.2,
            "eps_growth_yearly": 535.06
        },
        "20203": {
            "year_quarter": 20203,
            "year": 2020,
            "quarter": 3,
            "eps": -0.39,
            "eps_growth_year": null,
            "eps_4q": -1.51,
            "eps_4q_growth_year": -233.23,
            "roe": -1.03,
            "roe_4q": -3.6799999999999997,
            "gross_profit": 24157,
            "gross_margin": 37.59,
            "gross_margin_4q_avg": 43.35,
            "net_income": -20830,
            "net_income_4q": null,
            "revenue": 64270,
            "revenue_4q": null,
            "common_shares": 501958,
            "book_valuer_per_share": 39.63,
            "book_valuer_per_share_4q_avg": 40.22,
            "equity": 2012354,
            "current_ratio": 115.73,
            "debt_ratio": 47.25,
            "inventory_turnover_ratio": 0.13,
            "account_receivable_turnover_ratio": 2.79,
            "reinvestment_rate": null,
            "research_to_sale_ratio": null,
            "price_fair": 252,
            "eps_avg_yearly": 7.2,
            "eps_latest_yearly": 7.2,
            "eps_growth_yearly": 535.06
        },
        "20204": {
            "year_quarter": 20204,
            "year": 2020,
            "quarter": 4,
            "eps": -0.63,
            "eps_growth_year": null,
            "eps_4q": -1.84,
            "eps_4q_growth_year": null,
            "roe": -1.61,
            "roe_4q": -4.66,
            "gross_profit": 47598,
            "gross_margin": 48.89,
            "gross_margin_4q_avg": 46.37,
            "net_income": -32081,
            "net_income_4q": null,
            "revenue": 97363,
            "revenue_4q": null,
            "common_shares": 501958,
            "book_valuer_per_share": 38.99,
            "book_valuer_per_share_4q_avg": 39.76,
            "equity": 1978923,
            "current_ratio": 130.7,
            "debt_ratio": 47.87,
            "inventory_turnover_ratio": 0.16,
            "account_receivable_turnover_ratio": 6.34,
            "reinvestment_rate": null,
            "research_to_sale_ratio": null,
            "price_fair": 252,
            "eps_avg_yearly": 7.2,
            "eps_latest_yearly": 7.2,
            "eps_growth_yearly": 535.06
        },
        "20211": {
            "year_quarter": 20211,
            "year": 2021,
            "quarter": 1,
            "eps": 0.15,
            "eps_growth_year": null,
            "eps_4q": -1.25,
            "eps_4q_growth_year": null,
            "roe": 0.42,
            "roe_4q": -3.1500000000000004,
            "gross_profit": 50729,
            "gross_margin": 50.71,
            "gross_margin_4q_avg": 46.4,
            "net_income": 8290,
            "net_income_4q": null,
            "revenue": 100046,
            "revenue_4q": null,
            "common_shares": 501958,
            "book_valuer_per_share": 39.14,
            "book_valuer_per_share_4q_avg": 39.45,
            "equity": 1987213,
            "current_ratio": 129.71,
            "debt_ratio": 47.78,
            "inventory_turnover_ratio": 0.16,
            "account_receivable_turnover_ratio": 7.48,
            "reinvestment_rate": null,
            "research_to_sale_ratio": null,
            "price_fair": 252,
            "eps_avg_yearly": 7.2,
            "eps_latest_yearly": 7.2,
            "eps_growth_yearly": 535.06
        },
        "20212": {
            "year_quarter": 20212,
            "year": 2021,
            "quarter": 2,
            "eps": 0.06,
            "eps_growth_year": null,
            "eps_4q": -0.82,
            "eps_4q_growth_year": null,
            "roe": 0.06,
            "roe_4q": -2.16,
            "gross_profit": 56716,
            "gross_margin": 60.81,
            "gross_margin_4q_avg": 49.5,
            "net_income": 1244,
            "net_income_4q": null,
            "revenue": 93267,
            "revenue_4q": null,
            "common_shares": 501958,
            "book_valuer_per_share": 39.2,
            "book_valuer_per_share_4q_avg": 39.24,
            "equity": 1988374,
            "current_ratio": 136.45,
            "debt_ratio": 47.76,
            "inventory_turnover_ratio": 0.12,
            "account_receivable_turnover_ratio": 5.2,
            "reinvestment_rate": null,
            "research_to_sale_ratio": null,
            "price_fair": 130.2,
            "eps_avg_yearly": 3.72,
            "eps_latest_yearly": 0.24,
            "eps_growth_yearly": 147.53
        },
        "20213": {
            "year_quarter": 20213,
            "year": 2021,
            "quarter": 3,
            "eps": 0.05,
            "eps_growth_year": null,
            "eps_4q": -0.37,
            "eps_4q_growth_year": null,
            "roe": 0.02,
            "roe_4q": -1.11,
            "gross_profit": 54123,
            "gross_margin": 61.57,
            "gross_margin_4q_avg": 55.5,
            "net_income": 439,
            "net_income_4q": null,
            "revenue": 87903,
            "revenue_4q": null,
            "common_shares": 501958,
            "book_valuer_per_share": 39.26,
            "book_valuer_per_share_4q_avg": 39.15,
            "equity": 1988813,
            "current_ratio": 149.45,
            "debt_ratio": 47.37,
            "inventory_turnover_ratio": 0.11,
            "account_receivable_turnover_ratio": 3.89,
            "reinvestment_rate": null,
            "research_to_sale_ratio": null,
            "price_fair": 89.13,
            "eps_avg_yearly": 2.55,
            "eps_latest_yearly": 0.2,
            "eps_growth_yearly": 76.13
        },
        "20214": {
            "year_quarter": 20214,
            "year": 2021,
            "quarter": 4,
            "eps": 0.45,
            "eps_growth_year": null,
            "eps_4q": 0.71,
            "eps_4q_growth_year": null,
            "roe": 1.18,
            "roe_4q": 1.68,
            "gross_profit": 83151,
            "gross_margin": 50.44,
            "gross_margin_4q_avg": 55.88,
            "net_income": 23629,
            "net_income_4q": null,
            "revenue": 164851,
            "revenue_4q": null,
            "common_shares": 501958,
            "book_valuer_per_share": 39.7,
            "book_valuer_per_share_4q_avg": 39.33,
            "equity": 2012442,
            "current_ratio": 147.45,
            "debt_ratio": 50.73,
            "inventory_turnover_ratio": 0.26,
            "account_receivable_turnover_ratio": 4.18,
            "reinvestment_rate": 1938.47,
            "research_to_sale_ratio": null,
            "price_fair": 82.6,
            "eps_avg_yearly": 2.36,
            "eps_latest_yearly": 1.8,
            "eps_growth_yearly": 857.1
        },
        "20221": {
            "year_quarter": 20221,
            "year": 2022,
            "quarter": 1,
            "eps": 0.22,
            "eps_growth_year": 46.67,
            "eps_4q": 0.78,
            "eps_4q_growth_year": null,
            "roe": 0.5,
            "roe_4q": 1.76,
            "gross_profit": 73894,
            "gross_margin": 47.67,
            "gross_margin_4q_avg": 55.12,
            "net_income": 10037,
            "net_income_4q": null,
            "revenue": 155018,
            "revenue_4q": null,
            "common_shares": 501958,
            "book_valuer_per_share": 39.93,
            "book_valuer_per_share_4q_avg": 39.52,
            "equity": 2022479,
            "current_ratio": 157.08,
            "debt_ratio": 50.4,
            "inventory_turnover_ratio": 0.26,
            "account_receivable_turnover_ratio": 2.5,
            "reinvestment_rate": 17789.5,
            "research_to_sale_ratio": null,
            "price_fair": 72.24,
            "eps_avg_yearly": 2.06,
            "eps_latest_yearly": 0.88,
            "eps_growth_yearly": 644.79
        },
        "20222": {
            "year_quarter": 20222,
            "year": 2022,
            "quarter": 2,
            "eps": 0.14,
            "eps_growth_year": 133.33,
            "eps_4q": 0.87,
            "eps_4q_growth_year": null,
            "roe": 0.25,
            "roe_4q": 1.95,
            "gross_profit": 66142,
            "gross_margin": 46.43,
            "gross_margin_4q_avg": 51.53,
            "net_income": 5120,
            "net_income_4q": null,
            "revenue": 142465,
            "revenue_4q": null,
            "common_shares": 501958,
            "book_valuer_per_share": 39.57,
            "book_valuer_per_share_4q_avg": 39.62,
            "equity": 2001893,
            "current_ratio": 186.61,
            "debt_ratio": 50.42,
            "inventory_turnover_ratio": 0.24,
            "account_receivable_turnover_ratio": 2.92,
            "reinvestment_rate": 12038.46,
            "research_to_sale_ratio": null,
            "price_fair": 63.47,
            "eps_avg_yearly": 1.81,
            "eps_latest_yearly": 0.56,
            "eps_growth_yearly": 513.08
        },
        "20223": {
            "year_quarter": 20223,
            "year": 2022,
            "quarter": 3,
            "eps": 0.12,
            "eps_growth_year": 140,
            "eps_4q": 0.94,
            "eps_4q_growth_year": null,
            "roe": 0.39,
            "roe_4q": 2.3200000000000003,
            "gross_profit": 73399,
            "gross_margin": 44.72,
            "gross_margin_4q_avg": 47.32,
            "net_income": 7808,
            "net_income_4q": null,
            "revenue": 164118,
            "revenue_4q": null,
            "common_shares": 501958,
            "book_valuer_per_share": 39.69,
            "book_valuer_per_share_4q_avg": 39.72,
            "equity": 2009701,
            "current_ratio": 193.74,
            "debt_ratio": 49.77,
            "inventory_turnover_ratio": 0.29,
            "account_receivable_turnover_ratio": 6.4,
            "reinvestment_rate": 31463.67,
            "research_to_sale_ratio": null,
            "price_fair": 56.8,
            "eps_avg_yearly": 1.62,
            "eps_latest_yearly": 0.48,
            "eps_growth_yearly": 431.62
        },
        "20224": {
            "year_quarter": 20224,
            "year": 2022,
            "quarter": 4,
            "eps": -0.4,
            "eps_growth_year": -188.67,
            "eps_4q": 0.09,
            "eps_4q_growth_year": -87.12,
            "roe": -0.97,
            "roe_4q": 0.17000000000000004,
            "gross_profit": 10355,
            "gross_margin": 9.14,
            "gross_margin_4q_avg": 36.99,
            "net_income": -19408,
            "net_income_4q": null,
            "revenue": 113355,
            "revenue_4q": null,
            "common_shares": 501958,
            "book_valuer_per_share": 39.3,
            "book_valuer_per_share_4q_avg": 39.62,
            "equity": 1990293,
            "current_ratio": 183.84,
            "debt_ratio": 49.5,
            "inventory_turnover_ratio": 0.33,
            "account_receivable_turnover_ratio": 6.38,
            "reinvestment_rate": null,
            "research_to_sale_ratio": null,
            "price_fair": 24.27,
            "eps_avg_yearly": 0.69,
            "eps_latest_yearly": 0.48,
            "eps_growth_yearly": 414.38
        },
        "20231": {
            "year_quarter": 20231,
            "year": 2023,
            "quarter": 1,
            "eps": 0.03,
            "eps_growth_year": -86.36,
            "eps_4q": -0.1,
            "eps_4q_growth_year": -112.84,
            "roe": 0.21,
            "roe_4q": -0.12,
            "gross_profit": 48282,
            "gross_margin": 35.56,
            "gross_margin_4q_avg": 33.96,
            "net_income": 4124,
            "net_income_4q": null,
            "revenue": 135764,
            "revenue_4q": null,
            "common_shares": 501958,
            "book_valuer_per_share": 39.33,
            "book_valuer_per_share_4q_avg": 39.47,
            "equity": 1994417,
            "current_ratio": 128.96,
            "debt_ratio": 48.87,
            "inventory_turnover_ratio": 0.27,
            "account_receivable_turnover_ratio": 13.59,
            "reinvestment_rate": null,
            "research_to_sale_ratio": null,
            "price_fair": 24.27,
            "eps_avg_yearly": 0.69,
            "eps_latest_yearly": 0.48,
            "eps_growth_yearly": 414.38
        },
        "20232": {
            "year_quarter": 20232,
            "year": 2023,
            "quarter": 2,
            "eps": 0.05,
            "eps_growth_year": -64.29,
            "eps_4q": -0.2,
            "eps_4q_growth_year": -122.82,
            "roe": 0.29,
            "roe_4q": -0.07999999999999996,
            "gross_profit": 46895,
            "gross_margin": 34.47,
            "gross_margin_4q_avg": 30.97,
            "net_income": 5746,
            "net_income_4q": null,
            "revenue": 136047,
            "revenue_4q": null,
            "common_shares": 501958,
            "book_valuer_per_share": 39.37,
            "book_valuer_per_share_4q_avg": 39.42,
            "equity": 1999789,
            "current_ratio": 103.76,
            "debt_ratio": 48.84,
            "inventory_turnover_ratio": 0.28,
            "account_receivable_turnover_ratio": 7.11,
            "reinvestment_rate": null,
            "research_to_sale_ratio": null,
            "price_fair": 21.8,
            "eps_avg_yearly": 0.62,
            "eps_latest_yearly": 0.2,
            "eps_growth_yearly": 393.28
        },
        "20233": {
            "year_quarter": 20233,
            "year": 2023,
            "quarter": 3,
            "eps": 0.05,
            "eps_growth_year": -58.33,
            "eps_4q": -0.27,
            "eps_4q_growth_year": -129.14,
            "roe": 0.25,
            "roe_4q": -0.21999999999999997,
            "gross_profit": 45782,
            "gross_margin": 34,
            "gross_margin_4q_avg": 28.29,
            "net_income": 4989,
            "net_income_4q": null,
            "revenue": 134655,
            "revenue_4q": null,
            "common_shares": 501958,
            "book_valuer_per_share": 39.42,
            "book_valuer_per_share_4q_avg": 39.36,
            "equity": 2004778,
            "current_ratio": 113.9,
            "debt_ratio": 49.25,
            "inventory_turnover_ratio": 0.28,
            "account_receivable_turnover_ratio": 4.9,
            "reinvestment_rate": null,
            "research_to_sale_ratio": null,
            "price_fair": 19.95,
            "eps_avg_yearly": 0.57,
            "eps_latest_yearly": 0.2,
            "eps_growth_yearly": 344.12
        }
    },
    "months": {
        "2004-01": {
            "month": "2004-01",
            "price": "48.74",
            "revenue": 124483
        },
        "2004-02": {
            "month": "2004-02",
            "price": "44.74",
            "revenue": 205410
        },
        "2004-03": {
            "month": "2004-03",
            "price": "45.93",
            "revenue": 255497
        },
        "2004-04": {
            "month": "2004-04",
            "price": "48.30",
            "revenue": 208111
        },
        "2004-05": {
            "month": "2004-05",
            "price": "42.43",
            "revenue": 284661
        },
        "2004-06": {
            "month": "2004-06",
            "price": "40.35",
            "revenue": 269442
        },
        "2004-08": {
            "month": "2004-08",
            "price": "37.07",
            "revenue": 214012
        },
        "2004-09": {
            "month": "2004-09",
            "price": "34.82",
            "revenue": 259028
        },
        "2004-10": {
            "month": "2004-10",
            "price": "34.31",
            "revenue": 200330
        },
        "2004-11": {
            "month": "2004-11",
            "price": "26.78",
            "revenue": 214579
        },
        "2004-12": {
            "month": "2004-12",
            "price": "25.85",
            "revenue": 147872
        },
        "2005-01": {
            "month": "2005-01",
            "price": "25.19",
            "revenue": 159291
        },
        "2005-02": {
            "month": "2005-02",
            "price": "28.38",
            "revenue": 103619
        },
        "2005-03": {
            "month": "2005-03",
            "price": "31.08",
            "revenue": 130439
        },
        "2005-04": {
            "month": "2005-04",
            "price": "25.97",
            "revenue": 142496
        },
        "2005-05": {
            "month": "2005-05",
            "price": "23.21",
            "revenue": 104928
        },
        "2005-06": {
            "month": "2005-06",
            "price": "22.22",
            "revenue": 114234
        },
        "2005-07": {
            "month": "2005-07",
            "price": "24.11",
            "revenue": 115177
        },
        "2005-08": {
            "month": "2005-08",
            "price": "20.33",
            "revenue": 116558
        },
        "2005-09": {
            "month": "2005-09",
            "price": "15.98",
            "revenue": 155413
        },
        "2005-10": {
            "month": "2005-10",
            "price": "11.56",
            "revenue": 200040
        },
        "2005-11": {
            "month": "2005-11",
            "price": "11.20",
            "revenue": 192921
        },
        "2005-12": {
            "month": "2005-12",
            "price": "13.08",
            "revenue": 174089
        },
        "2006-01": {
            "month": "2006-01",
            "price": "13.74",
            "revenue": 153635
        },
        "2006-02": {
            "month": "2006-02",
            "price": "13.53",
            "revenue": 162558
        },
        "2006-03": {
            "month": "2006-03",
            "price": "13.27",
            "revenue": 212462
        },
        "2006-04": {
            "month": "2006-04",
            "price": "16.06",
            "revenue": 169009
        },
        "2006-05": {
            "month": "2006-05",
            "price": "15.27",
            "revenue": 170471
        },
        "2006-06": {
            "month": "2006-06",
            "price": "14.88",
            "revenue": 175954
        },
        "2006-07": {
            "month": "2006-07",
            "price": "13.93",
            "revenue": 151924
        },
        "2006-08": {
            "month": "2006-08",
            "price": "13.25",
            "revenue": 194019
        },
        "2006-09": {
            "month": "2006-09",
            "price": "14.90",
            "revenue": 203784
        },
        "2006-10": {
            "month": "2006-10",
            "price": "15.19",
            "revenue": 271552
        },
        "2006-11": {
            "month": "2006-11",
            "price": "14.52",
            "revenue": 370512
        },
        "2006-12": {
            "month": "2006-12",
            "price": "17.44",
            "revenue": 349716
        },
        "2007-01": {
            "month": "2007-01",
            "price": "17.10",
            "revenue": 236650
        },
        "2007-02": {
            "month": "2007-02",
            "price": "14.95",
            "revenue": 200328
        },
        "2007-03": {
            "month": "2007-03",
            "price": "15.92",
            "revenue": 315694
        },
        "2007-04": {
            "month": "2007-04",
            "price": "16.22",
            "revenue": 185971
        },
        "2007-05": {
            "month": "2007-05",
            "price": "14.21",
            "revenue": 153609
        },
        "2007-06": {
            "month": "2007-06",
            "price": "16.86",
            "revenue": 257535
        },
        "2007-07": {
            "month": "2007-07",
            "price": "21.19",
            "revenue": 130801
        },
        "2007-08": {
            "month": "2007-08",
            "price": "22.83",
            "revenue": 186824
        },
        "2007-09": {
            "month": "2007-09",
            "price": "20.64",
            "revenue": 175257
        },
        "2007-10": {
            "month": "2007-10",
            "price": "16.99",
            "revenue": 184319
        },
        "2007-11": {
            "month": "2007-11",
            "price": "11.86",
            "revenue": 127712
        },
        "2007-12": {
            "month": "2007-12",
            "price": "11.24",
            "revenue": 83552
        },
        "2008-01": {
            "month": "2008-01",
            "price": "10.86",
            "revenue": 116225
        },
        "2008-02": {
            "month": "2008-02",
            "price": "10.14",
            "revenue": 65158
        },
        "2008-03": {
            "month": "2008-03",
            "price": "10.29",
            "revenue": 43659
        },
        "2008-04": {
            "month": "2008-04",
            "price": "8.57",
            "revenue": 54454
        },
        "2008-05": {
            "month": "2008-05",
            "price": "3.66",
            "revenue": 35278
        },
        "2008-06": {
            "month": "2008-06",
            "price": "1.92",
            "revenue": 12601
        },
        "2008-07": {
            "month": "2008-07",
            "price": "1.72",
            "revenue": 16363
        },
        "2008-08": {
            "month": "2008-08",
            "price": "1.70",
            "revenue": 19103
        },
        "2008-09": {
            "month": "2008-09",
            "price": "0.81",
            "revenue": 24020
        },
        "2008-10": {
            "month": "2008-10",
            "price": "0.94",
            "revenue": 20724
        },
        "2008-11": {
            "month": "2008-11",
            "price": "1.25",
            "revenue": 10910
        },
        "2008-12": {
            "month": "2008-12",
            "price": "2.47",
            "revenue": 5522
        },
        "2009-01": {
            "month": "2009-01",
            "price": "2.22",
            "revenue": 6519
        },
        "2009-02": {
            "month": "2009-02",
            "price": "2.00",
            "revenue": 4688
        },
        "2009-03": {
            "month": "2009-03",
            "price": "1.88",
            "revenue": 6107
        },
        "2009-04": {
            "month": "2009-04",
            "price": "1.76",
            "revenue": 6567
        },
        "2009-05": {
            "month": "2009-05",
            "price": "1.57",
            "revenue": 6100
        },
        "2009-06": {
            "month": "2009-06",
            "price": "1.43",
            "revenue": 5330
        },
        "2009-07": {
            "month": "2009-07",
            "price": "1.78",
            "revenue": 7097
        },
        "2009-08": {
            "month": "2009-08",
            "price": "1.42",
            "revenue": 1200
        },
        "2009-09": {
            "month": "2009-09",
            "price": "2.01",
            "revenue": 3551
        },
        "2009-10": {
            "month": "2009-10",
            "price": "9.72",
            "revenue": 1712
        },
        "2009-11": {
            "month": "2009-11",
            "price": "9.65",
            "revenue": 2603
        },
        "2009-12": {
            "month": "2009-12",
            "price": "6.63",
            "revenue": 2192
        },
        "2010-01": {
            "month": "2010-01",
            "price": "6.28",
            "revenue": 1629
        },
        "2010-02": {
            "month": "2010-02",
            "price": "6.04",
            "revenue": 1573
        },
        "2010-03": {
            "month": "2010-03",
            "price": "7.13",
            "revenue": 1366
        },
        "2010-04": {
            "month": "2010-04",
            "price": "7.10",
            "revenue": 376
        },
        "2010-05": {
            "month": "2010-05",
            "price": "6.78",
            "revenue": 1090
        },
        "2010-06": {
            "month": "2010-06",
            "price": "6.76",
            "revenue": 540
        },
        "2010-07": {
            "month": "2010-07",
            "price": "8.31",
            "revenue": -239
        },
        "2010-08": {
            "month": "2010-08",
            "price": "9.47",
            "revenue": 845
        },
        "2010-09": {
            "month": "2010-09",
            "price": "9.33",
            "revenue": 3148
        },
        "2010-10": {
            "month": "2010-10",
            "price": "9.00",
            "revenue": 3497
        },
        "2010-11": {
            "month": "2010-11",
            "price": "13.04",
            "revenue": 3622
        },
        "2010-12": {
            "month": "2010-12",
            "price": "14.93",
            "revenue": 1039556
        },
        "2011-01": {
            "month": "2011-01",
            "price": "14.96",
            "revenue": 2482
        },
        "2011-02": {
            "month": "2011-02",
            "price": "16.62",
            "revenue": 2728
        },
        "2011-03": {
            "month": "2011-03",
            "price": "15.63",
            "revenue": 2430
        },
        "2011-04": {
            "month": "2011-04",
            "price": "16.47",
            "revenue": 6210
        },
        "2011-05": {
            "month": "2011-05",
            "price": "15.32",
            "revenue": 477816
        },
        "2011-06": {
            "month": "2011-06",
            "price": "18.26",
            "revenue": 9738
        },
        "2011-07": {
            "month": "2011-07",
            "price": "16.95",
            "revenue": 5683
        },
        "2011-08": {
            "month": "2011-08",
            "price": "16.29",
            "revenue": 4901
        },
        "2011-09": {
            "month": "2011-09",
            "price": "14.99",
            "revenue": 47679
        },
        "2011-10": {
            "month": "2011-10",
            "price": "22.03",
            "revenue": 4932
        },
        "2011-11": {
            "month": "2011-11",
            "price": "24.23",
            "revenue": 18716
        },
        "2011-12": {
            "month": "2011-12",
            "price": "22.20",
            "revenue": 8006
        },
        "2012-01": {
            "month": "2012-01",
            "price": "21.50",
            "revenue": 6291
        },
        "2012-02": {
            "month": "2012-02",
            "price": "21.12",
            "revenue": 18096
        },
        "2012-03": {
            "month": "2012-03",
            "price": "20.07",
            "revenue": 66616
        },
        "2012-04": {
            "month": "2012-04",
            "price": "18.02",
            "revenue": 31216
        },
        "2012-05": {
            "month": "2012-05",
            "price": "15.95",
            "revenue": 75076
        },
        "2012-06": {
            "month": "2012-06",
            "price": "16.54",
            "revenue": 9816
        },
        "2012-07": {
            "month": "2012-07",
            "price": "15.09",
            "revenue": 1000
        },
        "2012-08": {
            "month": "2012-08",
            "price": "14.50",
            "revenue": 2688
        },
        "2012-09": {
            "month": "2012-09",
            "price": "17.90",
            "revenue": 461
        },
        "2012-10": {
            "month": "2012-10",
            "price": "15.80",
            "revenue": 3628
        },
        "2012-11": {
            "month": "2012-11",
            "price": "13.53",
            "revenue": 7913
        },
        "2012-12": {
            "month": "2012-12",
            "price": "13.61",
            "revenue": 11296
        },
        "2013-01": {
            "month": "2013-01",
            "price": "13.34",
            "revenue": 4907
        },
        "2013-02": {
            "month": "2013-02",
            "price": "25.24",
            "revenue": 4804
        },
        "2013-03": {
            "month": "2013-03",
            "price": "23.48",
            "revenue": 25710
        },
        "2013-04": {
            "month": "2013-04",
            "price": "22.17",
            "revenue": 25513
        },
        "2013-05": {
            "month": "2013-05",
            "price": "24.96",
            "revenue": 7923
        },
        "2013-06": {
            "month": "2013-06",
            "price": "24.65",
            "revenue": 174734
        },
        "2013-07": {
            "month": "2013-07",
            "price": "23.59",
            "revenue": 20086
        },
        "2013-08": {
            "month": "2013-08",
            "price": "23.61",
            "revenue": 25341
        },
        "2013-09": {
            "month": "2013-09",
            "price": "25.22",
            "revenue": 4423
        },
        "2013-10": {
            "month": "2013-10",
            "price": "25.18",
            "revenue": 4455
        },
        "2013-11": {
            "month": "2013-11",
            "price": "31.64",
            "revenue": 4370
        },
        "2013-12": {
            "month": "2013-12",
            "price": "42.20",
            "revenue": 13010
        },
        "2014-01": {
            "month": "2014-01",
            "price": "52.56",
            "revenue": 4482
        },
        "2014-02": {
            "month": "2014-02",
            "price": "50.47",
            "revenue": 33636
        },
        "2014-03": {
            "month": "2014-03",
            "price": "46.62",
            "revenue": 16052
        },
        "2014-04": {
            "month": "2014-04",
            "price": "42.32",
            "revenue": 15807
        },
        "2014-05": {
            "month": "2014-05",
            "price": "43.61",
            "revenue": 14966
        },
        "2014-06": {
            "month": "2014-06",
            "price": "39.14",
            "revenue": 14621
        },
        "2014-07": {
            "month": "2014-07",
            "price": "35.96",
            "revenue": 17268
        },
        "2014-08": {
            "month": "2014-08",
            "price": "35.48",
            "revenue": 16255
        },
        "2014-09": {
            "month": "2014-09",
            "price": "36.80",
            "revenue": 15682
        },
        "2014-10": {
            "month": "2014-10",
            "price": "35.83",
            "revenue": 16946
        },
        "2014-11": {
            "month": "2014-11",
            "price": "35.42",
            "revenue": 17146
        },
        "2014-12": {
            "month": "2014-12",
            "price": "34.71",
            "revenue": 18274
        },
        "2015-01": {
            "month": "2015-01",
            "price": "33.81",
            "revenue": 18322
        },
        "2015-02": {
            "month": "2015-02",
            "price": "32.93",
            "revenue": 20074
        },
        "2015-03": {
            "month": "2015-03",
            "price": "30.62",
            "revenue": 19076
        },
        "2015-04": {
            "month": "2015-04",
            "price": "31.67",
            "revenue": 18864
        },
        "2015-05": {
            "month": "2015-05",
            "price": "30.05",
            "revenue": 7047
        },
        "2015-06": {
            "month": "2015-06",
            "price": "28.54",
            "revenue": 6932
        },
        "2015-07": {
            "month": "2015-07",
            "price": "23.59",
            "revenue": 7053
        },
        "2015-08": {
            "month": "2015-08",
            "price": "21.22",
            "revenue": 7509
        },
        "2015-09": {
            "month": "2015-09",
            "price": "22.54",
            "revenue": 7512
        },
        "2015-10": {
            "month": "2015-10",
            "price": "20.45",
            "revenue": 6955
        },
        "2015-11": {
            "month": "2015-11",
            "price": "20.57",
            "revenue": 6883
        },
        "2015-12": {
            "month": "2015-12",
            "price": "18.87",
            "revenue": 7117
        },
        "2016-01": {
            "month": "2016-01",
            "price": "17.42",
            "revenue": 7288
        },
        "2016-02": {
            "month": "2016-02",
            "price": "18.40",
            "revenue": 7543
        },
        "2016-03": {
            "month": "2016-03",
            "price": "18.74",
            "revenue": 15159
        },
        "2016-04": {
            "month": "2016-04",
            "price": "29.50",
            "revenue": 17862
        },
        "2016-05": {
            "month": "2016-05",
            "price": "26.01",
            "revenue": 15016
        },
        "2016-06": {
            "month": "2016-06",
            "price": "25.83",
            "revenue": 13080
        },
        "2016-07": {
            "month": "2016-07",
            "price": "24.27",
            "revenue": 14584
        },
        "2016-08": {
            "month": "2016-08",
            "price": "23.68",
            "revenue": 13039
        },
        "2016-09": {
            "month": "2016-09",
            "price": "21.23",
            "revenue": 128823
        },
        "2016-10": {
            "month": "2016-10",
            "price": "23.88",
            "revenue": 15296
        },
        "2016-11": {
            "month": "2016-11",
            "price": "22.58",
            "revenue": 14777
        },
        "2016-12": {
            "month": "2016-12",
            "price": "23.69",
            "revenue": 15956
        },
        "2017-01": {
            "month": "2017-01",
            "price": "23.02",
            "revenue": 14987
        },
        "2017-02": {
            "month": "2017-02",
            "price": "27.26",
            "revenue": 11531
        },
        "2017-03": {
            "month": "2017-03",
            "price": "29.72",
            "revenue": 17714
        },
        "2017-04": {
            "month": "2017-04",
            "price": "24.51",
            "revenue": 17058
        },
        "2017-05": {
            "month": "2017-05",
            "price": "22.70",
            "revenue": 27308
        },
        "2017-06": {
            "month": "2017-06",
            "price": "21.59",
            "revenue": 98796
        },
        "2017-07": {
            "month": "2017-07",
            "price": "21.65",
            "revenue": 26052
        },
        "2017-08": {
            "month": "2017-08",
            "price": "22.05",
            "revenue": 29070
        },
        "2017-09": {
            "month": "2017-09",
            "price": "21.07",
            "revenue": 25332
        },
        "2017-10": {
            "month": "2017-10",
            "price": "20.20",
            "revenue": 30870
        },
        "2017-11": {
            "month": "2017-11",
            "price": "19.76",
            "revenue": 29318
        },
        "2017-12": {
            "month": "2017-12",
            "price": "19.87",
            "revenue": 32148
        },
        "2018-01": {
            "month": "2018-01",
            "price": "20.77",
            "revenue": 26682
        },
        "2018-02": {
            "month": "2018-02",
            "price": "20.44",
            "revenue": 26011
        },
        "2018-03": {
            "month": "2018-03",
            "price": "20.13",
            "revenue": 26633
        },
        "2018-04": {
            "month": "2018-04",
            "price": "20.01",
            "revenue": 21799
        },
        "2018-05": {
            "month": "2018-05",
            "price": "20.11",
            "revenue": 21062
        },
        "2018-06": {
            "month": "2018-06",
            "price": "21.66",
            "revenue": 19965
        },
        "2018-07": {
            "month": "2018-07",
            "price": "19.53",
            "revenue": 22696
        },
        "2018-08": {
            "month": "2018-08",
            "price": "18.26",
            "revenue": 24160
        },
        "2018-09": {
            "month": "2018-09",
            "price": "16.94",
            "revenue": 138796
        },
        "2018-10": {
            "month": "2018-10",
            "price": "16.98",
            "revenue": 21820
        },
        "2018-11": {
            "month": "2018-11",
            "price": "16.96",
            "revenue": 173979
        },
        "2018-12": {
            "month": "2018-12",
            "price": "17.06",
            "revenue": 535388
        },
        "2019-01": {
            "month": "2019-01",
            "price": "17.20",
            "revenue": 25909
        },
        "2019-02": {
            "month": "2019-02",
            "price": "17.45",
            "revenue": 26550
        },
        "2019-03": {
            "month": "2019-03",
            "price": "19.63",
            "revenue": 28458
        },
        "2019-04": {
            "month": "2019-04",
            "price": "20.24",
            "revenue": 25601
        },
        "2019-05": {
            "month": "2019-05",
            "price": "18.08",
            "revenue": 24476
        },
        "2019-06": {
            "month": "2019-06",
            "price": "17.62",
            "revenue": 24577
        },
        "2019-07": {
            "month": "2019-07",
            "price": "17.26",
            "revenue": 24295
        },
        "2019-08": {
            "month": "2019-08",
            "price": "16.80",
            "revenue": 24400
        },
        "2019-09": {
            "month": "2019-09",
            "price": "16.84",
            "revenue": 22873
        },
        "2019-10": {
            "month": "2019-10",
            "price": "16.86",
            "revenue": 26711
        },
        "2019-11": {
            "month": "2019-11",
            "price": "16.93",
            "revenue": 27713
        },
        "2019-12": {
            "month": "2019-12",
            "price": "16.48",
            "revenue": 29277
        },
        "2020-01": {
            "month": "2020-01",
            "price": "16.37",
            "revenue": 27187
        },
        "2020-02": {
            "month": "2020-02",
            "price": "15.40",
            "revenue": 22772
        },
        "2020-03": {
            "month": "2020-03",
            "price": "13.03",
            "revenue": 16519
        },
        "2020-04": {
            "month": "2020-04",
            "price": "13.43",
            "revenue": 17208
        },
        "2020-05": {
            "month": "2020-05",
            "price": "15.42",
            "revenue": 17929
        },
        "2020-06": {
            "month": "2020-06",
            "price": "16.45",
            "revenue": 20110
        },
        "2020-07": {
            "month": "2020-07",
            "price": "17.92",
            "revenue": 16777
        },
        "2020-08": {
            "month": "2020-08",
            "price": "16.57",
            "revenue": 27205
        },
        "2020-09": {
            "month": "2020-09",
            "price": "16.76",
            "revenue": 30220
        },
        "2020-10": {
            "month": "2020-10",
            "price": "16.85",
            "revenue": 34374
        },
        "2020-11": {
            "month": "2020-11",
            "price": "17.23",
            "revenue": 25024
        },
        "2020-12": {
            "month": "2020-12",
            "price": "17.49",
            "revenue": 37467
        },
        "2021-01": {
            "month": "2021-01",
            "price": "16.82",
            "revenue": 34617
        },
        "2021-02": {
            "month": "2021-02",
            "price": "16.71",
            "revenue": 33688
        },
        "2021-03": {
            "month": "2021-03",
            "price": "18.00",
            "revenue": 32137
        },
        "2021-04": {
            "month": "2021-04",
            "price": "18.64",
            "revenue": 39395
        },
        "2021-05": {
            "month": "2021-05",
            "price": "17.46",
            "revenue": 28353
        },
        "2021-06": {
            "month": "2021-06",
            "price": "17.62",
            "revenue": 26397
        },
        "2021-07": {
            "month": "2021-07",
            "price": "18.20",
            "revenue": 24290
        },
        "2021-08": {
            "month": "2021-08",
            "price": "16.20",
            "revenue": 25505
        },
        "2021-09": {
            "month": "2021-09",
            "price": "17.28",
            "revenue": 37378
        },
        "2021-10": {
            "month": "2021-10",
            "price": "17.34",
            "revenue": 53156
        },
        "2021-11": {
            "month": "2021-11",
            "price": "16.87",
            "revenue": 50952
        },
        "2021-12": {
            "month": "2021-12",
            "price": "16.78",
            "revenue": 65225
        },
        "2022-01": {
            "month": "2022-01",
            "price": "16.78",
            "revenue": 62907
        },
        "2022-02": {
            "month": "2022-02",
            "price": "17.02",
            "revenue": 52126
        },
        "2022-03": {
            "month": "2022-03",
            "price": "16.90",
            "revenue": 43340
        },
        "2022-04": {
            "month": "2022-04",
            "price": "16.74",
            "revenue": 53496
        },
        "2022-05": {
            "month": "2022-05",
            "price": "16.57",
            "revenue": 46669
        },
        "2022-06": {
            "month": "2022-06",
            "price": "22.87",
            "revenue": 45470
        },
        "2022-07": {
            "month": "2022-07",
            "price": "21.44",
            "revenue": 48581
        },
        "2022-08": {
            "month": "2022-08",
            "price": "22.62",
            "revenue": 59775
        },
        "2022-09": {
            "month": "2022-09",
            "price": "20.47",
            "revenue": 56924
        },
        "2022-10": {
            "month": "2022-10",
            "price": "17.68",
            "revenue": 42109
        },
        "2022-11": {
            "month": "2022-11",
            "price": "17.02",
            "revenue": 34343
        },
        "2022-12": {
            "month": "2022-12",
            "price": "18.66",
            "revenue": 42402
        },
        "2023-01": {
            "month": "2023-01",
            "price": "19.15",
            "revenue": 48448
        },
        "2023-02": {
            "month": "2023-02",
            "price": "19.37",
            "revenue": 47588
        },
        "2023-03": {
            "month": "2023-03",
            "price": "19.04",
            "revenue": 45331
        },
        "2023-04": {
            "month": "2023-04",
            "price": "18.19",
            "revenue": 59497
        },
        "2023-05": {
            "month": "2023-05",
            "price": "19.53",
            "revenue": 44066
        },
        "2023-06": {
            "month": "2023-06",
            "price": "24.67",
            "revenue": 47686
        },
        "2023-07": {
            "month": "2023-07",
            "price": "22.14",
            "revenue": 50694
        },
        "2023-08": {
            "month": "2023-08",
            "price": "20.41",
            "revenue": 46580
        },
        "2023-09": {
            "month": "2023-09",
            "price": "20.50",
            "revenue": 41165
        },
        "2023-10": {
            "month": "2023-10",
            "price": "20.47",
            "revenue": 44475
        },
        "2023-11": {
            "month": "2023-11",
            "price": "21.66",
            "revenue": 40669
        },
        "2023-12": {
            "month": "2023-12",
            "price": "21.21",
            "revenue": 48453
        }
    }
}
