{
    "summary": {
        "stock_name": "虹冠電",
        "stock_id": "3257",
        "category": "半導體",
        "main_business": "功率積體電路(Power IC)<br>電源模組(Power Module)<br>場效電晶體(MOSFET)",
        "website_url": "http://www.championmicro.com.tw",
        "ceo": "林保偉",
        "pe_ratio": 71,
        "report_year_from": 2002,
        "report_year_to": 2023,
        "age": 21,
        "eps_negative_percentage": 0,
        "eps_growth_avg": {
            "last_all": 16.35,
            "last_2y": 27.94,
            "last_4y": 24.34,
            "last_8y": 1.71,
            "last_12y": 16.35,
            "last_16y": null,
            "last_20y": null,
            "at_2006_last_3y": null,
            "at_2007_last_3y": null,
            "at_2008_last_3y": null,
            "at_2009_last_3y": null,
            "at_2010_last_3y": null,
            "at_2011_last_3y": null,
            "at_2012_last_3y": null,
            "at_2013_last_3y": 49.29,
            "at_2014_last_3y": 28.57,
            "at_2015_last_3y": 11.82,
            "at_2016_last_3y": 0.32,
            "at_2017_last_3y": -26.59,
            "at_2018_last_3y": -16.83,
            "at_2019_last_3y": -7.16,
            "at_2020_last_3y": 22.6,
            "at_2021_last_3y": 48.73,
            "at_2022_last_3y": 16.38,
            "at_2023_last_3y": 16.38,
            "at_2006_last_all": null,
            "at_2007_last_all": null,
            "at_2008_last_all": null,
            "at_2009_last_all": null,
            "at_2010_last_all": null,
            "at_2011_last_all": 55.02,
            "at_2012_last_all": 45.67,
            "at_2013_last_all": 49.29,
            "at_2014_last_all": 42.86,
            "at_2015_last_all": 26.22,
            "at_2016_last_all": 19.76,
            "at_2017_last_all": 11.35,
            "at_2018_last_all": 16.33,
            "at_2019_last_all": 12.87,
            "at_2020_last_all": 20.79,
            "at_2021_last_all": 23.81,
            "at_2022_last_all": 16.35,
            "at_2023_last_all": 16.35
        },
        "latest_eps": 0.95,
        "latest_price": 67.1,
        "latest_roe": 5.35,
        "latest_gross_margin": 46.69,
        "latest_equity": 1426312,
        "latest_revenue": 181200,
        "latest_gross_profit": 84607,
        "latest_net_income": 30620,
        "latest_debt_ratio": 11.93,
        "latest_current_ratio": 670.34,
        "latest_account_receivable_turnover_ratio": 1.75,
        "latest_inventory_turnover_ratio": 0.26,
        "latest_reinvestment_rate": -10.17,
        "latest_research_to_sale_ratio": 20.37
    },
    "eps_dividends": {
        "2001": {
            "cash": 0,
            "stock": 0,
            "eps": 0
        },
        "2002": {
            "cash": 0,
            "stock": 0,
            "eps": 0
        },
        "2003": {
            "cash": 0,
            "stock": 0,
            "eps": 0
        },
        "2004": {
            "cash": 0,
            "stock": 0,
            "eps": 0
        },
        "2005": {
            "cash": 0,
            "stock": 0,
            "eps": 0
        },
        "2006": {
            "cash": 0,
            "stock": 0,
            "eps": 0
        },
        "2007": {
            "cash": 0,
            "stock": 0,
            "eps": 0
        },
        "2008": {
            "cash": 0,
            "stock": 0,
            "eps": 0
        },
        "2009": {
            "cash": 0,
            "stock": 0,
            "eps": 0.87
        },
        "2010": {
            "cash": 0.8,
            "stock": 0.2,
            "eps": 2.19
        },
        "2011": {
            "cash": 3.5700000000000003,
            "stock": 0,
            "eps": 2.41
        },
        "2012": {
            "cash": 0,
            "stock": 0,
            "eps": 3.06
        },
        "2013": {
            "cash": 1.5,
            "stock": 0.6,
            "eps": 4.9
        },
        "2014": {
            "cash": 2.5,
            "stock": 0.6,
            "eps": 5.74
        },
        "2015": {
            "cash": 2.75,
            "stock": 0.85,
            "eps": 2.47
        },
        "2016": {
            "cash": 0.65,
            "stock": 0.85,
            "eps": 2
        },
        "2017": {
            "cash": 0.65,
            "stock": 0.65,
            "eps": 1.05
        },
        "2018": {
            "cash": 0.5,
            "stock": 0,
            "eps": 1.64
        },
        "2019": {
            "cash": 4,
            "stock": 0,
            "eps": 1.34
        },
        "2020": {
            "cash": 2.5,
            "stock": 0.5,
            "eps": 3.35
        },
        "2021": {
            "cash": 3,
            "stock": 1,
            "eps": 5.26
        },
        "2022": {
            "cash": 5,
            "stock": 0,
            "eps": 1.41
        },
        "2023": {
            "cash": 1,
            "stock": 0,
            "eps": 0.38
        }
    },
    "dividends": {
        "2010-04-01": {
            "cash": 0.8,
            "stock": 0.2
        },
        "2011-01-01": {
            "cash": 1.57,
            "stock": 0
        },
        "2011-04-29": {
            "cash": 2,
            "stock": 0
        },
        "2013-02-18": {
            "cash": 1.5,
            "stock": 0.6
        },
        "2014-09-25": {
            "cash": 2.5,
            "stock": 0.6
        },
        "2015-09-25": {
            "cash": 2.75,
            "stock": 0.85
        },
        "2016-09-30": {
            "cash": 0.65,
            "stock": 0.85
        },
        "2017-09-20": {
            "cash": 0.65,
            "stock": 0.65
        },
        "2018-09-28": {
            "cash": 0.5,
            "stock": 0
        },
        "2019-09-16": {
            "cash": 4,
            "stock": 0
        },
        "2020-08-18": {
            "cash": 2.5,
            "stock": 0.5
        },
        "2021-08-24": {
            "cash": 3,
            "stock": 1
        },
        "2022-06-23": {
            "cash": 5,
            "stock": 0
        },
        "2023-05-26": {
            "cash": 1,
            "stock": 0
        }
    },
    "prices": {
        "200101": "無",
        "200102": "無",
        "200103": "無",
        "200104": "無",
        "200105": "無",
        "200106": "無",
        "200107": "無",
        "200108": "無",
        "200109": "無",
        "200110": "無",
        "200111": "無",
        "200112": "無",
        "200201": "無",
        "200202": "無",
        "200203": "無",
        "200204": "無",
        "200205": "無",
        "200206": "無",
        "200207": "無",
        "200208": "無",
        "200209": "無",
        "200210": "無",
        "200211": "無",
        "200212": "無",
        "200301": "無",
        "200302": "無",
        "200303": "無",
        "200304": "無",
        "200305": "無",
        "200306": "無",
        "200307": "無",
        "200308": "無",
        "200309": "無",
        "200310": "無",
        "200311": "無",
        "200312": "無",
        "200401": "無",
        "200402": "無",
        "200403": "無",
        "200404": "無",
        "200405": "無",
        "200406": "無",
        "200407": "無",
        "200408": "無",
        "200409": "無",
        "200410": "無",
        "200411": "無",
        "200412": "無",
        "200501": "無",
        "200502": "無",
        "200503": "無",
        "200504": "無",
        "200505": "無",
        "200506": "無",
        "200507": "無",
        "200508": "無",
        "200509": "無",
        "200510": "無",
        "200511": "無",
        "200512": "無",
        "200601": "無",
        "200602": "無",
        "200603": "無",
        "200604": "無",
        "200605": "無",
        "200606": "無",
        "200607": "無",
        "200608": "無",
        "200609": "無",
        "200610": "無",
        "200611": "無",
        "200612": "無",
        "200701": "無",
        "200702": "無",
        "200703": "無",
        "200704": "無",
        "200705": "無",
        "200706": "無",
        "200707": "無",
        "200708": "無",
        "200709": "無",
        "200710": "無",
        "200711": "無",
        "200712": "無",
        "200801": "無",
        "200802": "無",
        "200803": "無",
        "200804": "無",
        "200805": "無",
        "200806": "無",
        "200807": "無",
        "200808": "無",
        "200809": "無",
        "200810": "無",
        "200811": "無",
        "200812": "無",
        "200901": "無",
        "200902": "無",
        "200903": "無",
        "200904": "無",
        "200905": "無",
        "200906": "無",
        "200907": "無",
        "200908": "無",
        "200909": "無",
        "200910": "無",
        "200911": "無",
        "200912": "無",
        "201001": "無",
        "201002": "無",
        "201003": "無",
        "201004": "61.51",
        "201005": "60.03",
        "201006": "54.98",
        "201007": "60.82",
        "201008": "61.96",
        "201009": "58.00",
        "201010": "59.04",
        "201011": "52.51",
        "201012": "54.78",
        "201101": "52.84",
        "201102": "54.96",
        "201103": "49.39",
        "201104": "46.77",
        "201105": "39.59",
        "201106": "38.66",
        "201107": "33.02",
        "201108": "24.89",
        "201109": "29.10",
        "201110": "28.44",
        "201111": "26.96",
        "201112": "21.01",
        "201201": "20.64",
        "201202": "28.36",
        "201203": "29.87",
        "201204": "25.02",
        "201205": "26.48",
        "201206": "25.46",
        "201207": "25.10",
        "201208": "31.14",
        "201209": "32.00",
        "201210": "28.79",
        "201211": "25.94",
        "201212": "27.48",
        "201301": "28.73",
        "201302": "31.06",
        "201303": "32.85",
        "201304": "37.65",
        "201305": "40.85",
        "201306": "42.55",
        "201307": "48.84",
        "201308": "52.59",
        "201309": "54.82",
        "201310": "61.10",
        "201311": "61.28",
        "201312": "72.51",
        "201401": "87.73",
        "201402": "85.78",
        "201403": "85.47",
        "201404": "82.76",
        "201405": "85.57",
        "201406": "106.38",
        "201407": "100.47",
        "201408": "92.60",
        "201409": "95.48",
        "201410": "89.85",
        "201411": "85.14",
        "201412": "81.70",
        "201501": "78.42",
        "201502": "77.51",
        "201503": "78.15",
        "201504": "68.88",
        "201505": "57.94",
        "201506": "56.14",
        "201507": "50.72",
        "201508": "38.62",
        "201509": "36.48",
        "201510": "39.10",
        "201511": "41.03",
        "201512": "47.21",
        "201601": "41.54",
        "201602": "41.47",
        "201603": "42.87",
        "201604": "40.11",
        "201605": "36.70",
        "201606": "37.06",
        "201607": "38.03",
        "201608": "41.85",
        "201609": "41.97",
        "201610": "38.34",
        "201611": "35.76",
        "201612": "36.67",
        "201701": "36.82",
        "201702": "37.90",
        "201703": "37.98",
        "201704": "36.22",
        "201705": "34.96",
        "201706": "38.48",
        "201707": "45.66",
        "201708": "55.49",
        "201709": "61.10",
        "201710": "56.55",
        "201711": "52.91",
        "201712": "48.48",
        "201801": "53.73",
        "201802": "59.02",
        "201803": "60.13",
        "201804": "56.99",
        "201805": "55.13",
        "201806": "65.51",
        "201807": "59.90",
        "201808": "58.98",
        "201809": "52.53",
        "201810": "42.38",
        "201811": "42.78",
        "201812": "46.10",
        "201901": "49.80",
        "201902": "51.01",
        "201903": "57.62",
        "201904": "63.16",
        "201905": "60.86",
        "201906": "59.55",
        "201907": "60.23",
        "201908": "54.77",
        "201909": "60.82",
        "201910": "60.05",
        "201911": "58.12",
        "201912": "58.40",
        "202001": "58.02",
        "202002": "54.98",
        "202003": "48.60",
        "202004": "51.22",
        "202005": "63.14",
        "202006": "80.60",
        "202007": "85.18",
        "202008": "75.54",
        "202009": "70.50",
        "202010": "70.67",
        "202011": "72.75",
        "202012": "78.95",
        "202101": "78.22",
        "202102": "84.91",
        "202103": "84.70",
        "202104": "85.89",
        "202105": "73.83",
        "202106": "76.41",
        "202107": "82.82",
        "202108": "72.81",
        "202109": "70.38",
        "202110": "63.49",
        "202111": "69.70",
        "202112": "66.64",
        "202201": "66.05",
        "202202": "73.88",
        "202203": "77.32",
        "202204": "71.87",
        "202205": "70.63",
        "202206": "58.49",
        "202207": "49.59",
        "202208": "49.79",
        "202209": "44.46",
        "202210": "37.46",
        "202211": "39.50",
        "202212": "43.45",
        "202301": "42.73",
        "202302": "47.44",
        "202303": "49.62",
        "202304": "56.95",
        "202305": "64.82",
        "202306": "67.93"
    },
    "quarters": {
        "20011": {
            "year_quarter": 20011,
            "year": 2001,
            "quarter": 1,
            "eps": null,
            "eps_growth_year": null,
            "eps_4q": null,
            "eps_4q_growth_year": null,
            "roe": null,
            "roe_4q": 0,
            "gross_profit": null,
            "gross_margin": null,
            "gross_margin_4q_avg": 0,
            "net_income": null,
            "revenue": null,
            "common_shares": null,
            "book_valuer_per_share": null,
            "book_valuer_per_share_4q_avg": 0,
            "equity": null,
            "current_ratio": null,
            "debt_ratio": null,
            "inventory_turnover_ratio": null,
            "account_receivable_turnover_ratio": null,
            "reinvestment_rate": null,
            "research_to_sale_ratio": null,
            "price_fair": 0,
            "eps_avg_yearly": 0,
            "eps_latest_yearly": 0,
            "eps_growth_yearly": 0
        },
        "20012": {
            "year_quarter": 20012,
            "year": 2001,
            "quarter": 2,
            "eps": null,
            "eps_growth_year": null,
            "eps_4q": null,
            "eps_4q_growth_year": null,
            "roe": null,
            "roe_4q": 0,
            "gross_profit": null,
            "gross_margin": null,
            "gross_margin_4q_avg": 0,
            "net_income": null,
            "revenue": null,
            "common_shares": null,
            "book_valuer_per_share": null,
            "book_valuer_per_share_4q_avg": 0,
            "equity": null,
            "current_ratio": null,
            "debt_ratio": null,
            "inventory_turnover_ratio": null,
            "account_receivable_turnover_ratio": null,
            "reinvestment_rate": null,
            "research_to_sale_ratio": null,
            "price_fair": 0,
            "eps_avg_yearly": 0,
            "eps_latest_yearly": 0,
            "eps_growth_yearly": 0
        },
        "20013": {
            "year_quarter": 20013,
            "year": 2001,
            "quarter": 3,
            "eps": null,
            "eps_growth_year": null,
            "eps_4q": null,
            "eps_4q_growth_year": null,
            "roe": null,
            "roe_4q": 0,
            "gross_profit": null,
            "gross_margin": null,
            "gross_margin_4q_avg": 0,
            "net_income": null,
            "revenue": null,
            "common_shares": null,
            "book_valuer_per_share": null,
            "book_valuer_per_share_4q_avg": 0,
            "equity": null,
            "current_ratio": null,
            "debt_ratio": null,
            "inventory_turnover_ratio": null,
            "account_receivable_turnover_ratio": null,
            "reinvestment_rate": null,
            "research_to_sale_ratio": null,
            "price_fair": 0,
            "eps_avg_yearly": 0,
            "eps_latest_yearly": 0,
            "eps_growth_yearly": 0
        },
        "20014": {
            "year_quarter": 20014,
            "year": 2001,
            "quarter": 4,
            "eps": null,
            "eps_growth_year": null,
            "eps_4q": null,
            "eps_4q_growth_year": null,
            "roe": null,
            "roe_4q": 0,
            "gross_profit": null,
            "gross_margin": null,
            "gross_margin_4q_avg": 0,
            "net_income": null,
            "revenue": null,
            "common_shares": 789772,
            "book_valuer_per_share": 6.83,
            "book_valuer_per_share_4q_avg": 1.71,
            "equity": 539400,
            "current_ratio": 420.86,
            "debt_ratio": 18.55,
            "inventory_turnover_ratio": null,
            "account_receivable_turnover_ratio": null,
            "reinvestment_rate": null,
            "research_to_sale_ratio": null,
            "price_fair": 0,
            "eps_avg_yearly": 0,
            "eps_latest_yearly": 0,
            "eps_growth_yearly": 0
        },
        "20021": {
            "year_quarter": 20021,
            "year": 2002,
            "quarter": 1,
            "eps": null,
            "eps_growth_year": null,
            "eps_4q": null,
            "eps_4q_growth_year": null,
            "roe": null,
            "roe_4q": 0,
            "gross_profit": null,
            "gross_margin": null,
            "gross_margin_4q_avg": 0,
            "net_income": null,
            "revenue": null,
            "common_shares": null,
            "book_valuer_per_share": null,
            "book_valuer_per_share_4q_avg": 1.71,
            "equity": null,
            "current_ratio": null,
            "debt_ratio": null,
            "inventory_turnover_ratio": null,
            "account_receivable_turnover_ratio": null,
            "reinvestment_rate": null,
            "research_to_sale_ratio": null,
            "price_fair": 0,
            "eps_avg_yearly": 0,
            "eps_latest_yearly": 0,
            "eps_growth_yearly": 0
        },
        "20022": {
            "year_quarter": 20022,
            "year": 2002,
            "quarter": 2,
            "eps": null,
            "eps_growth_year": null,
            "eps_4q": null,
            "eps_4q_growth_year": null,
            "roe": null,
            "roe_4q": 0,
            "gross_profit": null,
            "gross_margin": null,
            "gross_margin_4q_avg": 0,
            "net_income": null,
            "revenue": null,
            "common_shares": null,
            "book_valuer_per_share": null,
            "book_valuer_per_share_4q_avg": 1.71,
            "equity": null,
            "current_ratio": null,
            "debt_ratio": null,
            "inventory_turnover_ratio": null,
            "account_receivable_turnover_ratio": null,
            "reinvestment_rate": null,
            "research_to_sale_ratio": null,
            "price_fair": 0,
            "eps_avg_yearly": 0,
            "eps_latest_yearly": 0,
            "eps_growth_yearly": 0
        },
        "20023": {
            "year_quarter": 20023,
            "year": 2002,
            "quarter": 3,
            "eps": null,
            "eps_growth_year": null,
            "eps_4q": null,
            "eps_4q_growth_year": null,
            "roe": null,
            "roe_4q": 0,
            "gross_profit": null,
            "gross_margin": null,
            "gross_margin_4q_avg": 0,
            "net_income": null,
            "revenue": null,
            "common_shares": null,
            "book_valuer_per_share": null,
            "book_valuer_per_share_4q_avg": 1.71,
            "equity": null,
            "current_ratio": null,
            "debt_ratio": null,
            "inventory_turnover_ratio": null,
            "account_receivable_turnover_ratio": null,
            "reinvestment_rate": null,
            "research_to_sale_ratio": null,
            "price_fair": 0,
            "eps_avg_yearly": 0,
            "eps_latest_yearly": 0,
            "eps_growth_yearly": 0
        },
        "20024": {
            "year_quarter": 20024,
            "year": 2002,
            "quarter": 4,
            "eps": null,
            "eps_growth_year": null,
            "eps_4q": null,
            "eps_4q_growth_year": null,
            "roe": null,
            "roe_4q": 0,
            "gross_profit": null,
            "gross_margin": null,
            "gross_margin_4q_avg": 0,
            "net_income": null,
            "revenue": null,
            "common_shares": 870034,
            "book_valuer_per_share": 6.87,
            "book_valuer_per_share_4q_avg": 1.72,
            "equity": 597544,
            "current_ratio": 434.19,
            "debt_ratio": 19.11,
            "inventory_turnover_ratio": null,
            "account_receivable_turnover_ratio": null,
            "reinvestment_rate": null,
            "research_to_sale_ratio": null,
            "price_fair": 0,
            "eps_avg_yearly": 0,
            "eps_latest_yearly": 0,
            "eps_growth_yearly": 0
        },
        "20031": {
            "year_quarter": 20031,
            "year": 2003,
            "quarter": 1,
            "eps": null,
            "eps_growth_year": null,
            "eps_4q": null,
            "eps_4q_growth_year": null,
            "roe": null,
            "roe_4q": 0,
            "gross_profit": null,
            "gross_margin": null,
            "gross_margin_4q_avg": 0,
            "net_income": null,
            "revenue": null,
            "common_shares": null,
            "book_valuer_per_share": null,
            "book_valuer_per_share_4q_avg": 1.72,
            "equity": null,
            "current_ratio": null,
            "debt_ratio": null,
            "inventory_turnover_ratio": null,
            "account_receivable_turnover_ratio": null,
            "reinvestment_rate": null,
            "research_to_sale_ratio": null,
            "price_fair": 0,
            "eps_avg_yearly": 0,
            "eps_latest_yearly": 0,
            "eps_growth_yearly": 0
        },
        "20032": {
            "year_quarter": 20032,
            "year": 2003,
            "quarter": 2,
            "eps": null,
            "eps_growth_year": null,
            "eps_4q": null,
            "eps_4q_growth_year": null,
            "roe": null,
            "roe_4q": 0,
            "gross_profit": null,
            "gross_margin": null,
            "gross_margin_4q_avg": 0,
            "net_income": null,
            "revenue": null,
            "common_shares": null,
            "book_valuer_per_share": null,
            "book_valuer_per_share_4q_avg": 1.72,
            "equity": null,
            "current_ratio": null,
            "debt_ratio": null,
            "inventory_turnover_ratio": null,
            "account_receivable_turnover_ratio": null,
            "reinvestment_rate": null,
            "research_to_sale_ratio": null,
            "price_fair": 0,
            "eps_avg_yearly": 0,
            "eps_latest_yearly": 0,
            "eps_growth_yearly": 0
        },
        "20033": {
            "year_quarter": 20033,
            "year": 2003,
            "quarter": 3,
            "eps": null,
            "eps_growth_year": null,
            "eps_4q": null,
            "eps_4q_growth_year": null,
            "roe": null,
            "roe_4q": 0,
            "gross_profit": null,
            "gross_margin": null,
            "gross_margin_4q_avg": 0,
            "net_income": null,
            "revenue": null,
            "common_shares": null,
            "book_valuer_per_share": null,
            "book_valuer_per_share_4q_avg": 1.72,
            "equity": null,
            "current_ratio": null,
            "debt_ratio": null,
            "inventory_turnover_ratio": null,
            "account_receivable_turnover_ratio": null,
            "reinvestment_rate": null,
            "research_to_sale_ratio": null,
            "price_fair": 0,
            "eps_avg_yearly": 0,
            "eps_latest_yearly": 0,
            "eps_growth_yearly": 0
        },
        "20034": {
            "year_quarter": 20034,
            "year": 2003,
            "quarter": 4,
            "eps": null,
            "eps_growth_year": null,
            "eps_4q": null,
            "eps_4q_growth_year": null,
            "roe": null,
            "roe_4q": 0,
            "gross_profit": null,
            "gross_margin": null,
            "gross_margin_4q_avg": 0,
            "net_income": null,
            "revenue": null,
            "common_shares": 900000,
            "book_valuer_per_share": 6.6,
            "book_valuer_per_share_4q_avg": 1.65,
            "equity": 594026,
            "current_ratio": 187.24,
            "debt_ratio": 34.88,
            "inventory_turnover_ratio": null,
            "account_receivable_turnover_ratio": null,
            "reinvestment_rate": null,
            "research_to_sale_ratio": null,
            "price_fair": 0,
            "eps_avg_yearly": 0,
            "eps_latest_yearly": 0,
            "eps_growth_yearly": 0
        },
        "20041": {
            "year_quarter": 20041,
            "year": 2004,
            "quarter": 1,
            "eps": null,
            "eps_growth_year": null,
            "eps_4q": null,
            "eps_4q_growth_year": null,
            "roe": null,
            "roe_4q": 0,
            "gross_profit": null,
            "gross_margin": null,
            "gross_margin_4q_avg": 0,
            "net_income": null,
            "revenue": null,
            "common_shares": null,
            "book_valuer_per_share": null,
            "book_valuer_per_share_4q_avg": 1.65,
            "equity": null,
            "current_ratio": null,
            "debt_ratio": null,
            "inventory_turnover_ratio": null,
            "account_receivable_turnover_ratio": null,
            "reinvestment_rate": null,
            "research_to_sale_ratio": null,
            "price_fair": 0,
            "eps_avg_yearly": 0,
            "eps_latest_yearly": 0,
            "eps_growth_yearly": 0
        },
        "20042": {
            "year_quarter": 20042,
            "year": 2004,
            "quarter": 2,
            "eps": null,
            "eps_growth_year": null,
            "eps_4q": null,
            "eps_4q_growth_year": null,
            "roe": null,
            "roe_4q": 0,
            "gross_profit": null,
            "gross_margin": null,
            "gross_margin_4q_avg": 0,
            "net_income": null,
            "revenue": null,
            "common_shares": null,
            "book_valuer_per_share": null,
            "book_valuer_per_share_4q_avg": 1.65,
            "equity": null,
            "current_ratio": null,
            "debt_ratio": null,
            "inventory_turnover_ratio": null,
            "account_receivable_turnover_ratio": null,
            "reinvestment_rate": null,
            "research_to_sale_ratio": null,
            "price_fair": 0,
            "eps_avg_yearly": 0,
            "eps_latest_yearly": 0,
            "eps_growth_yearly": 0
        },
        "20043": {
            "year_quarter": 20043,
            "year": 2004,
            "quarter": 3,
            "eps": null,
            "eps_growth_year": null,
            "eps_4q": null,
            "eps_4q_growth_year": null,
            "roe": null,
            "roe_4q": 0,
            "gross_profit": null,
            "gross_margin": null,
            "gross_margin_4q_avg": 0,
            "net_income": null,
            "revenue": null,
            "common_shares": null,
            "book_valuer_per_share": null,
            "book_valuer_per_share_4q_avg": 1.65,
            "equity": null,
            "current_ratio": null,
            "debt_ratio": null,
            "inventory_turnover_ratio": null,
            "account_receivable_turnover_ratio": null,
            "reinvestment_rate": null,
            "research_to_sale_ratio": null,
            "price_fair": 0,
            "eps_avg_yearly": 0,
            "eps_latest_yearly": 0,
            "eps_growth_yearly": 0
        },
        "20044": {
            "year_quarter": 20044,
            "year": 2004,
            "quarter": 4,
            "eps": null,
            "eps_growth_year": null,
            "eps_4q": null,
            "eps_4q_growth_year": null,
            "roe": null,
            "roe_4q": 0,
            "gross_profit": null,
            "gross_margin": null,
            "gross_margin_4q_avg": 0,
            "net_income": null,
            "revenue": null,
            "common_shares": 576000,
            "book_valuer_per_share": 9.92,
            "book_valuer_per_share_4q_avg": 2.48,
            "equity": 571613,
            "current_ratio": 169.58,
            "debt_ratio": 35.69,
            "inventory_turnover_ratio": null,
            "account_receivable_turnover_ratio": null,
            "reinvestment_rate": null,
            "research_to_sale_ratio": null,
            "price_fair": 0,
            "eps_avg_yearly": 0,
            "eps_latest_yearly": 0,
            "eps_growth_yearly": 0
        },
        "20051": {
            "year_quarter": 20051,
            "year": 2005,
            "quarter": 1,
            "eps": null,
            "eps_growth_year": null,
            "eps_4q": null,
            "eps_4q_growth_year": null,
            "roe": null,
            "roe_4q": 0,
            "gross_profit": null,
            "gross_margin": null,
            "gross_margin_4q_avg": 0,
            "net_income": null,
            "revenue": null,
            "common_shares": null,
            "book_valuer_per_share": null,
            "book_valuer_per_share_4q_avg": 2.48,
            "equity": null,
            "current_ratio": null,
            "debt_ratio": null,
            "inventory_turnover_ratio": null,
            "account_receivable_turnover_ratio": null,
            "reinvestment_rate": null,
            "research_to_sale_ratio": null,
            "price_fair": 0,
            "eps_avg_yearly": 0,
            "eps_latest_yearly": 0,
            "eps_growth_yearly": 0
        },
        "20052": {
            "year_quarter": 20052,
            "year": 2005,
            "quarter": 2,
            "eps": null,
            "eps_growth_year": null,
            "eps_4q": null,
            "eps_4q_growth_year": null,
            "roe": null,
            "roe_4q": 0,
            "gross_profit": null,
            "gross_margin": null,
            "gross_margin_4q_avg": 0,
            "net_income": null,
            "revenue": null,
            "common_shares": null,
            "book_valuer_per_share": null,
            "book_valuer_per_share_4q_avg": 2.48,
            "equity": null,
            "current_ratio": null,
            "debt_ratio": null,
            "inventory_turnover_ratio": null,
            "account_receivable_turnover_ratio": null,
            "reinvestment_rate": null,
            "research_to_sale_ratio": null,
            "price_fair": 0,
            "eps_avg_yearly": 0,
            "eps_latest_yearly": 0,
            "eps_growth_yearly": 0
        },
        "20053": {
            "year_quarter": 20053,
            "year": 2005,
            "quarter": 3,
            "eps": null,
            "eps_growth_year": null,
            "eps_4q": null,
            "eps_4q_growth_year": null,
            "roe": null,
            "roe_4q": 0,
            "gross_profit": null,
            "gross_margin": null,
            "gross_margin_4q_avg": 0,
            "net_income": null,
            "revenue": null,
            "common_shares": null,
            "book_valuer_per_share": null,
            "book_valuer_per_share_4q_avg": 2.48,
            "equity": null,
            "current_ratio": null,
            "debt_ratio": null,
            "inventory_turnover_ratio": null,
            "account_receivable_turnover_ratio": null,
            "reinvestment_rate": null,
            "research_to_sale_ratio": null,
            "price_fair": 0,
            "eps_avg_yearly": 0,
            "eps_latest_yearly": 0,
            "eps_growth_yearly": 0
        },
        "20054": {
            "year_quarter": 20054,
            "year": 2005,
            "quarter": 4,
            "eps": null,
            "eps_growth_year": null,
            "eps_4q": null,
            "eps_4q_growth_year": null,
            "roe": null,
            "roe_4q": 0,
            "gross_profit": null,
            "gross_margin": null,
            "gross_margin_4q_avg": 0,
            "net_income": null,
            "revenue": null,
            "common_shares": 576000,
            "book_valuer_per_share": 4.79,
            "book_valuer_per_share_4q_avg": 1.2,
            "equity": 275948,
            "current_ratio": 334.14,
            "debt_ratio": 43.34,
            "inventory_turnover_ratio": null,
            "account_receivable_turnover_ratio": null,
            "reinvestment_rate": null,
            "research_to_sale_ratio": null,
            "price_fair": 0,
            "eps_avg_yearly": 0,
            "eps_latest_yearly": 0,
            "eps_growth_yearly": 0
        },
        "20061": {
            "year_quarter": 20061,
            "year": 2006,
            "quarter": 1,
            "eps": null,
            "eps_growth_year": null,
            "eps_4q": null,
            "eps_4q_growth_year": null,
            "roe": null,
            "roe_4q": 0,
            "gross_profit": null,
            "gross_margin": null,
            "gross_margin_4q_avg": 0,
            "net_income": null,
            "revenue": null,
            "common_shares": null,
            "book_valuer_per_share": null,
            "book_valuer_per_share_4q_avg": 1.2,
            "equity": null,
            "current_ratio": null,
            "debt_ratio": null,
            "inventory_turnover_ratio": null,
            "account_receivable_turnover_ratio": null,
            "reinvestment_rate": null,
            "research_to_sale_ratio": null,
            "price_fair": 0,
            "eps_avg_yearly": 0,
            "eps_latest_yearly": 0,
            "eps_growth_yearly": 0
        },
        "20062": {
            "year_quarter": 20062,
            "year": 2006,
            "quarter": 2,
            "eps": null,
            "eps_growth_year": null,
            "eps_4q": null,
            "eps_4q_growth_year": null,
            "roe": null,
            "roe_4q": 0,
            "gross_profit": null,
            "gross_margin": null,
            "gross_margin_4q_avg": 0,
            "net_income": null,
            "revenue": null,
            "common_shares": null,
            "book_valuer_per_share": null,
            "book_valuer_per_share_4q_avg": 1.2,
            "equity": null,
            "current_ratio": null,
            "debt_ratio": null,
            "inventory_turnover_ratio": null,
            "account_receivable_turnover_ratio": null,
            "reinvestment_rate": null,
            "research_to_sale_ratio": null,
            "price_fair": 0,
            "eps_avg_yearly": 0,
            "eps_latest_yearly": 0,
            "eps_growth_yearly": 0
        },
        "20063": {
            "year_quarter": 20063,
            "year": 2006,
            "quarter": 3,
            "eps": null,
            "eps_growth_year": null,
            "eps_4q": null,
            "eps_4q_growth_year": null,
            "roe": null,
            "roe_4q": 0,
            "gross_profit": null,
            "gross_margin": null,
            "gross_margin_4q_avg": 0,
            "net_income": null,
            "revenue": null,
            "common_shares": null,
            "book_valuer_per_share": null,
            "book_valuer_per_share_4q_avg": 1.2,
            "equity": null,
            "current_ratio": null,
            "debt_ratio": null,
            "inventory_turnover_ratio": null,
            "account_receivable_turnover_ratio": null,
            "reinvestment_rate": null,
            "research_to_sale_ratio": null,
            "price_fair": 0,
            "eps_avg_yearly": 0,
            "eps_latest_yearly": 0,
            "eps_growth_yearly": 0
        },
        "20064": {
            "year_quarter": 20064,
            "year": 2006,
            "quarter": 4,
            "eps": null,
            "eps_growth_year": null,
            "eps_4q": null,
            "eps_4q_growth_year": null,
            "roe": null,
            "roe_4q": 0,
            "gross_profit": null,
            "gross_margin": null,
            "gross_margin_4q_avg": 0,
            "net_income": null,
            "revenue": null,
            "common_shares": 576000,
            "book_valuer_per_share": 4.85,
            "book_valuer_per_share_4q_avg": 1.21,
            "equity": 279464,
            "current_ratio": 285.65,
            "debt_ratio": 37,
            "inventory_turnover_ratio": null,
            "account_receivable_turnover_ratio": null,
            "reinvestment_rate": null,
            "research_to_sale_ratio": null,
            "price_fair": 0,
            "eps_avg_yearly": 0,
            "eps_latest_yearly": 0,
            "eps_growth_yearly": 0
        },
        "20071": {
            "year_quarter": 20071,
            "year": 2007,
            "quarter": 1,
            "eps": null,
            "eps_growth_year": null,
            "eps_4q": null,
            "eps_4q_growth_year": null,
            "roe": null,
            "roe_4q": 0,
            "gross_profit": null,
            "gross_margin": null,
            "gross_margin_4q_avg": 0,
            "net_income": null,
            "revenue": null,
            "common_shares": null,
            "book_valuer_per_share": null,
            "book_valuer_per_share_4q_avg": 1.21,
            "equity": null,
            "current_ratio": null,
            "debt_ratio": null,
            "inventory_turnover_ratio": null,
            "account_receivable_turnover_ratio": null,
            "reinvestment_rate": null,
            "research_to_sale_ratio": null,
            "price_fair": 0,
            "eps_avg_yearly": 0,
            "eps_latest_yearly": 0,
            "eps_growth_yearly": 0
        },
        "20072": {
            "year_quarter": 20072,
            "year": 2007,
            "quarter": 2,
            "eps": null,
            "eps_growth_year": null,
            "eps_4q": null,
            "eps_4q_growth_year": null,
            "roe": null,
            "roe_4q": 0,
            "gross_profit": null,
            "gross_margin": null,
            "gross_margin_4q_avg": 0,
            "net_income": null,
            "revenue": null,
            "common_shares": null,
            "book_valuer_per_share": null,
            "book_valuer_per_share_4q_avg": 1.21,
            "equity": null,
            "current_ratio": null,
            "debt_ratio": null,
            "inventory_turnover_ratio": null,
            "account_receivable_turnover_ratio": null,
            "reinvestment_rate": null,
            "research_to_sale_ratio": null,
            "price_fair": 0,
            "eps_avg_yearly": 0,
            "eps_latest_yearly": 0,
            "eps_growth_yearly": 0
        },
        "20073": {
            "year_quarter": 20073,
            "year": 2007,
            "quarter": 3,
            "eps": null,
            "eps_growth_year": null,
            "eps_4q": null,
            "eps_4q_growth_year": null,
            "roe": null,
            "roe_4q": 0,
            "gross_profit": null,
            "gross_margin": null,
            "gross_margin_4q_avg": 0,
            "net_income": null,
            "revenue": null,
            "common_shares": null,
            "book_valuer_per_share": null,
            "book_valuer_per_share_4q_avg": 1.21,
            "equity": null,
            "current_ratio": null,
            "debt_ratio": null,
            "inventory_turnover_ratio": null,
            "account_receivable_turnover_ratio": null,
            "reinvestment_rate": null,
            "research_to_sale_ratio": null,
            "price_fair": 0,
            "eps_avg_yearly": 0,
            "eps_latest_yearly": 0,
            "eps_growth_yearly": 0
        },
        "20074": {
            "year_quarter": 20074,
            "year": 2007,
            "quarter": 4,
            "eps": null,
            "eps_growth_year": null,
            "eps_4q": null,
            "eps_4q_growth_year": null,
            "roe": null,
            "roe_4q": 0,
            "gross_profit": null,
            "gross_margin": null,
            "gross_margin_4q_avg": 0,
            "net_income": null,
            "revenue": null,
            "common_shares": 320000,
            "book_valuer_per_share": 9.37,
            "book_valuer_per_share_4q_avg": 2.34,
            "equity": 299861,
            "current_ratio": 370.45,
            "debt_ratio": 27.63,
            "inventory_turnover_ratio": null,
            "account_receivable_turnover_ratio": null,
            "reinvestment_rate": null,
            "research_to_sale_ratio": null,
            "price_fair": 0,
            "eps_avg_yearly": 0,
            "eps_latest_yearly": 0,
            "eps_growth_yearly": 0
        },
        "20081": {
            "year_quarter": 20081,
            "year": 2008,
            "quarter": 1,
            "eps": null,
            "eps_growth_year": null,
            "eps_4q": null,
            "eps_4q_growth_year": null,
            "roe": null,
            "roe_4q": 0,
            "gross_profit": null,
            "gross_margin": null,
            "gross_margin_4q_avg": 0,
            "net_income": null,
            "revenue": null,
            "common_shares": null,
            "book_valuer_per_share": null,
            "book_valuer_per_share_4q_avg": 2.34,
            "equity": null,
            "current_ratio": null,
            "debt_ratio": null,
            "inventory_turnover_ratio": null,
            "account_receivable_turnover_ratio": null,
            "reinvestment_rate": null,
            "research_to_sale_ratio": null,
            "price_fair": 0,
            "eps_avg_yearly": 0,
            "eps_latest_yearly": 0,
            "eps_growth_yearly": 0
        },
        "20082": {
            "year_quarter": 20082,
            "year": 2008,
            "quarter": 2,
            "eps": null,
            "eps_growth_year": null,
            "eps_4q": null,
            "eps_4q_growth_year": null,
            "roe": null,
            "roe_4q": 0,
            "gross_profit": null,
            "gross_margin": null,
            "gross_margin_4q_avg": 0,
            "net_income": null,
            "revenue": null,
            "common_shares": null,
            "book_valuer_per_share": null,
            "book_valuer_per_share_4q_avg": 2.34,
            "equity": null,
            "current_ratio": null,
            "debt_ratio": null,
            "inventory_turnover_ratio": null,
            "account_receivable_turnover_ratio": null,
            "reinvestment_rate": null,
            "research_to_sale_ratio": null,
            "price_fair": 0,
            "eps_avg_yearly": 0,
            "eps_latest_yearly": 0,
            "eps_growth_yearly": 0
        },
        "20083": {
            "year_quarter": 20083,
            "year": 2008,
            "quarter": 3,
            "eps": null,
            "eps_growth_year": null,
            "eps_4q": null,
            "eps_4q_growth_year": null,
            "roe": null,
            "roe_4q": 0,
            "gross_profit": null,
            "gross_margin": null,
            "gross_margin_4q_avg": 0,
            "net_income": null,
            "revenue": null,
            "common_shares": null,
            "book_valuer_per_share": null,
            "book_valuer_per_share_4q_avg": 2.34,
            "equity": null,
            "current_ratio": null,
            "debt_ratio": null,
            "inventory_turnover_ratio": null,
            "account_receivable_turnover_ratio": null,
            "reinvestment_rate": null,
            "research_to_sale_ratio": null,
            "price_fair": 0,
            "eps_avg_yearly": 0,
            "eps_latest_yearly": 0,
            "eps_growth_yearly": 0
        },
        "20084": {
            "year_quarter": 20084,
            "year": 2008,
            "quarter": 4,
            "eps": null,
            "eps_growth_year": null,
            "eps_4q": null,
            "eps_4q_growth_year": null,
            "roe": null,
            "roe_4q": 0,
            "gross_profit": null,
            "gross_margin": null,
            "gross_margin_4q_avg": 0,
            "net_income": null,
            "revenue": null,
            "common_shares": 320000,
            "book_valuer_per_share": 10.69,
            "book_valuer_per_share_4q_avg": 2.67,
            "equity": 341970,
            "current_ratio": 531.85,
            "debt_ratio": 22.11,
            "inventory_turnover_ratio": null,
            "account_receivable_turnover_ratio": null,
            "reinvestment_rate": null,
            "research_to_sale_ratio": null,
            "price_fair": 0,
            "eps_avg_yearly": 0,
            "eps_latest_yearly": 0,
            "eps_growth_yearly": 0
        },
        "20091": {
            "year_quarter": 20091,
            "year": 2009,
            "quarter": 1,
            "eps": null,
            "eps_growth_year": null,
            "eps_4q": null,
            "eps_4q_growth_year": null,
            "roe": null,
            "roe_4q": 0,
            "gross_profit": null,
            "gross_margin": null,
            "gross_margin_4q_avg": 0,
            "net_income": null,
            "revenue": null,
            "common_shares": null,
            "book_valuer_per_share": null,
            "book_valuer_per_share_4q_avg": 2.67,
            "equity": null,
            "current_ratio": null,
            "debt_ratio": null,
            "inventory_turnover_ratio": null,
            "account_receivable_turnover_ratio": null,
            "reinvestment_rate": null,
            "research_to_sale_ratio": null,
            "price_fair": 0,
            "eps_avg_yearly": 0,
            "eps_latest_yearly": 0,
            "eps_growth_yearly": 0
        },
        "20092": {
            "year_quarter": 20092,
            "year": 2009,
            "quarter": 2,
            "eps": null,
            "eps_growth_year": null,
            "eps_4q": null,
            "eps_4q_growth_year": null,
            "roe": null,
            "roe_4q": 0,
            "gross_profit": null,
            "gross_margin": null,
            "gross_margin_4q_avg": 0,
            "net_income": null,
            "revenue": null,
            "common_shares": 320000,
            "book_valuer_per_share": null,
            "book_valuer_per_share_4q_avg": 2.67,
            "equity": 355792,
            "current_ratio": null,
            "debt_ratio": null,
            "inventory_turnover_ratio": null,
            "account_receivable_turnover_ratio": null,
            "reinvestment_rate": null,
            "research_to_sale_ratio": null,
            "price_fair": 0,
            "eps_avg_yearly": 0,
            "eps_latest_yearly": 0,
            "eps_growth_yearly": 0
        },
        "20093": {
            "year_quarter": 20093,
            "year": 2009,
            "quarter": 3,
            "eps": 0.92,
            "eps_growth_year": null,
            "eps_4q": null,
            "eps_4q_growth_year": null,
            "roe": 8.07,
            "roe_4q": 8.07,
            "gross_profit": 50973,
            "gross_margin": 50.74,
            "gross_margin_4q_avg": 12.69,
            "net_income": 29923,
            "revenue": 100450,
            "common_shares": 320000,
            "book_valuer_per_share": 12.05,
            "book_valuer_per_share_4q_avg": 5.69,
            "equity": 385715,
            "current_ratio": 447.84,
            "debt_ratio": 24.24,
            "inventory_turnover_ratio": 0.51,
            "account_receivable_turnover_ratio": 1.38,
            "reinvestment_rate": null,
            "research_to_sale_ratio": null,
            "price_fair": 0,
            "eps_avg_yearly": 0,
            "eps_latest_yearly": 0,
            "eps_growth_yearly": 0
        },
        "20094": {
            "year_quarter": 20094,
            "year": 2009,
            "quarter": 4,
            "eps": -0.05,
            "eps_growth_year": null,
            "eps_4q": null,
            "eps_4q_growth_year": null,
            "roe": -0.45,
            "roe_4q": 7.62,
            "gross_profit": 37375,
            "gross_margin": 34.35,
            "gross_margin_4q_avg": 21.27,
            "net_income": -1732,
            "revenue": 108801,
            "common_shares": 320000,
            "book_valuer_per_share": 12.15,
            "book_valuer_per_share_4q_avg": 6.05,
            "equity": 388841,
            "current_ratio": 392.84,
            "debt_ratio": 25.91,
            "inventory_turnover_ratio": 0.77,
            "account_receivable_turnover_ratio": 1.32,
            "reinvestment_rate": null,
            "research_to_sale_ratio": null,
            "price_fair": 0,
            "eps_avg_yearly": 0,
            "eps_latest_yearly": 0,
            "eps_growth_yearly": 0
        },
        "20101": {
            "year_quarter": 20101,
            "year": 2010,
            "quarter": 1,
            "eps": null,
            "eps_growth_year": null,
            "eps_4q": null,
            "eps_4q_growth_year": null,
            "roe": null,
            "roe_4q": 7.62,
            "gross_profit": 53913,
            "gross_margin": null,
            "gross_margin_4q_avg": 21.27,
            "net_income": 26194,
            "revenue": 119219,
            "common_shares": 320000,
            "book_valuer_per_share": 12.97,
            "book_valuer_per_share_4q_avg": 9.29,
            "equity": 415035,
            "current_ratio": 399.14,
            "debt_ratio": 25.41,
            "inventory_turnover_ratio": null,
            "account_receivable_turnover_ratio": null,
            "reinvestment_rate": null,
            "research_to_sale_ratio": null,
            "price_fair": 0,
            "eps_avg_yearly": 0,
            "eps_latest_yearly": 0,
            "eps_growth_yearly": 0
        },
        "20102": {
            "year_quarter": 20102,
            "year": 2010,
            "quarter": 2,
            "eps": 0.81,
            "eps_growth_year": null,
            "eps_4q": 1.67,
            "eps_4q_growth_year": null,
            "roe": 6.35,
            "roe_4q": 13.969999999999999,
            "gross_profit": 73627,
            "gross_margin": 49.36,
            "gross_margin_4q_avg": 33.61,
            "net_income": 26346,
            "revenue": 149151,
            "common_shares": 320000,
            "book_valuer_per_share": 0,
            "book_valuer_per_share_4q_avg": 9.29,
            "equity": 415251,
            "current_ratio": 292.23,
            "debt_ratio": 32.73,
            "inventory_turnover_ratio": 0.76,
            "account_receivable_turnover_ratio": 2.35,
            "reinvestment_rate": null,
            "research_to_sale_ratio": null,
            "price_fair": 0,
            "eps_avg_yearly": 0,
            "eps_latest_yearly": 0,
            "eps_growth_yearly": 0
        },
        "20103": {
            "year_quarter": 20103,
            "year": 2010,
            "quarter": 3,
            "eps": 0.73,
            "eps_growth_year": -20.13,
            "eps_4q": 1.42,
            "eps_4q_growth_year": null,
            "roe": 5.56,
            "roe_4q": 11.46,
            "gross_profit": 64252,
            "gross_margin": 43.93,
            "gross_margin_4q_avg": 31.91,
            "net_income": 26336,
            "revenue": 146259,
            "common_shares": 358400,
            "book_valuer_per_share": 14.63,
            "book_valuer_per_share_4q_avg": 9.94,
            "equity": 532118,
            "current_ratio": 464.33,
            "debt_ratio": 21.81,
            "inventory_turnover_ratio": 0.71,
            "account_receivable_turnover_ratio": 1.17,
            "reinvestment_rate": null,
            "research_to_sale_ratio": 16.62,
            "price_fair": 8.76,
            "eps_avg_yearly": 2.92,
            "eps_latest_yearly": 2.92,
            "eps_growth_yearly": -39.51
        },
        "20104": {
            "year_quarter": 20104,
            "year": 2010,
            "quarter": 4,
            "eps": 0.65,
            "eps_growth_year": null,
            "eps_4q": 2.12,
            "eps_4q_growth_year": null,
            "roe": 4.09,
            "roe_4q": 15.999999999999998,
            "gross_profit": 53016,
            "gross_margin": 40.92,
            "gross_margin_4q_avg": 33.55,
            "net_income": 22037,
            "revenue": 129557,
            "common_shares": 358400,
            "book_valuer_per_share": 15.04,
            "book_valuer_per_share_4q_avg": 10.66,
            "equity": 545647,
            "current_ratio": 516.52,
            "debt_ratio": 19.76,
            "inventory_turnover_ratio": 0.63,
            "account_receivable_turnover_ratio": 1.11,
            "reinvestment_rate": null,
            "research_to_sale_ratio": 15.35,
            "price_fair": 8.28,
            "eps_avg_yearly": 2.76,
            "eps_latest_yearly": 2.6,
            "eps_growth_yearly": -41.67
        },
        "20111": {
            "year_quarter": 20111,
            "year": 2011,
            "quarter": 1,
            "eps": 0.51,
            "eps_growth_year": null,
            "eps_4q": 2.27,
            "eps_4q_growth_year": null,
            "roe": 2.66,
            "roe_4q": 18.659999999999997,
            "gross_profit": 53048,
            "gross_margin": 40.42,
            "gross_margin_4q_avg": 43.66,
            "net_income": 18240,
            "revenue": 131229,
            "common_shares": 417280,
            "book_valuer_per_share": 19.64,
            "book_valuer_per_share_4q_avg": 12.33,
            "equity": 825626,
            "current_ratio": 643.36,
            "debt_ratio": 16.17,
            "inventory_turnover_ratio": 0.63,
            "account_receivable_turnover_ratio": 1.12,
            "reinvestment_rate": null,
            "research_to_sale_ratio": 13.89,
            "price_fair": 7.56,
            "eps_avg_yearly": 2.52,
            "eps_latest_yearly": 2.04,
            "eps_growth_yearly": -56.5
        },
        "20112": {
            "year_quarter": 20112,
            "year": 2011,
            "quarter": 2,
            "eps": 0.45,
            "eps_growth_year": -43.82,
            "eps_4q": 2.09,
            "eps_4q_growth_year": 24.93,
            "roe": 2.3,
            "roe_4q": 14.61,
            "gross_profit": 64995,
            "gross_margin": 43.33,
            "gross_margin_4q_avg": 42.15,
            "net_income": 18238,
            "revenue": 149991,
            "common_shares": 417280,
            "book_valuer_per_share": 18.08,
            "book_valuer_per_share_4q_avg": 16.85,
            "equity": 759686,
            "current_ratio": 392.83,
            "debt_ratio": 22.47,
            "inventory_turnover_ratio": 0.64,
            "account_receivable_turnover_ratio": 1.1,
            "reinvestment_rate": null,
            "research_to_sale_ratio": 13.52,
            "price_fair": 7.02,
            "eps_avg_yearly": 2.34,
            "eps_latest_yearly": 1.8,
            "eps_growth_yearly": -54.14
        },
        "20113": {
            "year_quarter": 20113,
            "year": 2011,
            "quarter": 3,
            "eps": 0.78,
            "eps_growth_year": 6.39,
            "eps_4q": 2.35,
            "eps_4q_growth_year": 65.35,
            "roe": 3.93,
            "roe_4q": 12.98,
            "gross_profit": 71427,
            "gross_margin": 49.48,
            "gross_margin_4q_avg": 43.54,
            "net_income": 28711,
            "revenue": 144361,
            "common_shares": 417280,
            "book_valuer_per_share": 18.01,
            "book_valuer_per_share_4q_avg": 17.69,
            "equity": 701488,
            "current_ratio": 413.06,
            "debt_ratio": 18.66,
            "inventory_turnover_ratio": 0.49,
            "account_receivable_turnover_ratio": 1,
            "reinvestment_rate": null,
            "research_to_sale_ratio": 14.98,
            "price_fair": 63.29,
            "eps_avg_yearly": 2.5,
            "eps_latest_yearly": 3.12,
            "eps_growth_yearly": 15.36
        },
        "20114": {
            "year_quarter": 20114,
            "year": 2011,
            "quarter": 4,
            "eps": 0.67,
            "eps_growth_year": 3.63,
            "eps_4q": 2.42,
            "eps_4q_growth_year": 14.44,
            "roe": 3.45,
            "roe_4q": 12.34,
            "gross_profit": 63300,
            "gross_margin": 50.02,
            "gross_margin_4q_avg": 45.81,
            "net_income": 24522,
            "revenue": 126545,
            "common_shares": 387280,
            "book_valuer_per_share": 18.56,
            "book_valuer_per_share_4q_avg": 18.57,
            "equity": 721552,
            "current_ratio": 476.86,
            "debt_ratio": 16.37,
            "inventory_turnover_ratio": 0.4,
            "account_receivable_turnover_ratio": 0.92,
            "reinvestment_rate": null,
            "research_to_sale_ratio": 19.73,
            "price_fair": 33.84,
            "eps_avg_yearly": 2.53,
            "eps_latest_yearly": 2.68,
            "eps_growth_yearly": 3.39
        },
        "20121": {
            "year_quarter": 20121,
            "year": 2012,
            "quarter": 1,
            "eps": 0.68,
            "eps_growth_year": 33.33,
            "eps_4q": 2.62,
            "eps_4q_growth_year": 15.49,
            "roe": 3.38,
            "roe_4q": 13.059999999999999,
            "gross_profit": 53474,
            "gross_margin": 49.12,
            "gross_margin_4q_avg": 47.99,
            "net_income": 24837,
            "revenue": 108871,
            "common_shares": 387280,
            "book_valuer_per_share": 19.27,
            "book_valuer_per_share_4q_avg": 18.48,
            "equity": 747541,
            "current_ratio": 501.81,
            "debt_ratio": 15.76,
            "inventory_turnover_ratio": 0.34,
            "account_receivable_turnover_ratio": 0.86,
            "reinvestment_rate": null,
            "research_to_sale_ratio": 22.73,
            "price_fair": 35.15,
            "eps_avg_yearly": 2.55,
            "eps_latest_yearly": 2.72,
            "eps_growth_yearly": 3.76
        },
        "20122": {
            "year_quarter": 20122,
            "year": 2012,
            "quarter": 2,
            "eps": 0.91,
            "eps_growth_year": 100.44,
            "eps_4q": 3.04,
            "eps_4q_growth_year": 45.47,
            "roe": 4.63,
            "roe_4q": 15.39,
            "gross_profit": 62474,
            "gross_margin": 40.51,
            "gross_margin_4q_avg": 47.28,
            "net_income": 33989,
            "revenue": 154215,
            "common_shares": 387280,
            "book_valuer_per_share": 18.61,
            "book_valuer_per_share_4q_avg": 18.61,
            "equity": 720644,
            "current_ratio": 370.29,
            "debt_ratio": 21.52,
            "inventory_turnover_ratio": 0.55,
            "account_receivable_turnover_ratio": 1.17,
            "reinvestment_rate": null,
            "research_to_sale_ratio": 18.64,
            "price_fair": 81.25,
            "eps_avg_yearly": 2.69,
            "eps_latest_yearly": 3.64,
            "eps_growth_yearly": 20.2
        },
        "20123": {
            "year_quarter": 20123,
            "year": 2012,
            "quarter": 3,
            "eps": 0.71,
            "eps_growth_year": -9.7,
            "eps_4q": 2.96,
            "eps_4q_growth_year": 25.95,
            "roe": 3.73,
            "roe_4q": 15.189999999999998,
            "gross_profit": 76107,
            "gross_margin": 49.93,
            "gross_margin_4q_avg": 47.4,
            "net_income": 27338,
            "revenue": 152438,
            "common_shares": 387280,
            "book_valuer_per_share": 19.28,
            "book_valuer_per_share_4q_avg": 18.93,
            "equity": 746666,
            "current_ratio": 589.33,
            "debt_ratio": 13.47,
            "inventory_turnover_ratio": 0.48,
            "account_receivable_turnover_ratio": 1.05,
            "reinvestment_rate": null,
            "research_to_sale_ratio": 16.3,
            "price_fair": 49.24,
            "eps_avg_yearly": 2.71,
            "eps_latest_yearly": 2.84,
            "eps_growth_yearly": 8.19
        },
        "20124": {
            "year_quarter": 20124,
            "year": 2012,
            "quarter": 4,
            "eps": 0.76,
            "eps_growth_year": 13.82,
            "eps_4q": 3.05,
            "eps_4q_growth_year": 26.04,
            "roe": 3.89,
            "roe_4q": 15.629999999999999,
            "gross_profit": 63671,
            "gross_margin": 47.44,
            "gross_margin_4q_avg": 46.75,
            "net_income": 29570,
            "revenue": 134200,
            "common_shares": 387280,
            "book_valuer_per_share": 19.95,
            "book_valuer_per_share_4q_avg": 19.28,
            "equity": 772556,
            "current_ratio": 594.41,
            "debt_ratio": 13.31,
            "inventory_turnover_ratio": 0.49,
            "account_receivable_turnover_ratio": 0.98,
            "reinvestment_rate": null,
            "research_to_sale_ratio": 15.31,
            "price_fair": 55.32,
            "eps_avg_yearly": 2.74,
            "eps_latest_yearly": 3.04,
            "eps_growth_yearly": 10.19
        },
        "20131": {
            "year_quarter": 20131,
            "year": 2013,
            "quarter": 1,
            "eps": 1.05,
            "eps_growth_year": 54.41,
            "eps_4q": 3.43,
            "eps_4q_growth_year": 31.04,
            "roe": 4.87,
            "roe_4q": 17.12,
            "gross_profit": 67378,
            "gross_margin": 45.42,
            "gross_margin_4q_avg": 45.83,
            "net_income": 38581,
            "revenue": 148333,
            "common_shares": 387280,
            "book_valuer_per_share": 21.15,
            "book_valuer_per_share_4q_avg": 19.75,
            "equity": 812796,
            "current_ratio": 551.31,
            "debt_ratio": 14.28,
            "inventory_turnover_ratio": 0.6,
            "account_receivable_turnover_ratio": 0.96,
            "reinvestment_rate": null,
            "research_to_sale_ratio": 15.17,
            "price_fair": 95.2,
            "eps_avg_yearly": 2.87,
            "eps_latest_yearly": 4.2,
            "eps_growth_yearly": 23.14
        },
        "20132": {
            "year_quarter": 20132,
            "year": 2013,
            "quarter": 2,
            "eps": 1.26,
            "eps_growth_year": 38.61,
            "eps_4q": 3.56,
            "eps_4q_growth_year": 17.28,
            "roe": 5.75,
            "roe_4q": 18.240000000000002,
            "gross_profit": 97942,
            "gross_margin": 53.83,
            "gross_margin_4q_avg": 49.16,
            "net_income": 46333,
            "revenue": 181956,
            "common_shares": 387280,
            "book_valuer_per_share": 20.86,
            "book_valuer_per_share_4q_avg": 20.31,
            "equity": 799334,
            "current_ratio": 405.08,
            "debt_ratio": 19.96,
            "inventory_turnover_ratio": 0.64,
            "account_receivable_turnover_ratio": 0.97,
            "reinvestment_rate": 25.85,
            "research_to_sale_ratio": 11.92,
            "price_fair": 106.87,
            "eps_avg_yearly": 3.05,
            "eps_latest_yearly": 5.04,
            "eps_growth_yearly": 27.88
        },
        "20133": {
            "year_quarter": 20133,
            "year": 2013,
            "quarter": 3,
            "eps": 1.26,
            "eps_growth_year": 78.49,
            "eps_4q": 3.32,
            "eps_4q_growth_year": 12.07,
            "roe": 5.3,
            "roe_4q": 19.810000000000002,
            "gross_profit": 113531,
            "gross_margin": 62.32,
            "gross_margin_4q_avg": 52.25,
            "net_income": 54173,
            "revenue": 182179,
            "common_shares": 522127,
            "book_valuer_per_share": 23.81,
            "book_valuer_per_share_4q_avg": 21.44,
            "equity": 1243014,
            "current_ratio": 1180.77,
            "debt_ratio": 7.22,
            "inventory_turnover_ratio": 0.51,
            "account_receivable_turnover_ratio": 0.91,
            "reinvestment_rate": 28.63,
            "research_to_sale_ratio": 20.62,
            "price_fair": 112.22,
            "eps_avg_yearly": 3.21,
            "eps_latest_yearly": 5.04,
            "eps_growth_yearly": 25.73
        },
        "20134": {
            "year_quarter": 20134,
            "year": 2013,
            "quarter": 4,
            "eps": 1.33,
            "eps_growth_year": 74.73,
            "eps_4q": 4.09,
            "eps_4q_growth_year": 33.8,
            "roe": 5.43,
            "roe_4q": 21.35,
            "gross_profit": 125161,
            "gross_margin": 56.28,
            "gross_margin_4q_avg": 54.46,
            "net_income": 69633,
            "revenue": 222406,
            "common_shares": 522127,
            "book_valuer_per_share": 25.29,
            "book_valuer_per_share_4q_avg": 22.78,
            "equity": 1320612,
            "current_ratio": 757.68,
            "debt_ratio": 11.17,
            "inventory_turnover_ratio": 0.66,
            "account_receivable_turnover_ratio": 1.21,
            "reinvestment_rate": 25.64,
            "research_to_sale_ratio": 14.21,
            "price_fair": 117.5,
            "eps_avg_yearly": 3.36,
            "eps_latest_yearly": 5.32,
            "eps_growth_yearly": 25.48
        },
        "20141": {
            "year_quarter": 20141,
            "year": 2014,
            "quarter": 1,
            "eps": 1.38,
            "eps_growth_year": 31.43,
            "eps_4q": 4.65,
            "eps_4q_growth_year": 35.69,
            "roe": 5.17,
            "roe_4q": 21.65,
            "gross_profit": 129074,
            "gross_margin": 58.51,
            "gross_margin_4q_avg": 57.74,
            "net_income": 70247,
            "revenue": 220607,
            "common_shares": 522127,
            "book_valuer_per_share": 26.77,
            "book_valuer_per_share_4q_avg": 24.18,
            "equity": 1397943,
            "current_ratio": 705.39,
            "debt_ratio": 11.61,
            "inventory_turnover_ratio": 0.58,
            "account_receivable_turnover_ratio": 1.53,
            "reinvestment_rate": 32.26,
            "research_to_sale_ratio": 14.09,
            "price_fair": 121.8,
            "eps_avg_yearly": 3.5,
            "eps_latest_yearly": 5.52,
            "eps_growth_yearly": 24.79
        },
        "20142": {
            "year_quarter": 20142,
            "year": 2014,
            "quarter": 2,
            "eps": 1.48,
            "eps_growth_year": 17.46,
            "eps_4q": 4.87,
            "eps_4q_growth_year": 36.77,
            "roe": 5.48,
            "roe_4q": 21.38,
            "gross_profit": 146795,
            "gross_margin": 56.55,
            "gross_margin_4q_avg": 58.42,
            "net_income": 75323,
            "revenue": 259562,
            "common_shares": 522127,
            "book_valuer_per_share": 25.83,
            "book_valuer_per_share_4q_avg": 25.43,
            "equity": 1348662,
            "current_ratio": 412.97,
            "debt_ratio": 19.13,
            "inventory_turnover_ratio": 0.66,
            "account_receivable_turnover_ratio": 1.61,
            "reinvestment_rate": 32.65,
            "research_to_sale_ratio": 13.47,
            "price_fair": 127.84,
            "eps_avg_yearly": 3.65,
            "eps_latest_yearly": 5.92,
            "eps_growth_yearly": 25.05
        },
        "20143": {
            "year_quarter": 20143,
            "year": 2014,
            "quarter": 3,
            "eps": 1.63,
            "eps_growth_year": 29.37,
            "eps_4q": 5.49,
            "eps_4q_growth_year": 65.31,
            "roe": 6.33,
            "roe_4q": 22.41,
            "gross_profit": 164789,
            "gross_margin": 57.45,
            "gross_margin_4q_avg": 57.2,
            "net_income": 88371,
            "revenue": 286862,
            "common_shares": 553454,
            "book_valuer_per_share": 26.1,
            "book_valuer_per_share_4q_avg": 26,
            "equity": 1444267,
            "current_ratio": 585.83,
            "debt_ratio": 12.62,
            "inventory_turnover_ratio": 0.61,
            "account_receivable_turnover_ratio": 1.33,
            "reinvestment_rate": 31.23,
            "research_to_sale_ratio": 15.57,
            "price_fair": 135.71,
            "eps_avg_yearly": 3.88,
            "eps_latest_yearly": 6.52,
            "eps_growth_yearly": 30.05
        },
        "20144": {
            "year_quarter": 20144,
            "year": 2014,
            "quarter": 4,
            "eps": 1.25,
            "eps_growth_year": -6.23,
            "eps_4q": 5.48,
            "eps_4q_growth_year": 34.08,
            "roe": 4.67,
            "roe_4q": 21.65,
            "gross_profit": 135183,
            "gross_margin": 56.89,
            "gross_margin_4q_avg": 57.35,
            "net_income": 69201,
            "revenue": 237609,
            "common_shares": 553384,
            "book_valuer_per_share": 27.47,
            "book_valuer_per_share_4q_avg": 26.54,
            "equity": 1520304,
            "current_ratio": 656.42,
            "debt_ratio": 11.1,
            "inventory_turnover_ratio": 0.42,
            "account_receivable_turnover_ratio": 1.16,
            "reinvestment_rate": 28.86,
            "research_to_sale_ratio": 18.14,
            "price_fair": 140.96,
            "eps_avg_yearly": 4.03,
            "eps_latest_yearly": 5,
            "eps_growth_yearly": 26.96
        },
        "20151": {
            "year_quarter": 20151,
            "year": 2015,
            "quarter": 1,
            "eps": 0.6,
            "eps_growth_year": -56.52,
            "eps_4q": 4.8,
            "eps_4q_growth_year": 3.16,
            "roe": 2.13,
            "roe_4q": 18.61,
            "gross_profit": 107447,
            "gross_margin": 53.71,
            "gross_margin_4q_avg": 56.15,
            "net_income": 32688,
            "revenue": 200062,
            "common_shares": 553384,
            "book_valuer_per_share": 28.11,
            "book_valuer_per_share_4q_avg": 26.88,
            "equity": 1555756,
            "current_ratio": 767.18,
            "debt_ratio": 9.85,
            "inventory_turnover_ratio": 0.37,
            "account_receivable_turnover_ratio": 1.3,
            "reinvestment_rate": 35,
            "research_to_sale_ratio": 22.14,
            "price_fair": 118.86,
            "eps_avg_yearly": 4.05,
            "eps_latest_yearly": 2.4,
            "eps_growth_yearly": 19.35
        },
        "20152": {
            "year_quarter": 20152,
            "year": 2015,
            "quarter": 2,
            "eps": 0.48,
            "eps_growth_year": -67.57,
            "eps_4q": 3.61,
            "eps_4q_growth_year": -25.98,
            "roe": 1.75,
            "roe_4q": 14.88,
            "gross_profit": 102674,
            "gross_margin": 48.17,
            "gross_margin_4q_avg": 54.06,
            "net_income": 26218,
            "revenue": 213162,
            "common_shares": 553384,
            "book_valuer_per_share": 25.89,
            "book_valuer_per_share_4q_avg": 26.89,
            "equity": 1432713,
            "current_ratio": 429.54,
            "debt_ratio": 17.44,
            "inventory_turnover_ratio": 0.48,
            "account_receivable_turnover_ratio": 1.07,
            "reinvestment_rate": 32.64,
            "research_to_sale_ratio": 21.9,
            "price_fair": 110.72,
            "eps_avg_yearly": 4.06,
            "eps_latest_yearly": 1.92,
            "eps_growth_yearly": 17.29
        },
        "20153": {
            "year_quarter": 20153,
            "year": 2015,
            "quarter": 3,
            "eps": 0.89,
            "eps_growth_year": -45.4,
            "eps_4q": 3.01,
            "eps_4q_growth_year": -45.06,
            "roe": 3.62,
            "roe_4q": 12.17,
            "gross_profit": 103840,
            "gross_margin": 50.72,
            "gross_margin_4q_avg": 52.37,
            "net_income": 52838,
            "revenue": 204724,
            "common_shares": 600421,
            "book_valuer_per_share": 24.8,
            "book_valuer_per_share_4q_avg": 26.57,
            "equity": 1489055,
            "current_ratio": 850.46,
            "debt_ratio": 8.85,
            "inventory_turnover_ratio": 0.49,
            "account_receivable_turnover_ratio": 0.75,
            "reinvestment_rate": 23.54,
            "research_to_sale_ratio": 23.24,
            "price_fair": 123.81,
            "eps_avg_yearly": 4.09,
            "eps_latest_yearly": 3.56,
            "eps_growth_yearly": 20.31
        },
        "20154": {
            "year_quarter": 20154,
            "year": 2015,
            "quarter": 4,
            "eps": 0.5,
            "eps_growth_year": -60.17,
            "eps_4q": 2.36,
            "eps_4q_growth_year": -56.93,
            "roe": 1.99,
            "roe_4q": 9.49,
            "gross_profit": 119514,
            "gross_margin": 50.51,
            "gross_margin_4q_avg": 50.78,
            "net_income": 29906,
            "revenue": 236617,
            "common_shares": 600421,
            "book_valuer_per_share": 25.37,
            "book_valuer_per_share_4q_avg": 26.04,
            "equity": 1523505,
            "current_ratio": 740.44,
            "debt_ratio": 10.4,
            "inventory_turnover_ratio": 0.6,
            "account_receivable_turnover_ratio": 0.92,
            "reinvestment_rate": 23.51,
            "research_to_sale_ratio": 18.48,
            "price_fair": 92.49,
            "eps_avg_yearly": 4.04,
            "eps_latest_yearly": 2,
            "eps_growth_yearly": 12.88
        },
        "20161": {
            "year_quarter": 20161,
            "year": 2016,
            "quarter": 1,
            "eps": 0.42,
            "eps_growth_year": -30,
            "eps_4q": 2.23,
            "eps_4q_growth_year": -53.59,
            "roe": 1.61,
            "roe_4q": 8.97,
            "gross_profit": 101812,
            "gross_margin": 48.29,
            "gross_margin_4q_avg": 49.42,
            "net_income": 24765,
            "revenue": 210820,
            "common_shares": 600421,
            "book_valuer_per_share": 25.76,
            "book_valuer_per_share_4q_avg": 25.46,
            "equity": 1546835,
            "current_ratio": 765.97,
            "debt_ratio": 10,
            "inventory_turnover_ratio": 0.5,
            "account_receivable_turnover_ratio": 0.92,
            "reinvestment_rate": 22.89,
            "research_to_sale_ratio": 21.52,
            "price_fair": 73.61,
            "eps_avg_yearly": 3.98,
            "eps_latest_yearly": 1.68,
            "eps_growth_yearly": 8.51
        },
        "20162": {
            "year_quarter": 20162,
            "year": 2016,
            "quarter": 2,
            "eps": 0.85,
            "eps_growth_year": 77.08,
            "eps_4q": 2.43,
            "eps_4q_growth_year": -32.68,
            "roe": 3.26,
            "roe_4q": 10.48,
            "gross_profit": 108339,
            "gross_margin": 52.99,
            "gross_margin_4q_avg": 50.63,
            "net_income": 50620,
            "revenue": 204440,
            "common_shares": 600421,
            "book_valuer_per_share": 25.96,
            "book_valuer_per_share_4q_avg": 25.47,
            "equity": 1558519,
            "current_ratio": 637.2,
            "debt_ratio": 11.46,
            "inventory_turnover_ratio": 0.39,
            "account_receivable_turnover_ratio": 0.85,
            "reinvestment_rate": 26.29,
            "research_to_sale_ratio": 24.08,
            "price_fair": 138.69,
            "eps_avg_yearly": 3.96,
            "eps_latest_yearly": 3.4,
            "eps_growth_yearly": 25.65
        },
        "20163": {
            "year_quarter": 20163,
            "year": 2016,
            "quarter": 3,
            "eps": 0.45,
            "eps_growth_year": -49.44,
            "eps_4q": 2.06,
            "eps_4q_growth_year": -31.48,
            "roe": 1.86,
            "roe_4q": 8.72,
            "gross_profit": 100640,
            "gross_margin": 48.2,
            "gross_margin_4q_avg": 50,
            "net_income": 29234,
            "revenue": 208807,
            "common_shares": 651457,
            "book_valuer_per_share": 24.25,
            "book_valuer_per_share_4q_avg": 25.34,
            "equity": 1579764,
            "current_ratio": 857.11,
            "debt_ratio": 8.62,
            "inventory_turnover_ratio": 0.44,
            "account_receivable_turnover_ratio": 0.77,
            "reinvestment_rate": 27.64,
            "research_to_sale_ratio": 20.22,
            "price_fair": 114.49,
            "eps_avg_yearly": 3.9,
            "eps_latest_yearly": 1.8,
            "eps_growth_yearly": 19.38
        },
        "20164": {
            "year_quarter": 20164,
            "year": 2016,
            "quarter": 4,
            "eps": 0.28,
            "eps_growth_year": -43.01,
            "eps_4q": 1.89,
            "eps_4q_growth_year": -19.9,
            "roe": 1.16,
            "roe_4q": 7.89,
            "gross_profit": 92465,
            "gross_margin": 42.16,
            "gross_margin_4q_avg": 47.91,
            "net_income": 18492,
            "revenue": 219294,
            "common_shares": 651457,
            "book_valuer_per_share": 24.59,
            "book_valuer_per_share_4q_avg": 25.14,
            "equity": 1601918,
            "current_ratio": 773.05,
            "debt_ratio": 9.77,
            "inventory_turnover_ratio": 0.56,
            "account_receivable_turnover_ratio": 0.76,
            "reinvestment_rate": 30.15,
            "research_to_sale_ratio": 22.68,
            "price_fair": 68.64,
            "eps_avg_yearly": 3.78,
            "eps_latest_yearly": 1.12,
            "eps_growth_yearly": 8.17
        },
        "20171": {
            "year_quarter": 20171,
            "year": 2017,
            "quarter": 1,
            "eps": 0.06,
            "eps_growth_year": -85.71,
            "eps_4q": 1.57,
            "eps_4q_growth_year": -29.6,
            "roe": 0.24,
            "roe_4q": 6.52,
            "gross_profit": 72571,
            "gross_margin": 43.05,
            "gross_margin_4q_avg": 46.6,
            "net_income": 3802,
            "revenue": 168591,
            "common_shares": 651457,
            "book_valuer_per_share": 24.37,
            "book_valuer_per_share_4q_avg": 24.79,
            "equity": 1587591,
            "current_ratio": 1097.44,
            "debt_ratio": 6.64,
            "inventory_turnover_ratio": 0.46,
            "account_receivable_turnover_ratio": 0.66,
            "reinvestment_rate": 28.51,
            "research_to_sale_ratio": 21.11,
            "price_fair": 10.59,
            "eps_avg_yearly": 3.53,
            "eps_latest_yearly": 0.24,
            "eps_growth_yearly": -21.01
        },
        "20172": {
            "year_quarter": 20172,
            "year": 2017,
            "quarter": 2,
            "eps": 0.51,
            "eps_growth_year": -40,
            "eps_4q": 1.23,
            "eps_4q_growth_year": -49.51,
            "roe": 2.11,
            "roe_4q": 5.37,
            "gross_profit": 90120,
            "gross_margin": 48.83,
            "gross_margin_4q_avg": 45.56,
            "net_income": 33502,
            "revenue": 184576,
            "common_shares": 651457,
            "book_valuer_per_share": 24.28,
            "book_valuer_per_share_4q_avg": 24.37,
            "equity": 1581845,
            "current_ratio": 683.45,
            "debt_ratio": 10.69,
            "inventory_turnover_ratio": 0.49,
            "account_receivable_turnover_ratio": 0.62,
            "reinvestment_rate": 29.04,
            "research_to_sale_ratio": 22.31,
            "price_fair": 116.99,
            "eps_avg_yearly": 3.34,
            "eps_latest_yearly": 2.04,
            "eps_growth_yearly": 161.49
        },
        "20173": {
            "year_quarter": 20173,
            "year": 2017,
            "quarter": 3,
            "eps": 0.4,
            "eps_growth_year": -11.11,
            "eps_4q": 1.21,
            "eps_4q_growth_year": -41.56,
            "roe": 1.75,
            "roe_4q": 5.26,
            "gross_profit": 99409,
            "gross_margin": 46.85,
            "gross_margin_4q_avg": 45.22,
            "net_income": 27926,
            "revenue": 212183,
            "common_shares": 693803,
            "book_valuer_per_share": 23.21,
            "book_valuer_per_share_4q_avg": 24.11,
            "equity": 1610384,
            "current_ratio": 670.91,
            "debt_ratio": 10.79,
            "inventory_turnover_ratio": 0.56,
            "account_receivable_turnover_ratio": 0.63,
            "reinvestment_rate": 35.19,
            "research_to_sale_ratio": 21.7,
            "price_fair": 109.46,
            "eps_avg_yearly": 3.13,
            "eps_latest_yearly": 1.6,
            "eps_growth_yearly": 156.1
        },
        "20174": {
            "year_quarter": 20174,
            "year": 2017,
            "quarter": 4,
            "eps": 0.08,
            "eps_growth_year": -72.44,
            "eps_4q": 1.02,
            "eps_4q_growth_year": -46.11,
            "roe": 0.34,
            "roe_4q": 4.4399999999999995,
            "gross_profit": 87873,
            "gross_margin": 44.98,
            "gross_margin_4q_avg": 45.93,
            "net_income": 5428,
            "revenue": 195358,
            "common_shares": 693803,
            "book_valuer_per_share": 23.23,
            "book_valuer_per_share_4q_avg": 23.77,
            "equity": 1611800,
            "current_ratio": 872.47,
            "debt_ratio": 8.44,
            "inventory_turnover_ratio": 0.47,
            "account_receivable_turnover_ratio": 0.77,
            "reinvestment_rate": 34.55,
            "research_to_sale_ratio": 23.16,
            "price_fair": 98.53,
            "eps_avg_yearly": 2.82,
            "eps_latest_yearly": 0.32,
            "eps_growth_yearly": 134.71
        },
        "20181": {
            "year_quarter": 20181,
            "year": 2018,
            "quarter": 1,
            "eps": 0.55,
            "eps_growth_year": 816.67,
            "eps_4q": 1.51,
            "eps_4q_growth_year": -3.62,
            "roe": 2.33,
            "roe_4q": 6.529999999999999,
            "gross_profit": 93396,
            "gross_margin": 42.47,
            "gross_margin_4q_avg": 45.78,
            "net_income": 37994,
            "revenue": 219925,
            "common_shares": 693803,
            "book_valuer_per_share": 23.82,
            "book_valuer_per_share_4q_avg": 23.64,
            "equity": 1652417,
            "current_ratio": 971.41,
            "debt_ratio": 7.53,
            "inventory_turnover_ratio": 0.56,
            "account_receivable_turnover_ratio": 1.03,
            "reinvestment_rate": 10.73,
            "research_to_sale_ratio": 24.68,
            "price_fair": 91.26,
            "eps_avg_yearly": 2.61,
            "eps_latest_yearly": 2.2,
            "eps_growth_yearly": 280.64
        },
        "20182": {
            "year_quarter": 20182,
            "year": 2018,
            "quarter": 2,
            "eps": 0.71,
            "eps_growth_year": 39.22,
            "eps_4q": 1.74,
            "eps_4q_growth_year": 41.67,
            "roe": 2.92,
            "roe_4q": 7.34,
            "gross_profit": 119753,
            "gross_margin": 48.99,
            "gross_margin_4q_avg": 45.82,
            "net_income": 49112,
            "revenue": 244467,
            "common_shares": 693803,
            "book_valuer_per_share": 24.66,
            "book_valuer_per_share_4q_avg": 23.73,
            "equity": 1710785,
            "current_ratio": 737.11,
            "debt_ratio": 10.2,
            "inventory_turnover_ratio": 0.56,
            "account_receivable_turnover_ratio": 1.12,
            "reinvestment_rate": 1.85,
            "research_to_sale_ratio": 18.92,
            "price_fair": 84.53,
            "eps_avg_yearly": 2.42,
            "eps_latest_yearly": 2.84,
            "eps_growth_yearly": 286.1
        },
        "20183": {
            "year_quarter": 20183,
            "year": 2018,
            "quarter": 3,
            "eps": 0.19,
            "eps_growth_year": -52.5,
            "eps_4q": 1.53,
            "eps_4q_growth_year": 26.4,
            "roe": 0.78,
            "roe_4q": 6.37,
            "gross_profit": 80912,
            "gross_margin": 43.87,
            "gross_margin_4q_avg": 45.08,
            "net_income": 13287,
            "revenue": 184455,
            "common_shares": 693803,
            "book_valuer_per_share": 24.27,
            "book_valuer_per_share_4q_avg": 24,
            "equity": 1683873,
            "current_ratio": 740.52,
            "debt_ratio": 10.15,
            "inventory_turnover_ratio": 0.4,
            "account_receivable_turnover_ratio": 0.86,
            "reinvestment_rate": -5.9,
            "research_to_sale_ratio": 23.11,
            "price_fair": 71.93,
            "eps_avg_yearly": 2.06,
            "eps_latest_yearly": 0.76,
            "eps_growth_yearly": 265.26
        },
        "20184": {
            "year_quarter": 20184,
            "year": 2018,
            "quarter": 4,
            "eps": 0.19,
            "eps_growth_year": 137.55,
            "eps_4q": 1.63,
            "eps_4q_growth_year": 60.33,
            "roe": 0.76,
            "roe_4q": 6.79,
            "gross_profit": 45336,
            "gross_margin": 35.74,
            "gross_margin_4q_avg": 42.77,
            "net_income": 12894,
            "revenue": 126845,
            "common_shares": 693803,
            "book_valuer_per_share": 24.48,
            "book_valuer_per_share_4q_avg": 24.31,
            "equity": 1698229,
            "current_ratio": 863.45,
            "debt_ratio": 8.76,
            "inventory_turnover_ratio": 0.27,
            "account_receivable_turnover_ratio": 0.85,
            "reinvestment_rate": -13.15,
            "research_to_sale_ratio": 31.8,
            "price_fair": 62.65,
            "eps_avg_yearly": 1.79,
            "eps_latest_yearly": 0.76,
            "eps_growth_yearly": 271.09
        },
        "20191": {
            "year_quarter": 20191,
            "year": 2019,
            "quarter": 1,
            "eps": 0.05,
            "eps_growth_year": -90.91,
            "eps_4q": 1.13,
            "eps_4q_growth_year": -25.06,
            "roe": 0.19,
            "roe_4q": 4.65,
            "gross_profit": 34862,
            "gross_margin": 30.48,
            "gross_margin_4q_avg": 39.77,
            "net_income": 3282,
            "revenue": 114376,
            "common_shares": 693803,
            "book_valuer_per_share": 24.59,
            "book_valuer_per_share_4q_avg": 24.5,
            "equity": 1705722,
            "current_ratio": 1286.77,
            "debt_ratio": 6.98,
            "inventory_turnover_ratio": 0.25,
            "account_receivable_turnover_ratio": 1.28,
            "reinvestment_rate": -25.59,
            "research_to_sale_ratio": 34.13,
            "price_fair": 57.84,
            "eps_avg_yearly": 1.65,
            "eps_latest_yearly": 0.2,
            "eps_growth_yearly": 265.67
        },
        "20192": {
            "year_quarter": 20192,
            "year": 2019,
            "quarter": 2,
            "eps": 0.08,
            "eps_growth_year": -88.73,
            "eps_4q": 0.5,
            "eps_4q_growth_year": -71.09,
            "roe": 0.34,
            "roe_4q": 2.0700000000000003,
            "gross_profit": 49896,
            "gross_margin": 35.95,
            "gross_margin_4q_avg": 36.51,
            "net_income": 5362,
            "revenue": 138777,
            "common_shares": 693803,
            "book_valuer_per_share": 20.66,
            "book_valuer_per_share_4q_avg": 23.5,
            "equity": 1433462,
            "current_ratio": 372.18,
            "debt_ratio": 22.08,
            "inventory_turnover_ratio": 0.29,
            "account_receivable_turnover_ratio": 1.56,
            "reinvestment_rate": -41.96,
            "research_to_sale_ratio": 25.31,
            "price_fair": 54.34,
            "eps_avg_yearly": 1.55,
            "eps_latest_yearly": 0.32,
            "eps_growth_yearly": 285.67
        },
        "20193": {
            "year_quarter": 20193,
            "year": 2019,
            "quarter": 3,
            "eps": 0.7,
            "eps_growth_year": 268.42,
            "eps_4q": 1.02,
            "eps_4q_growth_year": -33.43,
            "roe": 3.36,
            "roe_4q": 4.6499999999999995,
            "gross_profit": 102773,
            "gross_margin": 48.25,
            "gross_margin_4q_avg": 37.61,
            "net_income": 48911,
            "revenue": 213016,
            "common_shares": 693803,
            "book_valuer_per_share": 21.3,
            "book_valuer_per_share_4q_avg": 22.76,
            "equity": 1478003,
            "current_ratio": 1339.17,
            "debt_ratio": 6.95,
            "inventory_turnover_ratio": 0.42,
            "account_receivable_turnover_ratio": 2.08,
            "reinvestment_rate": -48,
            "research_to_sale_ratio": 17.31,
            "price_fair": 52.68,
            "eps_avg_yearly": 1.51,
            "eps_latest_yearly": 2.8,
            "eps_growth_yearly": 458.06
        },
        "20194": {
            "year_quarter": 20194,
            "year": 2019,
            "quarter": 4,
            "eps": 0.51,
            "eps_growth_year": 175.76,
            "eps_4q": 1.34,
            "eps_4q_growth_year": -17.8,
            "roe": 2.39,
            "roe_4q": 6.28,
            "gross_profit": 104816,
            "gross_margin": 47.33,
            "gross_margin_4q_avg": 40.5,
            "net_income": 35554,
            "revenue": 221464,
            "common_shares": 693803,
            "book_valuer_per_share": 21.64,
            "book_valuer_per_share_4q_avg": 22.05,
            "equity": 1501525,
            "current_ratio": 1116.88,
            "debt_ratio": 7.88,
            "inventory_turnover_ratio": 0.54,
            "account_receivable_turnover_ratio": 1.7,
            "reinvestment_rate": -45.19,
            "research_to_sale_ratio": 18.12,
            "price_fair": 52.76,
            "eps_avg_yearly": 1.51,
            "eps_latest_yearly": 2.04,
            "eps_growth_yearly": 462.23
        },
        "20201": {
            "year_quarter": 20201,
            "year": 2020,
            "quarter": 1,
            "eps": 0.57,
            "eps_growth_year": 1040,
            "eps_4q": 1.92,
            "eps_4q_growth_year": 69.33,
            "roe": 2.67,
            "roe_4q": 8.76,
            "gross_profit": 68841,
            "gross_margin": 43.88,
            "gross_margin_4q_avg": 43.85,
            "net_income": 39083,
            "revenue": 156868,
            "common_shares": 693803,
            "book_valuer_per_share": 21.25,
            "book_valuer_per_share_4q_avg": 21.21,
            "equity": 1428574,
            "current_ratio": 909.32,
            "debt_ratio": 9.38,
            "inventory_turnover_ratio": 0.46,
            "account_receivable_turnover_ratio": 1.3,
            "reinvestment_rate": -42.27,
            "research_to_sale_ratio": 22.2,
            "price_fair": 54.08,
            "eps_avg_yearly": 1.55,
            "eps_latest_yearly": 2.28,
            "eps_growth_yearly": 469.17
        },
        "20202": {
            "year_quarter": 20202,
            "year": 2020,
            "quarter": 2,
            "eps": 0.6,
            "eps_growth_year": 650,
            "eps_4q": 2.34,
            "eps_4q_growth_year": 365.37,
            "roe": 3.13,
            "roe_4q": 11.549999999999999,
            "gross_profit": 114673,
            "gross_margin": 47.03,
            "gross_margin_4q_avg": 46.62,
            "net_income": 43339,
            "revenue": 243819,
            "common_shares": 693803,
            "book_valuer_per_share": 19.69,
            "book_valuer_per_share_4q_avg": 20.97,
            "equity": 1340456,
            "current_ratio": 349.81,
            "debt_ratio": 23.33,
            "inventory_turnover_ratio": 0.67,
            "account_receivable_turnover_ratio": 1.97,
            "reinvestment_rate": -51.05,
            "research_to_sale_ratio": 17.87,
            "price_fair": 51.89,
            "eps_avg_yearly": 1.48,
            "eps_latest_yearly": 2.4,
            "eps_growth_yearly": 444.89
        },
        "20203": {
            "year_quarter": 20203,
            "year": 2020,
            "quarter": 3,
            "eps": 1.02,
            "eps_growth_year": 45.71,
            "eps_4q": 2.64,
            "eps_4q_growth_year": 160.25,
            "roe": 5.23,
            "roe_4q": 13.42,
            "gross_profit": 150558,
            "gross_margin": 48.15,
            "gross_margin_4q_avg": 46.6,
            "net_income": 73545,
            "revenue": 312658,
            "common_shares": 727390,
            "book_valuer_per_share": 20.32,
            "book_valuer_per_share_4q_avg": 20.73,
            "equity": 1472923,
            "current_ratio": 568.31,
            "debt_ratio": 13.48,
            "inventory_turnover_ratio": 0.79,
            "account_receivable_turnover_ratio": 1.8,
            "reinvestment_rate": -48.72,
            "research_to_sale_ratio": 13.8,
            "price_fair": 56.88,
            "eps_avg_yearly": 1.63,
            "eps_latest_yearly": 4.08,
            "eps_growth_yearly": 474.16
        },
        "20204": {
            "year_quarter": 20204,
            "year": 2020,
            "quarter": 4,
            "eps": 1.16,
            "eps_growth_year": 125.57,
            "eps_4q": 3.31,
            "eps_4q_growth_year": 146.48,
            "roe": 5.52,
            "roe_4q": 16.549999999999997,
            "gross_profit": 172769,
            "gross_margin": 48.25,
            "gross_margin_4q_avg": 46.83,
            "net_income": 83784,
            "revenue": 358105,
            "common_shares": 727390,
            "book_valuer_per_share": 21.53,
            "book_valuer_per_share_4q_avg": 20.7,
            "equity": 1560602,
            "current_ratio": 599.93,
            "debt_ratio": 13.03,
            "inventory_turnover_ratio": 0.85,
            "account_receivable_turnover_ratio": 1.86,
            "reinvestment_rate": -48.25,
            "research_to_sale_ratio": 12.62,
            "price_fair": 64.58,
            "eps_avg_yearly": 1.85,
            "eps_latest_yearly": 4.64,
            "eps_growth_yearly": 487.03
        },
        "20211": {
            "year_quarter": 20211,
            "year": 2021,
            "quarter": 1,
            "eps": 1.14,
            "eps_growth_year": 100,
            "eps_4q": 3.91,
            "eps_4q_growth_year": 103.85,
            "roe": 5.16,
            "roe_4q": 19.04,
            "gross_profit": 146181,
            "gross_margin": 52.4,
            "gross_margin_4q_avg": 48.96,
            "net_income": 82659,
            "revenue": 278969,
            "common_shares": 727390,
            "book_valuer_per_share": 22.67,
            "book_valuer_per_share_4q_avg": 21.05,
            "equity": 1642873,
            "current_ratio": 603.46,
            "debt_ratio": 13.11,
            "inventory_turnover_ratio": 0.57,
            "account_receivable_turnover_ratio": 1.58,
            "reinvestment_rate": -39.65,
            "research_to_sale_ratio": 14.76,
            "price_fair": 74.03,
            "eps_avg_yearly": 2.12,
            "eps_latest_yearly": 4.56,
            "eps_growth_yearly": 506.25
        },
        "20212": {
            "year_quarter": 20212,
            "year": 2021,
            "quarter": 2,
            "eps": 1.38,
            "eps_growth_year": 130,
            "eps_4q": 4.69,
            "eps_4q_growth_year": 100.74,
            "roe": 5.91,
            "roe_4q": 21.82,
            "gross_profit": 179865,
            "gross_margin": 53.64,
            "gross_margin_4q_avg": 50.61,
            "net_income": 99858,
            "revenue": 335327,
            "common_shares": 727390,
            "book_valuer_per_share": 23.99,
            "book_valuer_per_share_4q_avg": 22.13,
            "equity": 1738677,
            "current_ratio": 612.37,
            "debt_ratio": 13.23,
            "inventory_turnover_ratio": 0.61,
            "account_receivable_turnover_ratio": 1.81,
            "reinvestment_rate": -34.92,
            "research_to_sale_ratio": 11.46,
            "price_fair": 81.64,
            "eps_avg_yearly": 2.33,
            "eps_latest_yearly": 5.52,
            "eps_growth_yearly": 324.01
        },
        "20213": {
            "year_quarter": 20213,
            "year": 2021,
            "quarter": 3,
            "eps": 1.72,
            "eps_growth_year": 68.63,
            "eps_4q": 5.05,
            "eps_4q_growth_year": 91.21,
            "roe": 8.05,
            "roe_4q": 24.64,
            "gross_profit": 212721,
            "gross_margin": 56.12,
            "gross_margin_4q_avg": 52.6,
            "net_income": 137030,
            "revenue": 379021,
            "common_shares": 799866,
            "book_valuer_per_share": 20.85,
            "book_valuer_per_share_4q_avg": 22.26,
            "equity": 1663967,
            "current_ratio": 642.81,
            "debt_ratio": 12.46,
            "inventory_turnover_ratio": 0.63,
            "account_receivable_turnover_ratio": 1.79,
            "reinvestment_rate": -36.64,
            "research_to_sale_ratio": 10.71,
            "price_fair": 93.19,
            "eps_avg_yearly": 2.66,
            "eps_latest_yearly": 6.88,
            "eps_growth_yearly": 335.56
        },
        "20214": {
            "year_quarter": 20214,
            "year": 2021,
            "quarter": 4,
            "eps": 1.02,
            "eps_growth_year": -11.57,
            "eps_4q": 5.03,
            "eps_4q_growth_year": 51.92,
            "roe": 4.79,
            "roe_4q": 23.91,
            "gross_profit": 162608,
            "gross_margin": 53.72,
            "gross_margin_4q_avg": 53.97,
            "net_income": 81605,
            "revenue": 302723,
            "common_shares": 799866,
            "book_valuer_per_share": 21.88,
            "book_valuer_per_share_4q_avg": 22.35,
            "equity": 1746172,
            "current_ratio": 669.84,
            "debt_ratio": 12.15,
            "inventory_turnover_ratio": 0.55,
            "account_receivable_turnover_ratio": 1.46,
            "reinvestment_rate": -28.69,
            "research_to_sale_ratio": 15.06,
            "price_fair": 101.41,
            "eps_avg_yearly": 2.9,
            "eps_latest_yearly": 4.08,
            "eps_growth_yearly": 345.39
        },
        "20221": {
            "year_quarter": 20221,
            "year": 2022,
            "quarter": 1,
            "eps": 0.84,
            "eps_growth_year": -26.32,
            "eps_4q": 4.83,
            "eps_4q_growth_year": 23.45,
            "roe": 4.21,
            "roe_4q": 22.96,
            "gross_profit": 105184,
            "gross_margin": 53.18,
            "gross_margin_4q_avg": 54.17,
            "net_income": 66720,
            "revenue": 197785,
            "common_shares": 799866,
            "book_valuer_per_share": 17.84,
            "book_valuer_per_share_4q_avg": 21.14,
            "equity": 1424067,
            "current_ratio": 257.98,
            "debt_ratio": 30.73,
            "inventory_turnover_ratio": 0.35,
            "account_receivable_turnover_ratio": 1.16,
            "reinvestment_rate": -16.13,
            "research_to_sale_ratio": 16.79,
            "price_fair": 103.95,
            "eps_avg_yearly": 2.97,
            "eps_latest_yearly": 3.36,
            "eps_growth_yearly": 194.1
        },
        "20222": {
            "year_quarter": 20222,
            "year": 2022,
            "quarter": 2,
            "eps": 0.57,
            "eps_growth_year": -58.7,
            "eps_4q": 4.15,
            "eps_4q_growth_year": -11.57,
            "roe": 3.15,
            "roe_4q": 20.2,
            "gross_profit": 83082,
            "gross_margin": 51.92,
            "gross_margin_4q_avg": 53.74,
            "net_income": 45620,
            "revenue": 160016,
            "common_shares": 799866,
            "book_valuer_per_share": 18.45,
            "book_valuer_per_share_4q_avg": 19.76,
            "equity": 1472731,
            "current_ratio": 944.48,
            "debt_ratio": 8.4,
            "inventory_turnover_ratio": 0.27,
            "account_receivable_turnover_ratio": 1.17,
            "reinvestment_rate": -15.41,
            "research_to_sale_ratio": 24.15,
            "price_fair": 102.73,
            "eps_avg_yearly": 2.94,
            "eps_latest_yearly": 2.28,
            "eps_growth_yearly": 178.79
        },
        "20223": {
            "year_quarter": 20223,
            "year": 2022,
            "quarter": 3,
            "eps": 0.08,
            "eps_growth_year": -95.35,
            "eps_4q": 2.51,
            "eps_4q_growth_year": -50.39,
            "roe": 0.42,
            "roe_4q": 12.57,
            "gross_profit": 44558,
            "gross_margin": 45,
            "gross_margin_4q_avg": 50.96,
            "net_income": 6162,
            "revenue": 99010,
            "common_shares": 799866,
            "book_valuer_per_share": 18.66,
            "book_valuer_per_share_4q_avg": 19.21,
            "equity": 1489445,
            "current_ratio": 1231.33,
            "debt_ratio": 7.01,
            "inventory_turnover_ratio": 0.17,
            "account_receivable_turnover_ratio": 0.94,
            "reinvestment_rate": -13.43,
            "research_to_sale_ratio": 35.5,
            "price_fair": 101.76,
            "eps_avg_yearly": 2.91,
            "eps_latest_yearly": 0.32,
            "eps_growth_yearly": 175.61
        },
        "20224": {
            "year_quarter": 20224,
            "year": 2022,
            "quarter": 4,
            "eps": -0.08,
            "eps_growth_year": -107.6,
            "eps_4q": 1.41,
            "eps_4q_growth_year": -72,
            "roe": -0.42,
            "roe_4q": 7.359999999999999,
            "gross_profit": 39685,
            "gross_margin": 46.46,
            "gross_margin_4q_avg": 49.14,
            "net_income": -6198,
            "revenue": 85421,
            "common_shares": 799866,
            "book_valuer_per_share": 18.43,
            "book_valuer_per_share_4q_avg": 18.35,
            "equity": 1470926,
            "current_ratio": 1482.64,
            "debt_ratio": 6.04,
            "inventory_turnover_ratio": 0.12,
            "account_receivable_turnover_ratio": 1.1,
            "reinvestment_rate": -9.52,
            "research_to_sale_ratio": 41.95,
            "price_fair": 106.77,
            "eps_avg_yearly": 3.05,
            "eps_latest_yearly": 0.32,
            "eps_growth_yearly": 187.32
        },
        "20231": {
            "year_quarter": 20231,
            "year": 2023,
            "quarter": 1,
            "eps": 0.38,
            "eps_growth_year": -54.76,
            "eps_4q": 0.95,
            "eps_4q_growth_year": -80.22,
            "roe": 2.11,
            "roe_4q": 5.26,
            "gross_profit": 84607,
            "gross_margin": 46.69,
            "gross_margin_4q_avg": 47.52,
            "net_income": 30620,
            "revenue": 181200,
            "common_shares": 799866,
            "book_valuer_per_share": 17.87,
            "book_valuer_per_share_4q_avg": 18.35,
            "equity": 1426312,
            "current_ratio": 670.34,
            "debt_ratio": 11.93,
            "inventory_turnover_ratio": 0.26,
            "account_receivable_turnover_ratio": 1.75,
            "reinvestment_rate": -10.17,
            "research_to_sale_ratio": 20.37,
            "price_fair": 113.9,
            "eps_avg_yearly": 3.25,
            "eps_latest_yearly": 0.32,
            "eps_growth_yearly": 221.75
        }
    },
    "months": {
        "2010-04": {
            "month": "2010-04",
            "price": "61.51",
            "revenue": 44980
        },
        "2010-05": {
            "month": "2010-05",
            "price": "60.03",
            "revenue": 48136
        },
        "2010-06": {
            "month": "2010-06",
            "price": "54.98",
            "revenue": 56036
        },
        "2010-07": {
            "month": "2010-07",
            "price": "60.82",
            "revenue": 55056
        },
        "2010-08": {
            "month": "2010-08",
            "price": "61.96",
            "revenue": 48100
        },
        "2010-09": {
            "month": "2010-09",
            "price": "58.00",
            "revenue": 43102
        },
        "2010-10": {
            "month": "2010-10",
            "price": "59.04",
            "revenue": 44081
        },
        "2010-11": {
            "month": "2010-11",
            "price": "52.51",
            "revenue": 41392
        },
        "2010-12": {
            "month": "2010-12",
            "price": "54.78",
            "revenue": 44094
        },
        "2011-01": {
            "month": "2011-01",
            "price": "52.84",
            "revenue": 45156
        },
        "2011-02": {
            "month": "2011-02",
            "price": "54.96",
            "revenue": 38261
        },
        "2011-03": {
            "month": "2011-03",
            "price": "49.39",
            "revenue": 45540
        },
        "2011-04": {
            "month": "2011-04",
            "price": "46.77",
            "revenue": 48382
        },
        "2011-05": {
            "month": "2011-05",
            "price": "39.59",
            "revenue": 50003
        },
        "2011-06": {
            "month": "2011-06",
            "price": "38.66",
            "revenue": 49359
        },
        "2011-07": {
            "month": "2011-07",
            "price": "33.02",
            "revenue": 48065
        },
        "2011-08": {
            "month": "2011-08",
            "price": "24.89",
            "revenue": 48392
        },
        "2011-09": {
            "month": "2011-09",
            "price": "29.10",
            "revenue": 47047
        },
        "2011-10": {
            "month": "2011-10",
            "price": "28.44",
            "revenue": 46008
        },
        "2011-11": {
            "month": "2011-11",
            "price": "26.96",
            "revenue": 35856
        },
        "2011-12": {
            "month": "2011-12",
            "price": "21.01",
            "revenue": 42185
        },
        "2012-01": {
            "month": "2012-01",
            "price": "20.64",
            "revenue": 33618
        },
        "2012-02": {
            "month": "2012-02",
            "price": "28.36",
            "revenue": 34925
        },
        "2012-03": {
            "month": "2012-03",
            "price": "29.87",
            "revenue": 40562
        },
        "2012-04": {
            "month": "2012-04",
            "price": "25.02",
            "revenue": 49458
        },
        "2012-05": {
            "month": "2012-05",
            "price": "26.48",
            "revenue": 50130
        },
        "2012-06": {
            "month": "2012-06",
            "price": "25.46",
            "revenue": 50164
        },
        "2012-07": {
            "month": "2012-07",
            "price": "25.10",
            "revenue": 50362
        },
        "2012-08": {
            "month": "2012-08",
            "price": "31.14",
            "revenue": 48931
        },
        "2012-09": {
            "month": "2012-09",
            "price": "32.00",
            "revenue": 48024
        },
        "2012-10": {
            "month": "2012-10",
            "price": "28.79",
            "revenue": 43580
        },
        "2012-11": {
            "month": "2012-11",
            "price": "25.94",
            "revenue": 43519
        },
        "2012-12": {
            "month": "2012-12",
            "price": "27.48",
            "revenue": 43518
        },
        "2013-01": {
            "month": "2013-01",
            "price": "28.73",
            "revenue": 51925
        },
        "2013-02": {
            "month": "2013-02",
            "price": "31.06",
            "revenue": 46265
        },
        "2013-03": {
            "month": "2013-03",
            "price": "32.85",
            "revenue": 50140
        },
        "2013-04": {
            "month": "2013-04",
            "price": "37.65",
            "revenue": 60824
        },
        "2013-05": {
            "month": "2013-05",
            "price": "40.85",
            "revenue": 58571
        },
        "2013-06": {
            "month": "2013-06",
            "price": "42.55",
            "revenue": 62564
        },
        "2013-07": {
            "month": "2013-07",
            "price": "48.84",
            "revenue": 55057
        },
        "2013-08": {
            "month": "2013-08",
            "price": "52.59",
            "revenue": 61803
        },
        "2013-09": {
            "month": "2013-09",
            "price": "54.82",
            "revenue": 65319
        },
        "2013-10": {
            "month": "2013-10",
            "price": "61.10",
            "revenue": 68225
        },
        "2013-11": {
            "month": "2013-11",
            "price": "61.28",
            "revenue": 70814
        },
        "2013-12": {
            "month": "2013-12",
            "price": "72.51",
            "revenue": 83367
        },
        "2014-01": {
            "month": "2014-01",
            "price": "87.73",
            "revenue": 82587
        },
        "2014-02": {
            "month": "2014-02",
            "price": "85.78",
            "revenue": 64468
        },
        "2014-03": {
            "month": "2014-03",
            "price": "85.47",
            "revenue": 73552
        },
        "2014-04": {
            "month": "2014-04",
            "price": "82.76",
            "revenue": 81923
        },
        "2014-05": {
            "month": "2014-05",
            "price": "85.57",
            "revenue": 86937
        },
        "2014-06": {
            "month": "2014-06",
            "price": "106.38",
            "revenue": 90702
        },
        "2014-07": {
            "month": "2014-07",
            "price": "100.47",
            "revenue": 91273
        },
        "2014-08": {
            "month": "2014-08",
            "price": "92.60",
            "revenue": 93928
        },
        "2014-09": {
            "month": "2014-09",
            "price": "95.48",
            "revenue": 101661
        },
        "2014-10": {
            "month": "2014-10",
            "price": "89.85",
            "revenue": 101951
        },
        "2014-11": {
            "month": "2014-11",
            "price": "85.14",
            "revenue": 74801
        },
        "2014-12": {
            "month": "2014-12",
            "price": "81.70",
            "revenue": 60857
        },
        "2015-01": {
            "month": "2015-01",
            "price": "78.42",
            "revenue": 76044
        },
        "2015-02": {
            "month": "2015-02",
            "price": "77.51",
            "revenue": 60235
        },
        "2015-03": {
            "month": "2015-03",
            "price": "78.15",
            "revenue": 63783
        },
        "2015-04": {
            "month": "2015-04",
            "price": "68.88",
            "revenue": 70075
        },
        "2015-05": {
            "month": "2015-05",
            "price": "57.94",
            "revenue": 73506
        },
        "2015-06": {
            "month": "2015-06",
            "price": "56.14",
            "revenue": 69581
        },
        "2015-07": {
            "month": "2015-07",
            "price": "50.72",
            "revenue": 67735
        },
        "2015-08": {
            "month": "2015-08",
            "price": "38.62",
            "revenue": 68921
        },
        "2015-09": {
            "month": "2015-09",
            "price": "36.48",
            "revenue": 68068
        },
        "2015-10": {
            "month": "2015-10",
            "price": "39.10",
            "revenue": 73426
        },
        "2015-11": {
            "month": "2015-11",
            "price": "41.03",
            "revenue": 82032
        },
        "2015-12": {
            "month": "2015-12",
            "price": "47.21",
            "revenue": 81159
        },
        "2016-01": {
            "month": "2016-01",
            "price": "41.54",
            "revenue": 81952
        },
        "2016-02": {
            "month": "2016-02",
            "price": "41.47",
            "revenue": 62003
        },
        "2016-03": {
            "month": "2016-03",
            "price": "42.87",
            "revenue": 66865
        },
        "2016-04": {
            "month": "2016-04",
            "price": "40.11",
            "revenue": 73773
        },
        "2016-05": {
            "month": "2016-05",
            "price": "36.70",
            "revenue": 65352
        },
        "2016-06": {
            "month": "2016-06",
            "price": "37.06",
            "revenue": 65315
        },
        "2016-07": {
            "month": "2016-07",
            "price": "38.03",
            "revenue": 68557
        },
        "2016-08": {
            "month": "2016-08",
            "price": "41.85",
            "revenue": 68999
        },
        "2016-09": {
            "month": "2016-09",
            "price": "41.97",
            "revenue": 71251
        },
        "2016-10": {
            "month": "2016-10",
            "price": "38.34",
            "revenue": 70178
        },
        "2016-11": {
            "month": "2016-11",
            "price": "35.76",
            "revenue": 80261
        },
        "2016-12": {
            "month": "2016-12",
            "price": "36.67",
            "revenue": 68855
        },
        "2017-01": {
            "month": "2017-01",
            "price": "36.82",
            "revenue": 61521
        },
        "2017-02": {
            "month": "2017-02",
            "price": "37.90",
            "revenue": 46631
        },
        "2017-03": {
            "month": "2017-03",
            "price": "37.98",
            "revenue": 60439
        },
        "2017-04": {
            "month": "2017-04",
            "price": "36.22",
            "revenue": 61374
        },
        "2017-05": {
            "month": "2017-05",
            "price": "34.96",
            "revenue": 61219
        },
        "2017-06": {
            "month": "2017-06",
            "price": "38.48",
            "revenue": 61983
        },
        "2017-07": {
            "month": "2017-07",
            "price": "45.66",
            "revenue": 73442
        },
        "2017-08": {
            "month": "2017-08",
            "price": "55.49",
            "revenue": 71096
        },
        "2017-09": {
            "month": "2017-09",
            "price": "61.10",
            "revenue": 67645
        },
        "2017-10": {
            "month": "2017-10",
            "price": "56.55",
            "revenue": 62998
        },
        "2017-11": {
            "month": "2017-11",
            "price": "52.91",
            "revenue": 69612
        },
        "2017-12": {
            "month": "2017-12",
            "price": "48.48",
            "revenue": 62748
        },
        "2018-01": {
            "month": "2018-01",
            "price": "53.73",
            "revenue": 76433
        },
        "2018-02": {
            "month": "2018-02",
            "price": "59.02",
            "revenue": 67417
        },
        "2018-03": {
            "month": "2018-03",
            "price": "60.13",
            "revenue": 76075
        },
        "2018-04": {
            "month": "2018-04",
            "price": "56.99",
            "revenue": 72663
        },
        "2018-05": {
            "month": "2018-05",
            "price": "55.13",
            "revenue": 85108
        },
        "2018-06": {
            "month": "2018-06",
            "price": "65.51",
            "revenue": 86696
        },
        "2018-07": {
            "month": "2018-07",
            "price": "59.90",
            "revenue": 73656
        },
        "2018-08": {
            "month": "2018-08",
            "price": "58.98",
            "revenue": 60462
        },
        "2018-09": {
            "month": "2018-09",
            "price": "52.53",
            "revenue": 50337
        },
        "2018-10": {
            "month": "2018-10",
            "price": "42.38",
            "revenue": 42237
        },
        "2018-11": {
            "month": "2018-11",
            "price": "42.78",
            "revenue": 43705
        },
        "2018-12": {
            "month": "2018-12",
            "price": "46.10",
            "revenue": 40903
        },
        "2019-01": {
            "month": "2019-01",
            "price": "49.80",
            "revenue": 37641
        },
        "2019-02": {
            "month": "2019-02",
            "price": "51.01",
            "revenue": 34247
        },
        "2019-03": {
            "month": "2019-03",
            "price": "57.62",
            "revenue": 42488
        },
        "2019-04": {
            "month": "2019-04",
            "price": "63.16",
            "revenue": 40698
        },
        "2019-05": {
            "month": "2019-05",
            "price": "60.86",
            "revenue": 43707
        },
        "2019-06": {
            "month": "2019-06",
            "price": "59.55",
            "revenue": 54372
        },
        "2019-07": {
            "month": "2019-07",
            "price": "60.23",
            "revenue": 69137
        },
        "2019-08": {
            "month": "2019-08",
            "price": "54.77",
            "revenue": 70318
        },
        "2019-09": {
            "month": "2019-09",
            "price": "60.82",
            "revenue": 73561
        },
        "2019-10": {
            "month": "2019-10",
            "price": "60.05",
            "revenue": 71494
        },
        "2019-11": {
            "month": "2019-11",
            "price": "58.12",
            "revenue": 74112
        },
        "2019-12": {
            "month": "2019-12",
            "price": "58.40",
            "revenue": 75858
        },
        "2020-01": {
            "month": "2020-01",
            "price": "58.02",
            "revenue": 70258
        },
        "2020-02": {
            "month": "2020-02",
            "price": "54.98",
            "revenue": 30459
        },
        "2020-03": {
            "month": "2020-03",
            "price": "48.60",
            "revenue": 56151
        },
        "2020-04": {
            "month": "2020-04",
            "price": "51.22",
            "revenue": 71055
        },
        "2020-05": {
            "month": "2020-05",
            "price": "63.14",
            "revenue": 82398
        },
        "2020-06": {
            "month": "2020-06",
            "price": "80.60",
            "revenue": 90366
        },
        "2020-07": {
            "month": "2020-07",
            "price": "85.18",
            "revenue": 95815
        },
        "2020-08": {
            "month": "2020-08",
            "price": "75.54",
            "revenue": 102563
        },
        "2020-09": {
            "month": "2020-09",
            "price": "70.50",
            "revenue": 114280
        },
        "2020-10": {
            "month": "2020-10",
            "price": "70.67",
            "revenue": 122566
        },
        "2020-11": {
            "month": "2020-11",
            "price": "72.75",
            "revenue": 125557
        },
        "2020-12": {
            "month": "2020-12",
            "price": "78.95",
            "revenue": 109982
        },
        "2021-01": {
            "month": "2021-01",
            "price": "78.22",
            "revenue": 100723
        },
        "2021-02": {
            "month": "2021-02",
            "price": "84.91",
            "revenue": 72372
        },
        "2021-03": {
            "month": "2021-03",
            "price": "84.70",
            "revenue": 105874
        },
        "2021-04": {
            "month": "2021-04",
            "price": "85.89",
            "revenue": 108477
        },
        "2021-05": {
            "month": "2021-05",
            "price": "73.83",
            "revenue": 110053
        },
        "2021-06": {
            "month": "2021-06",
            "price": "76.41",
            "revenue": 116797
        },
        "2021-07": {
            "month": "2021-07",
            "price": "82.82",
            "revenue": 127619
        },
        "2021-08": {
            "month": "2021-08",
            "price": "72.81",
            "revenue": 130984
        },
        "2021-09": {
            "month": "2021-09",
            "price": "70.38",
            "revenue": 120418
        },
        "2021-10": {
            "month": "2021-10",
            "price": "63.49",
            "revenue": 110268
        },
        "2021-11": {
            "month": "2021-11",
            "price": "69.70",
            "revenue": 100074
        },
        "2021-12": {
            "month": "2021-12",
            "price": "66.64",
            "revenue": 92381
        },
        "2022-01": {
            "month": "2022-01",
            "price": "66.05",
            "revenue": 70512
        },
        "2022-02": {
            "month": "2022-02",
            "price": "73.88",
            "revenue": 51782
        },
        "2022-03": {
            "month": "2022-03",
            "price": "77.32",
            "revenue": 75491
        },
        "2022-04": {
            "month": "2022-04",
            "price": "71.87",
            "revenue": 70572
        },
        "2022-05": {
            "month": "2022-05",
            "price": "70.63",
            "revenue": 46248
        },
        "2022-06": {
            "month": "2022-06",
            "price": "58.49",
            "revenue": 43196
        },
        "2022-07": {
            "month": "2022-07",
            "price": "49.59",
            "revenue": 40597
        },
        "2022-08": {
            "month": "2022-08",
            "price": "49.79",
            "revenue": 35810
        },
        "2022-09": {
            "month": "2022-09",
            "price": "44.46",
            "revenue": 22603
        },
        "2022-10": {
            "month": "2022-10",
            "price": "37.46",
            "revenue": 23133
        },
        "2022-11": {
            "month": "2022-11",
            "price": "39.50",
            "revenue": 28546
        },
        "2022-12": {
            "month": "2022-12",
            "price": "43.45",
            "revenue": 33742
        },
        "2023-01": {
            "month": "2023-01",
            "price": "42.73",
            "revenue": 45785
        },
        "2023-02": {
            "month": "2023-02",
            "price": "47.44",
            "revenue": 50494
        },
        "2023-03": {
            "month": "2023-03",
            "price": "49.62",
            "revenue": 84921
        },
        "2023-04": {
            "month": "2023-04",
            "price": "56.95",
            "revenue": 92204
        },
        "2023-05": {
            "month": "2023-05",
            "price": "64.82",
            "revenue": 95124
        }
    }
}
