{
    "summary": {
        "stock_name": "鑫創",
        "stock_id": "3259",
        "category": "半導體",
        "main_business": "電子零組件製造業<br>電子材料批發業<br>電子材料零售業",
        "website_url": "http://www.3system.com.tw",
        "ceo": "胡定中",
        "pe_ratio": -8,
        "report_year_from": 2002,
        "report_year_to": 2023,
        "age": 22,
        "eps_negative_percentage": 83,
        "eps_growth_avg": {
            "last_all": -100,
            "last_2y": -100,
            "last_4y": -100,
            "last_8y": -100,
            "last_12y": -100,
            "last_16y": -100,
            "last_20y": null,
            "at_2006_last_3y": null,
            "at_2007_last_3y": null,
            "at_2008_last_3y": null,
            "at_2009_last_3y": null,
            "at_2010_last_3y": -100,
            "at_2011_last_3y": -100,
            "at_2012_last_3y": -100,
            "at_2013_last_3y": -100,
            "at_2014_last_3y": null,
            "at_2015_last_3y": null,
            "at_2016_last_3y": null,
            "at_2017_last_3y": null,
            "at_2018_last_3y": null,
            "at_2019_last_3y": null,
            "at_2020_last_3y": null,
            "at_2021_last_3y": null,
            "at_2022_last_3y": -100,
            "at_2023_last_3y": -100,
            "at_2024_last_3y": -100,
            "at_2006_last_all": null,
            "at_2007_last_all": null,
            "at_2008_last_all": -100,
            "at_2009_last_all": -100,
            "at_2010_last_all": -100,
            "at_2011_last_all": -100,
            "at_2012_last_all": -100,
            "at_2013_last_all": -100,
            "at_2014_last_all": -100,
            "at_2015_last_all": -100,
            "at_2016_last_all": -100,
            "at_2017_last_all": -100,
            "at_2018_last_all": -100,
            "at_2019_last_all": -100,
            "at_2020_last_all": -100,
            "at_2021_last_all": -100,
            "at_2022_last_all": -100,
            "at_2023_last_all": -100,
            "at_2024_last_all": -100
        },
        "latest_eps": -3.86,
        "latest_price": 28.95,
        "latest_roe": -47.63,
        "latest_gross_margin": -33.31,
        "latest_equity": 426108,
        "latest_revenue": 54482,
        "latest_gross_profit": -18148,
        "latest_net_income": -75524,
        "latest_debt_ratio": 16.27,
        "latest_current_ratio": 560.62,
        "latest_account_receivable_turnover_ratio": 1.79,
        "latest_inventory_turnover_ratio": 0.26,
        "latest_reinvestment_rate": null,
        "latest_research_to_sale_ratio": 41.31
    },
    "eps_dividends": {
        "2001": {
            "cash": 0,
            "stock": 0,
            "eps": 0
        },
        "2002": {
            "cash": 0,
            "stock": 0,
            "eps": 0
        },
        "2003": {
            "cash": 1.5,
            "stock": 1.5,
            "eps": 0
        },
        "2004": {
            "cash": 2,
            "stock": 2,
            "eps": 0
        },
        "2005": {
            "cash": 1.12,
            "stock": 0.88,
            "eps": 0
        },
        "2006": {
            "cash": 2.2,
            "stock": 0.3,
            "eps": 3.36
        },
        "2007": {
            "cash": 2.2,
            "stock": 0.3,
            "eps": -0.24
        },
        "2008": {
            "cash": 0,
            "stock": 0,
            "eps": -3.03
        },
        "2009": {
            "cash": 0,
            "stock": 0,
            "eps": 0.55
        },
        "2010": {
            "cash": 0.4,
            "stock": 0,
            "eps": -1.97
        },
        "2011": {
            "cash": 0,
            "stock": 0,
            "eps": -2.84
        },
        "2012": {
            "cash": 0,
            "stock": 0,
            "eps": -2.05
        },
        "2013": {
            "cash": 0,
            "stock": 0,
            "eps": -1.4
        },
        "2014": {
            "cash": 0,
            "stock": 0,
            "eps": -1.39
        },
        "2015": {
            "cash": 0,
            "stock": 0,
            "eps": -2.17
        },
        "2016": {
            "cash": 0,
            "stock": 0,
            "eps": -0.87
        },
        "2017": {
            "cash": 0,
            "stock": 0,
            "eps": -0.97
        },
        "2018": {
            "cash": 0,
            "stock": 0,
            "eps": -0.25
        },
        "2019": {
            "cash": 0,
            "stock": 0,
            "eps": -1.49
        },
        "2020": {
            "cash": 0,
            "stock": 0,
            "eps": -1.18
        },
        "2021": {
            "cash": 0,
            "stock": 0,
            "eps": 0.03
        },
        "2022": {
            "cash": 0,
            "stock": 0,
            "eps": -2.1
        },
        "2023": {
            "cash": 0,
            "stock": 0,
            "eps": -4.08
        }
    },
    "dividends": {
        "2003-06-20": {
            "cash": 1.5,
            "stock": 1.5
        },
        "2004-03-10": {
            "cash": 2,
            "stock": 2
        },
        "2005-03-25": {
            "cash": 1.12,
            "stock": 0.88
        },
        "2006-04-12": {
            "cash": 2.2,
            "stock": 0.3
        },
        "2007-05-11": {
            "cash": 2.2,
            "stock": 0.3
        },
        "2010-03-11": {
            "cash": 0.4,
            "stock": 0
        }
    },
    "prices": {
        "200101": "無",
        "200102": "無",
        "200103": "無",
        "200104": "無",
        "200105": "無",
        "200106": "無",
        "200107": "無",
        "200108": "無",
        "200109": "無",
        "200110": "無",
        "200111": "無",
        "200112": "無",
        "200201": "無",
        "200202": "無",
        "200203": "無",
        "200204": "無",
        "200205": "無",
        "200206": "無",
        "200207": "無",
        "200208": "無",
        "200209": "無",
        "200210": "無",
        "200211": "無",
        "200212": "無",
        "200301": "無",
        "200302": "無",
        "200303": "無",
        "200304": "無",
        "200305": "無",
        "200306": "無",
        "200307": "無",
        "200308": "無",
        "200309": "無",
        "200310": "無",
        "200311": "無",
        "200312": "無",
        "200401": "74.84",
        "200402": "82.59",
        "200403": "80.87",
        "200404": "88.10",
        "200405": "80.04",
        "200406": "64.84",
        "200407": "53.04",
        "200408": "46.80",
        "200409": "40.92",
        "200410": "33.52",
        "200411": "28.28",
        "200412": "25.00",
        "200501": "20.90",
        "200502": "23.14",
        "200503": "25.56",
        "200504": "25.54",
        "200505": "26.43",
        "200506": "25.65",
        "200507": "23.26",
        "200508": "23.37",
        "200509": "21.76",
        "200510": "20.33",
        "200511": "24.57",
        "200512": "28.80",
        "200601": "37.30",
        "200602": "39.17",
        "200603": "38.66",
        "200604": "38.80",
        "200605": "47.69",
        "200606": "43.98",
        "200607": "44.38",
        "200608": "39.74",
        "200609": "33.79",
        "200610": "31.48",
        "200611": "32.61",
        "200612": "34.86",
        "200701": "37.19",
        "200702": "37.45",
        "200703": "45.62",
        "200704": "56.23",
        "200705": "65.03",
        "200706": "80.35",
        "200707": "93.31",
        "200708": "82.32",
        "200709": "57.75",
        "200710": "42.84",
        "200711": "37.35",
        "200712": "30.26",
        "200801": "26.55",
        "200802": "24.98",
        "200803": "23.97",
        "200804": "25.60",
        "200805": "22.43",
        "200806": "23.64",
        "200807": "22.31",
        "200808": "22.46",
        "200809": "18.15",
        "200810": "16.10",
        "200811": "14.29",
        "200812": "14.93",
        "200901": "18.68",
        "200902": "17.98",
        "200903": "18.41",
        "200904": "21.98",
        "200905": "27.41",
        "200906": "27.41",
        "200907": "29.92",
        "200908": "31.08",
        "200909": "30.87",
        "200910": "36.29",
        "200911": "34.62",
        "200912": "34.77",
        "201001": "35.68",
        "201002": "31.90",
        "201003": "32.30",
        "201004": "34.97",
        "201005": "31.44",
        "201006": "28.77",
        "201007": "27.31",
        "201008": "25.78",
        "201009": "21.15",
        "201010": "22.69",
        "201011": "20.40",
        "201012": "21.80",
        "201101": "21.23",
        "201102": "20.29",
        "201103": "22.08",
        "201104": "20.73",
        "201105": "21.33",
        "201106": "19.59",
        "201107": "17.05",
        "201108": "16.21",
        "201109": "15.56",
        "201110": "13.68",
        "201111": "12.25",
        "201112": "10.41",
        "201201": "10.72",
        "201202": "13.74",
        "201203": "14.68",
        "201204": "13.24",
        "201205": "13.14",
        "201206": "15.15",
        "201207": "14.25",
        "201208": "13.66",
        "201209": "13.25",
        "201210": "12.67",
        "201211": "12.21",
        "201212": "12.05",
        "201301": "12.80",
        "201302": "14.60",
        "201303": "17.05",
        "201304": "22.28",
        "201305": "25.52",
        "201306": "23.50",
        "201307": "22.75",
        "201308": "23.72",
        "201309": "24.29",
        "201310": "24.01",
        "201311": "26.90",
        "201312": "41.48",
        "201401": "49.82",
        "201402": "52.01",
        "201403": "51.73",
        "201404": "53.16",
        "201405": "47.54",
        "201406": "42.70",
        "201407": "41.19",
        "201408": "31.82",
        "201409": "31.28",
        "201410": "28.06",
        "201411": "31.79",
        "201412": "38.06",
        "201501": "38.21",
        "201502": "35.81",
        "201503": "34.85",
        "201504": "36.79",
        "201505": "35.94",
        "201506": "36.33",
        "201507": "31.46",
        "201508": "27.06",
        "201509": "27.09",
        "201510": "28.89",
        "201511": "28.27",
        "201512": "27.55",
        "201601": "28.50",
        "201602": "32.83",
        "201603": "35.98",
        "201604": "31.41",
        "201605": "29.25",
        "201606": "29.34",
        "201607": "28.03",
        "201608": "28.40",
        "201609": "28.02",
        "201610": "28.68",
        "201611": "26.87",
        "201612": "20.73",
        "201701": "18.71",
        "201702": "18.39",
        "201703": "20.17",
        "201704": "17.86",
        "201705": "18.33",
        "201706": "20.88",
        "201707": "18.73",
        "201708": "17.57",
        "201709": "19.62",
        "201710": "21.13",
        "201711": "21.30",
        "201712": "21.74",
        "201801": "25.67",
        "201802": "24.47",
        "201803": "24.76",
        "201804": "23.31",
        "201805": "22.83",
        "201806": "26.54",
        "201807": "26.25",
        "201808": "24.51",
        "201809": "23.31",
        "201810": "21.41",
        "201811": "19.80",
        "201812": "20.60",
        "201901": "20.20",
        "201902": "22.95",
        "201903": "22.58",
        "201904": "22.84",
        "201905": "23.00",
        "201906": "22.84",
        "201907": "21.75",
        "201908": "20.05",
        "201909": "19.17",
        "201910": "17.70",
        "201911": "16.57",
        "201912": "15.19",
        "202001": "16.49",
        "202002": "14.33",
        "202003": "11.45",
        "202004": "13.16",
        "202005": "13.68",
        "202006": "13.58",
        "202007": "16.21",
        "202008": "17.15",
        "202009": "20.60",
        "202010": "33.93",
        "202011": "40.95",
        "202012": "42.97",
        "202101": "41.15",
        "202102": "44.01",
        "202103": "43.16",
        "202104": "45.82",
        "202105": "35.10",
        "202106": "35.75",
        "202107": "43.77",
        "202108": "39.68",
        "202109": "36.03",
        "202110": "33.18",
        "202111": "29.91",
        "202112": "28.86",
        "202201": "28.62",
        "202202": "26.85",
        "202203": "24.25",
        "202204": "20.21",
        "202205": "18.07",
        "202206": "20.40",
        "202207": "18.80",
        "202208": "19.92",
        "202209": "18.67",
        "202210": "17.21",
        "202211": "16.51",
        "202212": "17.62",
        "202301": "18.33",
        "202302": "20.34",
        "202303": "20.09",
        "202304": "19.90",
        "202305": "19.51",
        "202306": "23.56",
        "202307": "24.45",
        "202308": "23.89",
        "202309": "27.60",
        "202310": "25.22",
        "202311": "25.75",
        "202312": "31.65"
    },
    "quarters": {
        "20011": {
            "year_quarter": 20011,
            "year": 2001,
            "quarter": 1,
            "eps": null,
            "eps_growth_year": null,
            "eps_4q": null,
            "eps_4q_growth_year": null,
            "roe": null,
            "roe_4q": 0,
            "gross_profit": null,
            "gross_margin": null,
            "gross_margin_4q_avg": 0,
            "net_income": null,
            "net_income_4q": null,
            "revenue": null,
            "revenue_4q": null,
            "common_shares": null,
            "book_valuer_per_share": null,
            "book_valuer_per_share_4q_avg": 0,
            "equity": null,
            "current_ratio": null,
            "debt_ratio": null,
            "inventory_turnover_ratio": null,
            "account_receivable_turnover_ratio": null,
            "reinvestment_rate": null,
            "research_to_sale_ratio": null,
            "price_fair": 0,
            "eps_avg_yearly": 0,
            "eps_latest_yearly": 0,
            "eps_growth_yearly": 0
        },
        "20012": {
            "year_quarter": 20012,
            "year": 2001,
            "quarter": 2,
            "eps": null,
            "eps_growth_year": null,
            "eps_4q": null,
            "eps_4q_growth_year": null,
            "roe": null,
            "roe_4q": 0,
            "gross_profit": null,
            "gross_margin": null,
            "gross_margin_4q_avg": 0,
            "net_income": null,
            "net_income_4q": null,
            "revenue": null,
            "revenue_4q": null,
            "common_shares": null,
            "book_valuer_per_share": null,
            "book_valuer_per_share_4q_avg": 0,
            "equity": null,
            "current_ratio": null,
            "debt_ratio": null,
            "inventory_turnover_ratio": null,
            "account_receivable_turnover_ratio": null,
            "reinvestment_rate": null,
            "research_to_sale_ratio": null,
            "price_fair": 0,
            "eps_avg_yearly": 0,
            "eps_latest_yearly": 0,
            "eps_growth_yearly": 0
        },
        "20013": {
            "year_quarter": 20013,
            "year": 2001,
            "quarter": 3,
            "eps": null,
            "eps_growth_year": null,
            "eps_4q": null,
            "eps_4q_growth_year": null,
            "roe": null,
            "roe_4q": 0,
            "gross_profit": null,
            "gross_margin": null,
            "gross_margin_4q_avg": 0,
            "net_income": null,
            "net_income_4q": null,
            "revenue": null,
            "revenue_4q": null,
            "common_shares": null,
            "book_valuer_per_share": null,
            "book_valuer_per_share_4q_avg": 0,
            "equity": null,
            "current_ratio": null,
            "debt_ratio": null,
            "inventory_turnover_ratio": null,
            "account_receivable_turnover_ratio": null,
            "reinvestment_rate": null,
            "research_to_sale_ratio": null,
            "price_fair": 0,
            "eps_avg_yearly": 0,
            "eps_latest_yearly": 0,
            "eps_growth_yearly": 0
        },
        "20014": {
            "year_quarter": 20014,
            "year": 2001,
            "quarter": 4,
            "eps": null,
            "eps_growth_year": null,
            "eps_4q": null,
            "eps_4q_growth_year": null,
            "roe": null,
            "roe_4q": 0,
            "gross_profit": null,
            "gross_margin": null,
            "gross_margin_4q_avg": 0,
            "net_income": null,
            "net_income_4q": null,
            "revenue": null,
            "revenue_4q": null,
            "common_shares": 150000,
            "book_valuer_per_share": 13.5,
            "book_valuer_per_share_4q_avg": 3.38,
            "equity": 202531,
            "current_ratio": 495.7,
            "debt_ratio": 19.12,
            "inventory_turnover_ratio": null,
            "account_receivable_turnover_ratio": null,
            "reinvestment_rate": null,
            "research_to_sale_ratio": null,
            "price_fair": 0,
            "eps_avg_yearly": 0,
            "eps_latest_yearly": 0,
            "eps_growth_yearly": 0
        },
        "20021": {
            "year_quarter": 20021,
            "year": 2002,
            "quarter": 1,
            "eps": null,
            "eps_growth_year": null,
            "eps_4q": null,
            "eps_4q_growth_year": null,
            "roe": null,
            "roe_4q": 0,
            "gross_profit": null,
            "gross_margin": null,
            "gross_margin_4q_avg": 0,
            "net_income": null,
            "net_income_4q": null,
            "revenue": null,
            "revenue_4q": null,
            "common_shares": null,
            "book_valuer_per_share": null,
            "book_valuer_per_share_4q_avg": 3.38,
            "equity": null,
            "current_ratio": null,
            "debt_ratio": null,
            "inventory_turnover_ratio": null,
            "account_receivable_turnover_ratio": null,
            "reinvestment_rate": null,
            "research_to_sale_ratio": null,
            "price_fair": 0,
            "eps_avg_yearly": 0,
            "eps_latest_yearly": 0,
            "eps_growth_yearly": 0
        },
        "20022": {
            "year_quarter": 20022,
            "year": 2002,
            "quarter": 2,
            "eps": null,
            "eps_growth_year": null,
            "eps_4q": null,
            "eps_4q_growth_year": null,
            "roe": null,
            "roe_4q": 0,
            "gross_profit": null,
            "gross_margin": null,
            "gross_margin_4q_avg": 0,
            "net_income": null,
            "net_income_4q": null,
            "revenue": null,
            "revenue_4q": null,
            "common_shares": null,
            "book_valuer_per_share": null,
            "book_valuer_per_share_4q_avg": 3.38,
            "equity": null,
            "current_ratio": null,
            "debt_ratio": null,
            "inventory_turnover_ratio": null,
            "account_receivable_turnover_ratio": null,
            "reinvestment_rate": null,
            "research_to_sale_ratio": null,
            "price_fair": 0,
            "eps_avg_yearly": 0,
            "eps_latest_yearly": 0,
            "eps_growth_yearly": 0
        },
        "20023": {
            "year_quarter": 20023,
            "year": 2002,
            "quarter": 3,
            "eps": null,
            "eps_growth_year": null,
            "eps_4q": null,
            "eps_4q_growth_year": null,
            "roe": null,
            "roe_4q": 0,
            "gross_profit": null,
            "gross_margin": null,
            "gross_margin_4q_avg": 0,
            "net_income": null,
            "net_income_4q": null,
            "revenue": null,
            "revenue_4q": null,
            "common_shares": null,
            "book_valuer_per_share": null,
            "book_valuer_per_share_4q_avg": 3.38,
            "equity": null,
            "current_ratio": null,
            "debt_ratio": null,
            "inventory_turnover_ratio": null,
            "account_receivable_turnover_ratio": null,
            "reinvestment_rate": null,
            "research_to_sale_ratio": null,
            "price_fair": 0,
            "eps_avg_yearly": 0,
            "eps_latest_yearly": 0,
            "eps_growth_yearly": 0
        },
        "20024": {
            "year_quarter": 20024,
            "year": 2002,
            "quarter": 4,
            "eps": null,
            "eps_growth_year": null,
            "eps_4q": null,
            "eps_4q_growth_year": null,
            "roe": null,
            "roe_4q": 0,
            "gross_profit": null,
            "gross_margin": null,
            "gross_margin_4q_avg": 0,
            "net_income": null,
            "net_income_4q": null,
            "revenue": null,
            "revenue_4q": null,
            "common_shares": 276500,
            "book_valuer_per_share": 33.26,
            "book_valuer_per_share_4q_avg": 8.32,
            "equity": 919709,
            "current_ratio": 702.11,
            "debt_ratio": 10.78,
            "inventory_turnover_ratio": null,
            "account_receivable_turnover_ratio": null,
            "reinvestment_rate": null,
            "research_to_sale_ratio": null,
            "price_fair": 0,
            "eps_avg_yearly": 0,
            "eps_latest_yearly": 0,
            "eps_growth_yearly": 0
        },
        "20031": {
            "year_quarter": 20031,
            "year": 2003,
            "quarter": 1,
            "eps": null,
            "eps_growth_year": null,
            "eps_4q": null,
            "eps_4q_growth_year": null,
            "roe": null,
            "roe_4q": 0,
            "gross_profit": null,
            "gross_margin": null,
            "gross_margin_4q_avg": 0,
            "net_income": null,
            "net_income_4q": null,
            "revenue": null,
            "revenue_4q": null,
            "common_shares": null,
            "book_valuer_per_share": null,
            "book_valuer_per_share_4q_avg": 8.32,
            "equity": null,
            "current_ratio": null,
            "debt_ratio": null,
            "inventory_turnover_ratio": null,
            "account_receivable_turnover_ratio": null,
            "reinvestment_rate": null,
            "research_to_sale_ratio": null,
            "price_fair": 0,
            "eps_avg_yearly": 0,
            "eps_latest_yearly": 0,
            "eps_growth_yearly": 0
        },
        "20032": {
            "year_quarter": 20032,
            "year": 2003,
            "quarter": 2,
            "eps": null,
            "eps_growth_year": null,
            "eps_4q": null,
            "eps_4q_growth_year": null,
            "roe": null,
            "roe_4q": 0,
            "gross_profit": null,
            "gross_margin": null,
            "gross_margin_4q_avg": 0,
            "net_income": null,
            "net_income_4q": null,
            "revenue": null,
            "revenue_4q": null,
            "common_shares": null,
            "book_valuer_per_share": null,
            "book_valuer_per_share_4q_avg": 8.32,
            "equity": null,
            "current_ratio": null,
            "debt_ratio": null,
            "inventory_turnover_ratio": null,
            "account_receivable_turnover_ratio": null,
            "reinvestment_rate": null,
            "research_to_sale_ratio": null,
            "price_fair": 0,
            "eps_avg_yearly": 0,
            "eps_latest_yearly": 0,
            "eps_growth_yearly": 0
        },
        "20033": {
            "year_quarter": 20033,
            "year": 2003,
            "quarter": 3,
            "eps": null,
            "eps_growth_year": null,
            "eps_4q": null,
            "eps_4q_growth_year": null,
            "roe": null,
            "roe_4q": 0,
            "gross_profit": null,
            "gross_margin": null,
            "gross_margin_4q_avg": 0,
            "net_income": null,
            "net_income_4q": null,
            "revenue": null,
            "revenue_4q": null,
            "common_shares": null,
            "book_valuer_per_share": null,
            "book_valuer_per_share_4q_avg": 8.32,
            "equity": null,
            "current_ratio": null,
            "debt_ratio": null,
            "inventory_turnover_ratio": null,
            "account_receivable_turnover_ratio": null,
            "reinvestment_rate": null,
            "research_to_sale_ratio": null,
            "price_fair": 0,
            "eps_avg_yearly": 0,
            "eps_latest_yearly": 0,
            "eps_growth_yearly": 0
        },
        "20034": {
            "year_quarter": 20034,
            "year": 2003,
            "quarter": 4,
            "eps": null,
            "eps_growth_year": null,
            "eps_4q": null,
            "eps_4q_growth_year": null,
            "roe": null,
            "roe_4q": 0,
            "gross_profit": null,
            "gross_margin": null,
            "gross_margin_4q_avg": 0,
            "net_income": null,
            "net_income_4q": null,
            "revenue": null,
            "revenue_4q": null,
            "common_shares": 335553,
            "book_valuer_per_share": 29.88,
            "book_valuer_per_share_4q_avg": 7.47,
            "equity": 1002622,
            "current_ratio": 1224.93,
            "debt_ratio": 6.06,
            "inventory_turnover_ratio": null,
            "account_receivable_turnover_ratio": null,
            "reinvestment_rate": null,
            "research_to_sale_ratio": null,
            "price_fair": 0,
            "eps_avg_yearly": 0,
            "eps_latest_yearly": 0,
            "eps_growth_yearly": 0
        },
        "20041": {
            "year_quarter": 20041,
            "year": 2004,
            "quarter": 1,
            "eps": null,
            "eps_growth_year": null,
            "eps_4q": null,
            "eps_4q_growth_year": null,
            "roe": null,
            "roe_4q": 0,
            "gross_profit": null,
            "gross_margin": null,
            "gross_margin_4q_avg": 0,
            "net_income": null,
            "net_income_4q": null,
            "revenue": null,
            "revenue_4q": null,
            "common_shares": null,
            "book_valuer_per_share": null,
            "book_valuer_per_share_4q_avg": 7.47,
            "equity": null,
            "current_ratio": null,
            "debt_ratio": null,
            "inventory_turnover_ratio": null,
            "account_receivable_turnover_ratio": null,
            "reinvestment_rate": null,
            "research_to_sale_ratio": null,
            "price_fair": 0,
            "eps_avg_yearly": 0,
            "eps_latest_yearly": 0,
            "eps_growth_yearly": 0
        },
        "20042": {
            "year_quarter": 20042,
            "year": 2004,
            "quarter": 2,
            "eps": null,
            "eps_growth_year": null,
            "eps_4q": null,
            "eps_4q_growth_year": null,
            "roe": null,
            "roe_4q": 0,
            "gross_profit": null,
            "gross_margin": null,
            "gross_margin_4q_avg": 0,
            "net_income": null,
            "net_income_4q": null,
            "revenue": null,
            "revenue_4q": null,
            "common_shares": null,
            "book_valuer_per_share": null,
            "book_valuer_per_share_4q_avg": 7.47,
            "equity": null,
            "current_ratio": null,
            "debt_ratio": null,
            "inventory_turnover_ratio": null,
            "account_receivable_turnover_ratio": null,
            "reinvestment_rate": null,
            "research_to_sale_ratio": null,
            "price_fair": 0,
            "eps_avg_yearly": 0,
            "eps_latest_yearly": 0,
            "eps_growth_yearly": 0
        },
        "20043": {
            "year_quarter": 20043,
            "year": 2004,
            "quarter": 3,
            "eps": null,
            "eps_growth_year": null,
            "eps_4q": null,
            "eps_4q_growth_year": null,
            "roe": null,
            "roe_4q": 0,
            "gross_profit": null,
            "gross_margin": null,
            "gross_margin_4q_avg": 0,
            "net_income": null,
            "net_income_4q": null,
            "revenue": null,
            "revenue_4q": null,
            "common_shares": null,
            "book_valuer_per_share": null,
            "book_valuer_per_share_4q_avg": 7.47,
            "equity": null,
            "current_ratio": null,
            "debt_ratio": null,
            "inventory_turnover_ratio": null,
            "account_receivable_turnover_ratio": null,
            "reinvestment_rate": null,
            "research_to_sale_ratio": null,
            "price_fair": 0,
            "eps_avg_yearly": 0,
            "eps_latest_yearly": 0,
            "eps_growth_yearly": 0
        },
        "20044": {
            "year_quarter": 20044,
            "year": 2004,
            "quarter": 4,
            "eps": null,
            "eps_growth_year": null,
            "eps_4q": null,
            "eps_4q_growth_year": null,
            "roe": null,
            "roe_4q": 0,
            "gross_profit": null,
            "gross_margin": null,
            "gross_margin_4q_avg": 0,
            "net_income": null,
            "net_income_4q": null,
            "revenue": null,
            "revenue_4q": null,
            "common_shares": 414908,
            "book_valuer_per_share": 23.81,
            "book_valuer_per_share_4q_avg": 5.95,
            "equity": 987950,
            "current_ratio": 621.08,
            "debt_ratio": 12.37,
            "inventory_turnover_ratio": null,
            "account_receivable_turnover_ratio": null,
            "reinvestment_rate": null,
            "research_to_sale_ratio": null,
            "price_fair": 0,
            "eps_avg_yearly": 0,
            "eps_latest_yearly": 0,
            "eps_growth_yearly": 0
        },
        "20051": {
            "year_quarter": 20051,
            "year": 2005,
            "quarter": 1,
            "eps": null,
            "eps_growth_year": null,
            "eps_4q": null,
            "eps_4q_growth_year": null,
            "roe": null,
            "roe_4q": 0,
            "gross_profit": null,
            "gross_margin": null,
            "gross_margin_4q_avg": 0,
            "net_income": null,
            "net_income_4q": null,
            "revenue": null,
            "revenue_4q": null,
            "common_shares": null,
            "book_valuer_per_share": null,
            "book_valuer_per_share_4q_avg": 5.95,
            "equity": null,
            "current_ratio": null,
            "debt_ratio": null,
            "inventory_turnover_ratio": null,
            "account_receivable_turnover_ratio": null,
            "reinvestment_rate": null,
            "research_to_sale_ratio": null,
            "price_fair": 0,
            "eps_avg_yearly": 0,
            "eps_latest_yearly": 0,
            "eps_growth_yearly": 0
        },
        "20052": {
            "year_quarter": 20052,
            "year": 2005,
            "quarter": 2,
            "eps": null,
            "eps_growth_year": null,
            "eps_4q": null,
            "eps_4q_growth_year": null,
            "roe": null,
            "roe_4q": 0,
            "gross_profit": null,
            "gross_margin": null,
            "gross_margin_4q_avg": 0,
            "net_income": null,
            "net_income_4q": null,
            "revenue": null,
            "revenue_4q": null,
            "common_shares": null,
            "book_valuer_per_share": null,
            "book_valuer_per_share_4q_avg": 5.95,
            "equity": null,
            "current_ratio": null,
            "debt_ratio": null,
            "inventory_turnover_ratio": null,
            "account_receivable_turnover_ratio": null,
            "reinvestment_rate": null,
            "research_to_sale_ratio": null,
            "price_fair": 0,
            "eps_avg_yearly": 0,
            "eps_latest_yearly": 0,
            "eps_growth_yearly": 0
        },
        "20053": {
            "year_quarter": 20053,
            "year": 2005,
            "quarter": 3,
            "eps": null,
            "eps_growth_year": null,
            "eps_4q": null,
            "eps_4q_growth_year": null,
            "roe": null,
            "roe_4q": 0,
            "gross_profit": null,
            "gross_margin": null,
            "gross_margin_4q_avg": 0,
            "net_income": null,
            "net_income_4q": null,
            "revenue": null,
            "revenue_4q": null,
            "common_shares": null,
            "book_valuer_per_share": null,
            "book_valuer_per_share_4q_avg": 5.95,
            "equity": null,
            "current_ratio": null,
            "debt_ratio": null,
            "inventory_turnover_ratio": null,
            "account_receivable_turnover_ratio": null,
            "reinvestment_rate": null,
            "research_to_sale_ratio": null,
            "price_fair": 0,
            "eps_avg_yearly": 0,
            "eps_latest_yearly": 0,
            "eps_growth_yearly": 0
        },
        "20054": {
            "year_quarter": 20054,
            "year": 2005,
            "quarter": 4,
            "eps": null,
            "eps_growth_year": null,
            "eps_4q": null,
            "eps_4q_growth_year": null,
            "roe": null,
            "roe_4q": 0,
            "gross_profit": null,
            "gross_margin": null,
            "gross_margin_4q_avg": 0,
            "net_income": null,
            "net_income_4q": null,
            "revenue": null,
            "revenue_4q": null,
            "common_shares": 455960,
            "book_valuer_per_share": 23.56,
            "book_valuer_per_share_4q_avg": 5.89,
            "equity": 1074251,
            "current_ratio": 575.34,
            "debt_ratio": 15.09,
            "inventory_turnover_ratio": null,
            "account_receivable_turnover_ratio": null,
            "reinvestment_rate": null,
            "research_to_sale_ratio": null,
            "price_fair": 0,
            "eps_avg_yearly": 0,
            "eps_latest_yearly": 0,
            "eps_growth_yearly": 0
        },
        "20061": {
            "year_quarter": 20061,
            "year": 2006,
            "quarter": 1,
            "eps": 1.25,
            "eps_growth_year": null,
            "eps_4q": null,
            "eps_4q_growth_year": null,
            "roe": 5.17,
            "roe_4q": 5.17,
            "gross_profit": 123677,
            "gross_margin": 48.07,
            "gross_margin_4q_avg": 12.02,
            "net_income": 57003,
            "net_income_4q": null,
            "revenue": 257276,
            "revenue_4q": null,
            "common_shares": 455960,
            "book_valuer_per_share": 24.8,
            "book_valuer_per_share_4q_avg": 12.09,
            "equity": 1130820,
            "current_ratio": 741.41,
            "debt_ratio": 12.02,
            "inventory_turnover_ratio": 1.9,
            "account_receivable_turnover_ratio": null,
            "reinvestment_rate": null,
            "research_to_sale_ratio": null,
            "price_fair": 0,
            "eps_avg_yearly": 0,
            "eps_latest_yearly": 0,
            "eps_growth_yearly": 0
        },
        "20062": {
            "year_quarter": 20062,
            "year": 2006,
            "quarter": 2,
            "eps": 1.45,
            "eps_growth_year": null,
            "eps_4q": null,
            "eps_4q_growth_year": null,
            "roe": 5.98,
            "roe_4q": 11.15,
            "gross_profit": 132010,
            "gross_margin": 45.46,
            "gross_margin_4q_avg": 23.38,
            "net_income": 66037,
            "net_income_4q": null,
            "revenue": 290356,
            "revenue_4q": null,
            "common_shares": 455960,
            "book_valuer_per_share": 23.67,
            "book_valuer_per_share_4q_avg": 18.01,
            "equity": 1079119,
            "current_ratio": 425.86,
            "debt_ratio": 20.73,
            "inventory_turnover_ratio": 2.05,
            "account_receivable_turnover_ratio": null,
            "reinvestment_rate": null,
            "research_to_sale_ratio": null,
            "price_fair": 203,
            "eps_avg_yearly": 5.8,
            "eps_latest_yearly": 5.8,
            "eps_growth_yearly": 64
        },
        "20063": {
            "year_quarter": 20063,
            "year": 2006,
            "quarter": 3,
            "eps": 1.16,
            "eps_growth_year": null,
            "eps_4q": null,
            "eps_4q_growth_year": null,
            "roe": 4.95,
            "roe_4q": 16.1,
            "gross_profit": 87748,
            "gross_margin": 48.01,
            "gross_margin_4q_avg": 35.39,
            "net_income": 54782,
            "net_income_4q": null,
            "revenue": 182752,
            "revenue_4q": null,
            "common_shares": 473360,
            "book_valuer_per_share": 23.96,
            "book_valuer_per_share_4q_avg": 24,
            "equity": 1134214,
            "current_ratio": 1348.12,
            "debt_ratio": 6.79,
            "inventory_turnover_ratio": 1.34,
            "account_receivable_turnover_ratio": null,
            "reinvestment_rate": null,
            "research_to_sale_ratio": null,
            "price_fair": 15.66,
            "eps_avg_yearly": 5.22,
            "eps_latest_yearly": 4.64,
            "eps_growth_yearly": -8
        },
        "20064": {
            "year_quarter": 20064,
            "year": 2006,
            "quarter": 4,
            "eps": -0.5,
            "eps_growth_year": null,
            "eps_4q": 3.26,
            "eps_4q_growth_year": null,
            "roe": -2.09,
            "roe_4q": 14.01,
            "gross_profit": 58908,
            "gross_margin": 39.19,
            "gross_margin_4q_avg": 45.18,
            "net_income": -23508,
            "net_income_4q": null,
            "revenue": 150314,
            "revenue_4q": null,
            "common_shares": 473360,
            "book_valuer_per_share": 23.53,
            "book_valuer_per_share_4q_avg": 23.99,
            "equity": 1113964,
            "current_ratio": 1128.13,
            "debt_ratio": 8.33,
            "inventory_turnover_ratio": 1.45,
            "account_receivable_turnover_ratio": null,
            "reinvestment_rate": null,
            "research_to_sale_ratio": null,
            "price_fair": 15.66,
            "eps_avg_yearly": 5.22,
            "eps_latest_yearly": 4.64,
            "eps_growth_yearly": -8
        },
        "20071": {
            "year_quarter": 20071,
            "year": 2007,
            "quarter": 1,
            "eps": 0.38,
            "eps_growth_year": -69.6,
            "eps_4q": 2.43,
            "eps_4q_growth_year": null,
            "roe": 1.6,
            "roe_4q": 10.440000000000001,
            "gross_profit": 65585,
            "gross_margin": 43.42,
            "gross_margin_4q_avg": 44.02,
            "net_income": 18012,
            "net_income_4q": null,
            "revenue": 151063,
            "revenue_4q": null,
            "common_shares": 475370,
            "book_valuer_per_share": 23.86,
            "book_valuer_per_share_4q_avg": 23.76,
            "equity": 1134008,
            "current_ratio": 1704.35,
            "debt_ratio": 5.71,
            "inventory_turnover_ratio": 1.58,
            "account_receivable_turnover_ratio": null,
            "reinvestment_rate": null,
            "research_to_sale_ratio": null,
            "price_fair": 15.66,
            "eps_avg_yearly": 5.22,
            "eps_latest_yearly": 4.64,
            "eps_growth_yearly": -8
        },
        "20072": {
            "year_quarter": 20072,
            "year": 2007,
            "quarter": 2,
            "eps": -0.02,
            "eps_growth_year": -101.38,
            "eps_4q": 1.01,
            "eps_4q_growth_year": null,
            "roe": -0.09,
            "roe_4q": 4.37,
            "gross_profit": 71421,
            "gross_margin": 48.8,
            "gross_margin_4q_avg": 44.86,
            "net_income": -1008,
            "net_income_4q": null,
            "revenue": 146359,
            "revenue_4q": null,
            "common_shares": 476468,
            "book_valuer_per_share": 21.29,
            "book_valuer_per_share_4q_avg": 23.16,
            "equity": 1014245,
            "current_ratio": 537.56,
            "debt_ratio": 16.98,
            "inventory_turnover_ratio": 1.65,
            "account_receivable_turnover_ratio": null,
            "reinvestment_rate": null,
            "research_to_sale_ratio": null,
            "price_fair": 15.66,
            "eps_avg_yearly": 5.22,
            "eps_latest_yearly": 4.64,
            "eps_growth_yearly": -8
        },
        "20073": {
            "year_quarter": 20073,
            "year": 2007,
            "quarter": 3,
            "eps": -0.05,
            "eps_growth_year": -104.31,
            "eps_4q": -0.18,
            "eps_4q_growth_year": null,
            "roe": -0.25,
            "roe_4q": -0.8299999999999996,
            "gross_profit": 49982,
            "gross_margin": 41.9,
            "gross_margin_4q_avg": 43.33,
            "net_income": -2528,
            "net_income_4q": null,
            "revenue": 119275,
            "revenue_4q": null,
            "common_shares": 500021,
            "book_valuer_per_share": 20.35,
            "book_valuer_per_share_4q_avg": 22.26,
            "equity": 1017372,
            "current_ratio": 1306.88,
            "debt_ratio": 7.27,
            "inventory_turnover_ratio": 1.44,
            "account_receivable_turnover_ratio": null,
            "reinvestment_rate": null,
            "research_to_sale_ratio": null,
            "price_fair": 15.66,
            "eps_avg_yearly": 5.22,
            "eps_latest_yearly": 4.64,
            "eps_growth_yearly": -8
        },
        "20074": {
            "year_quarter": 20074,
            "year": 2007,
            "quarter": 4,
            "eps": -0.55,
            "eps_growth_year": null,
            "eps_4q": -0.26,
            "eps_4q_growth_year": -107.98,
            "roe": -2.53,
            "roe_4q": -1.2699999999999996,
            "gross_profit": 43975,
            "gross_margin": 33.9,
            "gross_margin_4q_avg": 42.01,
            "net_income": -27513,
            "net_income_4q": null,
            "revenue": 129708,
            "revenue_4q": null,
            "common_shares": 566208,
            "book_valuer_per_share": 20.37,
            "book_valuer_per_share_4q_avg": 21.47,
            "equity": 1153617,
            "current_ratio": 1276.26,
            "debt_ratio": 7.49,
            "inventory_turnover_ratio": 1.5,
            "account_receivable_turnover_ratio": null,
            "reinvestment_rate": null,
            "research_to_sale_ratio": null,
            "price_fair": 15.66,
            "eps_avg_yearly": 5.22,
            "eps_latest_yearly": 4.64,
            "eps_growth_yearly": -8
        },
        "20081": {
            "year_quarter": 20081,
            "year": 2008,
            "quarter": 1,
            "eps": -0.85,
            "eps_growth_year": -323.68,
            "eps_4q": -1.39,
            "eps_4q_growth_year": -157.26,
            "roe": -4.32,
            "roe_4q": -7.1899999999999995,
            "gross_profit": 23485,
            "gross_margin": 23.3,
            "gross_margin_4q_avg": 36.98,
            "net_income": -48583,
            "net_income_4q": null,
            "revenue": 100781,
            "revenue_4q": null,
            "common_shares": 570217,
            "book_valuer_per_share": 19.25,
            "book_valuer_per_share_4q_avg": 20.32,
            "equity": 1097844,
            "current_ratio": 1186.82,
            "debt_ratio": 7.83,
            "inventory_turnover_ratio": 1.11,
            "account_receivable_turnover_ratio": null,
            "reinvestment_rate": null,
            "research_to_sale_ratio": null,
            "price_fair": 15.66,
            "eps_avg_yearly": 5.22,
            "eps_latest_yearly": 4.64,
            "eps_growth_yearly": -8
        },
        "20082": {
            "year_quarter": 20082,
            "year": 2008,
            "quarter": 2,
            "eps": -1.36,
            "eps_growth_year": null,
            "eps_4q": -2.82,
            "eps_4q_growth_year": -378.28,
            "roe": -7.38,
            "roe_4q": -14.479999999999999,
            "gross_profit": 3617,
            "gross_margin": 5.82,
            "gross_margin_4q_avg": 26.23,
            "net_income": -76314,
            "net_income_4q": null,
            "revenue": 62106,
            "revenue_4q": null,
            "common_shares": 549486,
            "book_valuer_per_share": 17.67,
            "book_valuer_per_share_4q_avg": 19.41,
            "equity": 971163,
            "current_ratio": 1210.73,
            "debt_ratio": 7.06,
            "inventory_turnover_ratio": 0.89,
            "account_receivable_turnover_ratio": null,
            "reinvestment_rate": null,
            "research_to_sale_ratio": null,
            "price_fair": 15.66,
            "eps_avg_yearly": 5.22,
            "eps_latest_yearly": 4.64,
            "eps_growth_yearly": -8
        },
        "20083": {
            "year_quarter": 20083,
            "year": 2008,
            "quarter": 3,
            "eps": -0.51,
            "eps_growth_year": null,
            "eps_4q": -2.99,
            "eps_4q_growth_year": null,
            "roe": -2.89,
            "roe_4q": -17.12,
            "gross_profit": 25531,
            "gross_margin": 23.33,
            "gross_margin_4q_avg": 21.59,
            "net_income": -29059,
            "net_income_4q": null,
            "revenue": 109454,
            "revenue_4q": null,
            "common_shares": 606746,
            "book_valuer_per_share": 17.18,
            "book_valuer_per_share_4q_avg": 18.62,
            "equity": 1042309,
            "current_ratio": 914.38,
            "debt_ratio": 9.35,
            "inventory_turnover_ratio": 1.31,
            "account_receivable_turnover_ratio": null,
            "reinvestment_rate": null,
            "research_to_sale_ratio": null,
            "price_fair": 15.66,
            "eps_avg_yearly": 5.22,
            "eps_latest_yearly": 4.64,
            "eps_growth_yearly": -8
        },
        "20084": {
            "year_quarter": 20084,
            "year": 2008,
            "quarter": 4,
            "eps": -0.31,
            "eps_growth_year": null,
            "eps_4q": -2.98,
            "eps_4q_growth_year": null,
            "roe": -1.75,
            "roe_4q": -16.34,
            "gross_profit": 45657,
            "gross_margin": 26.81,
            "gross_margin_4q_avg": 19.82,
            "net_income": -18045,
            "net_income_4q": null,
            "revenue": 170300,
            "revenue_4q": null,
            "common_shares": 606746,
            "book_valuer_per_share": 16.88,
            "book_valuer_per_share_4q_avg": 17.75,
            "equity": 1024489,
            "current_ratio": 633.64,
            "debt_ratio": 13.68,
            "inventory_turnover_ratio": 1.38,
            "account_receivable_turnover_ratio": 2.57,
            "reinvestment_rate": null,
            "research_to_sale_ratio": null,
            "price_fair": 15.66,
            "eps_avg_yearly": 5.22,
            "eps_latest_yearly": 4.64,
            "eps_growth_yearly": -8
        },
        "20091": {
            "year_quarter": 20091,
            "year": 2009,
            "quarter": 1,
            "eps": 0.18,
            "eps_growth_year": null,
            "eps_4q": -1.87,
            "eps_4q_growth_year": null,
            "roe": 1.05,
            "roe_4q": -10.969999999999999,
            "gross_profit": 57228,
            "gross_margin": 33.54,
            "gross_margin_4q_avg": 22.38,
            "net_income": 10861,
            "net_income_4q": null,
            "revenue": 170627,
            "revenue_4q": null,
            "common_shares": 606896,
            "book_valuer_per_share": 17.11,
            "book_valuer_per_share_4q_avg": 17.21,
            "equity": 1038546,
            "current_ratio": 1147.56,
            "debt_ratio": 7.62,
            "inventory_turnover_ratio": 1.18,
            "account_receivable_turnover_ratio": 1.59,
            "reinvestment_rate": null,
            "research_to_sale_ratio": null,
            "price_fair": 15.66,
            "eps_avg_yearly": 5.22,
            "eps_latest_yearly": 4.64,
            "eps_growth_yearly": -8
        },
        "20092": {
            "year_quarter": 20092,
            "year": 2009,
            "quarter": 2,
            "eps": -0.07,
            "eps_growth_year": null,
            "eps_4q": -0.66,
            "eps_4q_growth_year": null,
            "roe": -0.4,
            "roe_4q": -3.99,
            "gross_profit": 63361,
            "gross_margin": 31.57,
            "gross_margin_4q_avg": 28.81,
            "net_income": -4181,
            "net_income_4q": null,
            "revenue": 200677,
            "revenue_4q": null,
            "common_shares": 609026,
            "book_valuer_per_share": 16.99,
            "book_valuer_per_share_4q_avg": 17.04,
            "equity": 1034935,
            "current_ratio": 793.38,
            "debt_ratio": 10.98,
            "inventory_turnover_ratio": 1.63,
            "account_receivable_turnover_ratio": 2.39,
            "reinvestment_rate": null,
            "research_to_sale_ratio": null,
            "price_fair": 15.66,
            "eps_avg_yearly": 5.22,
            "eps_latest_yearly": 4.64,
            "eps_growth_yearly": -8
        },
        "20093": {
            "year_quarter": 20093,
            "year": 2009,
            "quarter": 3,
            "eps": 0.19,
            "eps_growth_year": null,
            "eps_4q": -0,
            "eps_4q_growth_year": null,
            "roe": 1.09,
            "roe_4q": -0.009999999999999787,
            "gross_profit": 78207,
            "gross_margin": 34.51,
            "gross_margin_4q_avg": 31.61,
            "net_income": 11348,
            "net_income_4q": null,
            "revenue": 226608,
            "revenue_4q": null,
            "common_shares": 609406,
            "book_valuer_per_share": 17.3,
            "book_valuer_per_share_4q_avg": 17.07,
            "equity": 1054428,
            "current_ratio": 797.52,
            "debt_ratio": 10.95,
            "inventory_turnover_ratio": 2.13,
            "account_receivable_turnover_ratio": 1.84,
            "reinvestment_rate": null,
            "research_to_sale_ratio": null,
            "price_fair": 15.66,
            "eps_avg_yearly": 5.22,
            "eps_latest_yearly": 4.64,
            "eps_growth_yearly": -8
        },
        "20094": {
            "year_quarter": 20094,
            "year": 2009,
            "quarter": 4,
            "eps": 0.25,
            "eps_growth_year": null,
            "eps_4q": 0.54,
            "eps_4q_growth_year": null,
            "roe": 1.44,
            "roe_4q": 3.1800000000000006,
            "gross_profit": 78666,
            "gross_margin": 30.88,
            "gross_margin_4q_avg": 32.63,
            "net_income": 15311,
            "net_income_4q": null,
            "revenue": 254758,
            "revenue_4q": null,
            "common_shares": 614836,
            "book_valuer_per_share": 17.42,
            "book_valuer_per_share_4q_avg": 17.21,
            "equity": 1074359,
            "current_ratio": 530.45,
            "debt_ratio": 16.7,
            "inventory_turnover_ratio": 1.42,
            "account_receivable_turnover_ratio": 3.78,
            "reinvestment_rate": 638.2,
            "research_to_sale_ratio": null,
            "price_fair": 133.47,
            "eps_avg_yearly": 3.81,
            "eps_latest_yearly": 1,
            "eps_growth_yearly": 36.77
        },
        "20101": {
            "year_quarter": 20101,
            "year": 2010,
            "quarter": 1,
            "eps": -0.21,
            "eps_growth_year": -216.67,
            "eps_4q": 0.16,
            "eps_4q_growth_year": null,
            "roe": -1.19,
            "roe_4q": 0.9400000000000001,
            "gross_profit": 48958,
            "gross_margin": 28.67,
            "gross_margin_4q_avg": 31.41,
            "net_income": -12719,
            "net_income_4q": null,
            "revenue": 170788,
            "revenue_4q": null,
            "common_shares": 616768,
            "book_valuer_per_share": 17.24,
            "book_valuer_per_share_4q_avg": 17.24,
            "equity": 1071530,
            "current_ratio": 1188.61,
            "debt_ratio": 7.47,
            "inventory_turnover_ratio": 0.73,
            "account_receivable_turnover_ratio": 1.77,
            "reinvestment_rate": null,
            "research_to_sale_ratio": 27.28,
            "price_fair": 133.47,
            "eps_avg_yearly": 3.81,
            "eps_latest_yearly": 1,
            "eps_growth_yearly": 36.77
        },
        "20102": {
            "year_quarter": 20102,
            "year": 2010,
            "quarter": 2,
            "eps": -0.84,
            "eps_growth_year": null,
            "eps_4q": -0.62,
            "eps_4q_growth_year": null,
            "roe": -5.06,
            "roe_4q": -3.7200000000000006,
            "gross_profit": 25876,
            "gross_margin": 19.29,
            "gross_margin_4q_avg": 28.34,
            "net_income": -52256,
            "net_income_4q": null,
            "revenue": 134165,
            "revenue_4q": null,
            "common_shares": 621546,
            "book_valuer_per_share": 16,
            "book_valuer_per_share_4q_avg": 16.99,
            "equity": 995233,
            "current_ratio": 519.82,
            "debt_ratio": 16.78,
            "inventory_turnover_ratio": 0.68,
            "account_receivable_turnover_ratio": 1.92,
            "reinvestment_rate": null,
            "research_to_sale_ratio": 35.23,
            "price_fair": 93.51,
            "eps_avg_yearly": 2.82,
            "eps_latest_yearly": 1,
            "eps_growth_yearly": 23.16
        },
        "20103": {
            "year_quarter": 20103,
            "year": 2010,
            "quarter": 3,
            "eps": -0.55,
            "eps_growth_year": -391.32,
            "eps_4q": -1.35,
            "eps_4q_growth_year": null,
            "roe": -3.52,
            "roe_4q": -8.33,
            "gross_profit": 32395,
            "gross_margin": 23.41,
            "gross_margin_4q_avg": 25.56,
            "net_income": -34465,
            "net_income_4q": null,
            "revenue": 138393,
            "revenue_4q": null,
            "common_shares": 621895,
            "book_valuer_per_share": 15.45,
            "book_valuer_per_share_4q_avg": 16.53,
            "equity": 961451,
            "current_ratio": 540.02,
            "debt_ratio": 16.21,
            "inventory_turnover_ratio": 0.5,
            "account_receivable_turnover_ratio": 1.86,
            "reinvestment_rate": null,
            "research_to_sale_ratio": 33.79,
            "price_fair": 35,
            "eps_avg_yearly": 1,
            "eps_latest_yearly": 1,
            "eps_growth_yearly": 126.32
        },
        "20104": {
            "year_quarter": 20104,
            "year": 2010,
            "quarter": 4,
            "eps": -0.37,
            "eps_growth_year": -247.14,
            "eps_4q": -1.97,
            "eps_4q_growth_year": -465.21,
            "roe": -2.41,
            "roe_4q": -12.179999999999998,
            "gross_profit": 47635,
            "gross_margin": 28.67,
            "gross_margin_4q_avg": 25.01,
            "net_income": -22895,
            "net_income_4q": null,
            "revenue": 166129,
            "revenue_4q": null,
            "common_shares": 622388,
            "book_valuer_per_share": 15.08,
            "book_valuer_per_share_4q_avg": 15.94,
            "equity": 938558,
            "current_ratio": 1230.52,
            "debt_ratio": 7.16,
            "inventory_turnover_ratio": 0.55,
            "account_receivable_turnover_ratio": 2.78,
            "reinvestment_rate": null,
            "research_to_sale_ratio": 26.67,
            "price_fair": 35,
            "eps_avg_yearly": 1,
            "eps_latest_yearly": 1,
            "eps_growth_yearly": 126.32
        },
        "20111": {
            "year_quarter": 20111,
            "year": 2011,
            "quarter": 1,
            "eps": -0.75,
            "eps_growth_year": null,
            "eps_4q": -2.5,
            "eps_4q_growth_year": -1711.47,
            "roe": -5.14,
            "roe_4q": -16.13,
            "gross_profit": 16469,
            "gross_margin": 15.92,
            "gross_margin_4q_avg": 21.82,
            "net_income": -47086,
            "net_income_4q": null,
            "revenue": 103449,
            "revenue_4q": null,
            "common_shares": 622388,
            "book_valuer_per_share": 14.32,
            "book_valuer_per_share_4q_avg": 15.21,
            "equity": 894815,
            "current_ratio": 934.45,
            "debt_ratio": 9.28,
            "inventory_turnover_ratio": 0.46,
            "account_receivable_turnover_ratio": 2.06,
            "reinvestment_rate": null,
            "research_to_sale_ratio": 45.38,
            "price_fair": 35,
            "eps_avg_yearly": 1,
            "eps_latest_yearly": 1,
            "eps_growth_yearly": 126.32
        },
        "20112": {
            "year_quarter": 20112,
            "year": 2011,
            "quarter": 2,
            "eps": -0.72,
            "eps_growth_year": null,
            "eps_4q": -2.39,
            "eps_4q_growth_year": null,
            "roe": -5.13,
            "roe_4q": -16.2,
            "gross_profit": 14176,
            "gross_margin": 13.24,
            "gross_margin_4q_avg": 20.31,
            "net_income": -44749,
            "net_income_4q": null,
            "revenue": 107060,
            "revenue_4q": null,
            "common_shares": 624678,
            "book_valuer_per_share": 13.61,
            "book_valuer_per_share_4q_avg": 14.62,
            "equity": 850431,
            "current_ratio": 846.24,
            "debt_ratio": 10.17,
            "inventory_turnover_ratio": 0.47,
            "account_receivable_turnover_ratio": 2.22,
            "reinvestment_rate": null,
            "research_to_sale_ratio": 45.65,
            "price_fair": 35,
            "eps_avg_yearly": 1,
            "eps_latest_yearly": 1,
            "eps_growth_yearly": 126.32
        },
        "20113": {
            "year_quarter": 20113,
            "year": 2011,
            "quarter": 3,
            "eps": -0.64,
            "eps_growth_year": null,
            "eps_4q": -2.48,
            "eps_4q_growth_year": null,
            "roe": -4.85,
            "roe_4q": -17.53,
            "gross_profit": 36462,
            "gross_margin": 20.4,
            "gross_margin_4q_avg": 19.56,
            "net_income": -40249,
            "net_income_4q": null,
            "revenue": 178715,
            "revenue_4q": null,
            "common_shares": 624928,
            "book_valuer_per_share": 12.97,
            "book_valuer_per_share_4q_avg": 14,
            "equity": 810996,
            "current_ratio": 683.42,
            "debt_ratio": 12.31,
            "inventory_turnover_ratio": 0.68,
            "account_receivable_turnover_ratio": 3.01,
            "reinvestment_rate": null,
            "research_to_sale_ratio": 29.8,
            "price_fair": 35,
            "eps_avg_yearly": 1,
            "eps_latest_yearly": 1,
            "eps_growth_yearly": 126.32
        },
        "20114": {
            "year_quarter": 20114,
            "year": 2011,
            "quarter": 4,
            "eps": -0.73,
            "eps_growth_year": null,
            "eps_4q": -2.84,
            "eps_4q_growth_year": null,
            "roe": -5.77,
            "roe_4q": -20.89,
            "gross_profit": 36111,
            "gross_margin": 20.02,
            "gross_margin_4q_avg": 17.4,
            "net_income": -45505,
            "net_income_4q": null,
            "revenue": 180403,
            "revenue_4q": null,
            "common_shares": 625485,
            "book_valuer_per_share": 12.24,
            "book_valuer_per_share_4q_avg": 13.29,
            "equity": 765491,
            "current_ratio": 804.14,
            "debt_ratio": 10.36,
            "inventory_turnover_ratio": 0.73,
            "account_receivable_turnover_ratio": 2.22,
            "reinvestment_rate": null,
            "research_to_sale_ratio": 30.7,
            "price_fair": 35,
            "eps_avg_yearly": 1,
            "eps_latest_yearly": 1,
            "eps_growth_yearly": 126.32
        },
        "20121": {
            "year_quarter": 20121,
            "year": 2012,
            "quarter": 1,
            "eps": -0.22,
            "eps_growth_year": null,
            "eps_4q": -2.3,
            "eps_4q_growth_year": null,
            "roe": -1.79,
            "roe_4q": -17.54,
            "gross_profit": 57663,
            "gross_margin": 36.06,
            "gross_margin_4q_avg": 22.43,
            "net_income": -13585,
            "net_income_4q": null,
            "revenue": 159912,
            "revenue_4q": null,
            "common_shares": 625485,
            "book_valuer_per_share": 12.02,
            "book_valuer_per_share_4q_avg": 12.71,
            "equity": 751906,
            "current_ratio": 631.1,
            "debt_ratio": 13,
            "inventory_turnover_ratio": 0.55,
            "account_receivable_turnover_ratio": 1.71,
            "reinvestment_rate": null,
            "research_to_sale_ratio": 31.44,
            "price_fair": 35,
            "eps_avg_yearly": 1,
            "eps_latest_yearly": 1,
            "eps_growth_yearly": 126.32
        },
        "20122": {
            "year_quarter": 20122,
            "year": 2012,
            "quarter": 2,
            "eps": -0.46,
            "eps_growth_year": null,
            "eps_4q": -2.05,
            "eps_4q_growth_year": null,
            "roe": -3.93,
            "roe_4q": -16.34,
            "gross_profit": 41062,
            "gross_margin": 28.25,
            "gross_margin_4q_avg": 26.18,
            "net_income": -28982,
            "net_income_4q": null,
            "revenue": 145358,
            "revenue_4q": null,
            "common_shares": 625485,
            "book_valuer_per_share": 11.56,
            "book_valuer_per_share_4q_avg": 12.2,
            "equity": 722924,
            "current_ratio": 744.39,
            "debt_ratio": 10.34,
            "inventory_turnover_ratio": 0.57,
            "account_receivable_turnover_ratio": 1.73,
            "reinvestment_rate": null,
            "research_to_sale_ratio": 36.22,
            "price_fair": 35,
            "eps_avg_yearly": 1,
            "eps_latest_yearly": 1,
            "eps_growth_yearly": 126.32
        },
        "20123": {
            "year_quarter": 20123,
            "year": 2012,
            "quarter": 3,
            "eps": -0.97,
            "eps_growth_year": null,
            "eps_4q": -2.37,
            "eps_4q_growth_year": null,
            "roe": -8.73,
            "roe_4q": -20.22,
            "gross_profit": 15955,
            "gross_margin": 11.4,
            "gross_margin_4q_avg": 23.93,
            "net_income": -60450,
            "net_income_4q": null,
            "revenue": 140006,
            "revenue_4q": null,
            "common_shares": 625485,
            "book_valuer_per_share": 10.59,
            "book_valuer_per_share_4q_avg": 11.6,
            "equity": 662474,
            "current_ratio": 671.93,
            "debt_ratio": 11.11,
            "inventory_turnover_ratio": 0.84,
            "account_receivable_turnover_ratio": 2.09,
            "reinvestment_rate": null,
            "research_to_sale_ratio": 39.13,
            "price_fair": 35,
            "eps_avg_yearly": 1,
            "eps_latest_yearly": 1,
            "eps_growth_yearly": 126.32
        },
        "20124": {
            "year_quarter": 20124,
            "year": 2012,
            "quarter": 4,
            "eps": -0.4,
            "eps_growth_year": null,
            "eps_4q": -2.05,
            "eps_4q_growth_year": null,
            "roe": -3.88,
            "roe_4q": -18.33,
            "gross_profit": 50960,
            "gross_margin": 29.29,
            "gross_margin_4q_avg": 26.25,
            "net_income": -25232,
            "net_income_4q": null,
            "revenue": 173976,
            "revenue_4q": null,
            "common_shares": 625485,
            "book_valuer_per_share": 10.19,
            "book_valuer_per_share_4q_avg": 11.09,
            "equity": 637242,
            "current_ratio": 812.24,
            "debt_ratio": 9.11,
            "inventory_turnover_ratio": 1.22,
            "account_receivable_turnover_ratio": 2.29,
            "reinvestment_rate": null,
            "research_to_sale_ratio": 32.18,
            "price_fair": 35,
            "eps_avg_yearly": 1,
            "eps_latest_yearly": 1,
            "eps_growth_yearly": 126.32
        },
        "20131": {
            "year_quarter": 20131,
            "year": 2013,
            "quarter": 1,
            "eps": -0.78,
            "eps_growth_year": null,
            "eps_4q": -2.61,
            "eps_4q_growth_year": null,
            "roe": -7.94,
            "roe_4q": -24.48,
            "gross_profit": 24639,
            "gross_margin": 21.04,
            "gross_margin_4q_avg": 22.5,
            "net_income": -48839,
            "net_income_4q": null,
            "revenue": 117086,
            "revenue_4q": null,
            "common_shares": 625485,
            "book_valuer_per_share": 9.49,
            "book_valuer_per_share_4q_avg": 10.46,
            "equity": 593485,
            "current_ratio": 411.63,
            "debt_ratio": 17.49,
            "inventory_turnover_ratio": 0.86,
            "account_receivable_turnover_ratio": 1.48,
            "reinvestment_rate": null,
            "research_to_sale_ratio": 41.58,
            "price_fair": 35,
            "eps_avg_yearly": 1,
            "eps_latest_yearly": 1,
            "eps_growth_yearly": 126.32
        },
        "20132": {
            "year_quarter": 20132,
            "year": 2013,
            "quarter": 2,
            "eps": -0.42,
            "eps_growth_year": null,
            "eps_4q": -2.57,
            "eps_4q_growth_year": null,
            "roe": -4.52,
            "roe_4q": -25.07,
            "gross_profit": 39714,
            "gross_margin": 28.86,
            "gross_margin_4q_avg": 22.65,
            "net_income": -26229,
            "net_income_4q": null,
            "revenue": 137628,
            "revenue_4q": null,
            "common_shares": 625485,
            "book_valuer_per_share": 9.07,
            "book_valuer_per_share_4q_avg": 9.84,
            "equity": 567256,
            "current_ratio": 504.78,
            "debt_ratio": 13.85,
            "inventory_turnover_ratio": 0.78,
            "account_receivable_turnover_ratio": 2,
            "reinvestment_rate": null,
            "research_to_sale_ratio": 33.41,
            "price_fair": 35,
            "eps_avg_yearly": 1,
            "eps_latest_yearly": 1,
            "eps_growth_yearly": 126.32
        },
        "20133": {
            "year_quarter": 20133,
            "year": 2013,
            "quarter": 3,
            "eps": -0.41,
            "eps_growth_year": null,
            "eps_4q": -2.01,
            "eps_4q_growth_year": null,
            "roe": -4.63,
            "roe_4q": -20.97,
            "gross_profit": 37641,
            "gross_margin": 29.18,
            "gross_margin_4q_avg": 27.09,
            "net_income": -25659,
            "net_income_4q": null,
            "revenue": 128975,
            "revenue_4q": null,
            "common_shares": 625485,
            "book_valuer_per_share": 8.66,
            "book_valuer_per_share_4q_avg": 9.35,
            "equity": 541597,
            "current_ratio": 579.36,
            "debt_ratio": 11.8,
            "inventory_turnover_ratio": 0.92,
            "account_receivable_turnover_ratio": 2.12,
            "reinvestment_rate": null,
            "research_to_sale_ratio": 36.91,
            "price_fair": 35,
            "eps_avg_yearly": 1,
            "eps_latest_yearly": 1,
            "eps_growth_yearly": 126.32
        },
        "20134": {
            "year_quarter": 20134,
            "year": 2013,
            "quarter": 4,
            "eps": 0.21,
            "eps_growth_year": null,
            "eps_4q": -1.22,
            "eps_4q_growth_year": null,
            "roe": 2.39,
            "roe_4q": -14.7,
            "gross_profit": 76469,
            "gross_margin": 39.86,
            "gross_margin_4q_avg": 29.74,
            "net_income": 14831,
            "net_income_4q": null,
            "revenue": 191835,
            "revenue_4q": null,
            "common_shares": 700485,
            "book_valuer_per_share": 9.99,
            "book_valuer_per_share_4q_avg": 9.3,
            "equity": 701679,
            "current_ratio": 627.14,
            "debt_ratio": 12.41,
            "inventory_turnover_ratio": 1.59,
            "account_receivable_turnover_ratio": 2.64,
            "reinvestment_rate": null,
            "research_to_sale_ratio": 25.17,
            "price_fair": 0,
            "eps_avg_yearly": 0,
            "eps_latest_yearly": 0,
            "eps_growth_yearly": 0
        },
        "20141": {
            "year_quarter": 20141,
            "year": 2014,
            "quarter": 1,
            "eps": -0.27,
            "eps_growth_year": null,
            "eps_4q": -0.79,
            "eps_4q_growth_year": null,
            "roe": -2.7,
            "roe_4q": -9.459999999999999,
            "gross_profit": 49970,
            "gross_margin": 29.36,
            "gross_margin_4q_avg": 31.82,
            "net_income": -18733,
            "net_income_4q": null,
            "revenue": 170193,
            "revenue_4q": null,
            "common_shares": 702496,
            "book_valuer_per_share": 9.76,
            "book_valuer_per_share_4q_avg": 9.37,
            "equity": 687177,
            "current_ratio": 558.43,
            "debt_ratio": 13.52,
            "inventory_turnover_ratio": 2.14,
            "account_receivable_turnover_ratio": 1.83,
            "reinvestment_rate": null,
            "research_to_sale_ratio": 28.32,
            "price_fair": 0,
            "eps_avg_yearly": 0,
            "eps_latest_yearly": 0,
            "eps_growth_yearly": 0
        },
        "20142": {
            "year_quarter": 20142,
            "year": 2014,
            "quarter": 2,
            "eps": -0.51,
            "eps_growth_year": null,
            "eps_4q": -0.92,
            "eps_4q_growth_year": null,
            "roe": -5.32,
            "roe_4q": -10.259999999999998,
            "gross_profit": 40763,
            "gross_margin": 30.52,
            "gross_margin_4q_avg": 32.23,
            "net_income": -35692,
            "net_income_4q": null,
            "revenue": 133582,
            "revenue_4q": null,
            "common_shares": 704236,
            "book_valuer_per_share": 9.28,
            "book_valuer_per_share_4q_avg": 9.42,
            "equity": 654759,
            "current_ratio": 486.17,
            "debt_ratio": 15.4,
            "inventory_turnover_ratio": 1.31,
            "account_receivable_turnover_ratio": 2,
            "reinvestment_rate": null,
            "research_to_sale_ratio": 41.76,
            "price_fair": 0,
            "eps_avg_yearly": 0,
            "eps_latest_yearly": 0,
            "eps_growth_yearly": 0
        },
        "20143": {
            "year_quarter": 20143,
            "year": 2014,
            "quarter": 3,
            "eps": -0.54,
            "eps_growth_year": null,
            "eps_4q": -1.1,
            "eps_4q_growth_year": null,
            "roe": -6.02,
            "roe_4q": -11.649999999999999,
            "gross_profit": 37914,
            "gross_margin": 34.08,
            "gross_margin_4q_avg": 33.46,
            "net_income": -38410,
            "net_income_4q": null,
            "revenue": 111250,
            "revenue_4q": null,
            "common_shares": 705635,
            "book_valuer_per_share": 8.77,
            "book_valuer_per_share_4q_avg": 9.45,
            "equity": 621011,
            "current_ratio": 630.47,
            "debt_ratio": 11.27,
            "inventory_turnover_ratio": 0.8,
            "account_receivable_turnover_ratio": 2.23,
            "reinvestment_rate": null,
            "research_to_sale_ratio": 49.75,
            "price_fair": 0,
            "eps_avg_yearly": 0,
            "eps_latest_yearly": 0,
            "eps_growth_yearly": 0
        },
        "20144": {
            "year_quarter": 20144,
            "year": 2014,
            "quarter": 4,
            "eps": -0.07,
            "eps_growth_year": -132.16,
            "eps_4q": -1.38,
            "eps_4q_growth_year": null,
            "roe": -0.77,
            "roe_4q": -14.809999999999999,
            "gross_profit": 59931,
            "gross_margin": 36.67,
            "gross_margin_4q_avg": 32.66,
            "net_income": -4800,
            "net_income_4q": null,
            "revenue": 163416,
            "revenue_4q": null,
            "common_shares": 707737,
            "book_valuer_per_share": 8.73,
            "book_valuer_per_share_4q_avg": 9.14,
            "equity": 618461,
            "current_ratio": 654.02,
            "debt_ratio": 10.85,
            "inventory_turnover_ratio": 1.07,
            "account_receivable_turnover_ratio": 2.67,
            "reinvestment_rate": null,
            "research_to_sale_ratio": 26.2,
            "price_fair": 0,
            "eps_avg_yearly": 0,
            "eps_latest_yearly": 0,
            "eps_growth_yearly": 0
        },
        "20151": {
            "year_quarter": 20151,
            "year": 2015,
            "quarter": 1,
            "eps": -0.27,
            "eps_growth_year": null,
            "eps_4q": -1.39,
            "eps_4q_growth_year": null,
            "roe": -3.19,
            "roe_4q": -15.3,
            "gross_profit": 54618,
            "gross_margin": 38.24,
            "gross_margin_4q_avg": 34.88,
            "net_income": -19441,
            "net_income_4q": null,
            "revenue": 142833,
            "revenue_4q": null,
            "common_shares": 708596,
            "book_valuer_per_share": 8.45,
            "book_valuer_per_share_4q_avg": 8.81,
            "equity": 599020,
            "current_ratio": 374.23,
            "debt_ratio": 17.98,
            "inventory_turnover_ratio": 0.75,
            "account_receivable_turnover_ratio": 2.4,
            "reinvestment_rate": null,
            "research_to_sale_ratio": 36.8,
            "price_fair": 0,
            "eps_avg_yearly": 0,
            "eps_latest_yearly": 0,
            "eps_growth_yearly": 0
        },
        "20152": {
            "year_quarter": 20152,
            "year": 2015,
            "quarter": 2,
            "eps": -0.83,
            "eps_growth_year": null,
            "eps_4q": -1.71,
            "eps_4q_growth_year": null,
            "roe": -10.24,
            "roe_4q": -20.22,
            "gross_profit": 34353,
            "gross_margin": 28.66,
            "gross_margin_4q_avg": 34.41,
            "net_income": -59045,
            "net_income_4q": null,
            "revenue": 119863,
            "revenue_4q": null,
            "common_shares": 708596,
            "book_valuer_per_share": 7.82,
            "book_valuer_per_share_4q_avg": 8.44,
            "equity": 554499,
            "current_ratio": 308.55,
            "debt_ratio": 21.11,
            "inventory_turnover_ratio": 0.62,
            "account_receivable_turnover_ratio": 2.3,
            "reinvestment_rate": null,
            "research_to_sale_ratio": 53.99,
            "price_fair": 0,
            "eps_avg_yearly": 0,
            "eps_latest_yearly": 0,
            "eps_growth_yearly": 0
        },
        "20153": {
            "year_quarter": 20153,
            "year": 2015,
            "quarter": 3,
            "eps": -0.65,
            "eps_growth_year": null,
            "eps_4q": -1.67,
            "eps_4q_growth_year": null,
            "roe": -7.8,
            "roe_4q": -22,
            "gross_profit": 22472,
            "gross_margin": 21.79,
            "gross_margin_4q_avg": 31.34,
            "net_income": -51705,
            "net_income_4q": null,
            "revenue": 103118,
            "revenue_4q": null,
            "common_shares": 808596,
            "book_valuer_per_share": 9.53,
            "book_valuer_per_share_4q_avg": 8.63,
            "equity": 770945,
            "current_ratio": 650.25,
            "debt_ratio": 10.88,
            "inventory_turnover_ratio": 0.62,
            "account_receivable_turnover_ratio": 2.19,
            "reinvestment_rate": null,
            "research_to_sale_ratio": 52.71,
            "price_fair": 0,
            "eps_avg_yearly": 0,
            "eps_latest_yearly": 0,
            "eps_growth_yearly": 0
        },
        "20154": {
            "year_quarter": 20154,
            "year": 2015,
            "quarter": 4,
            "eps": -0.42,
            "eps_growth_year": null,
            "eps_4q": -2.03,
            "eps_4q_growth_year": null,
            "roe": -4.5,
            "roe_4q": -25.73,
            "gross_profit": 35861,
            "gross_margin": 30.77,
            "gross_margin_4q_avg": 29.87,
            "net_income": -33871,
            "net_income_4q": null,
            "revenue": 116560,
            "revenue_4q": null,
            "common_shares": 808596,
            "book_valuer_per_share": 9.1,
            "book_valuer_per_share_4q_avg": 8.73,
            "equity": 735602,
            "current_ratio": 583,
            "debt_ratio": 11.78,
            "inventory_turnover_ratio": 0.67,
            "account_receivable_turnover_ratio": 2.45,
            "reinvestment_rate": null,
            "research_to_sale_ratio": 44.18,
            "price_fair": 0,
            "eps_avg_yearly": 0,
            "eps_latest_yearly": 0,
            "eps_growth_yearly": 0
        },
        "20161": {
            "year_quarter": 20161,
            "year": 2016,
            "quarter": 1,
            "eps": -0.26,
            "eps_growth_year": null,
            "eps_4q": -2.05,
            "eps_4q_growth_year": null,
            "roe": -2.94,
            "roe_4q": -25.479999999999997,
            "gross_profit": 53882,
            "gross_margin": 32.92,
            "gross_margin_4q_avg": 28.54,
            "net_income": -21322,
            "net_income_4q": null,
            "revenue": 163690,
            "revenue_4q": null,
            "common_shares": 808596,
            "book_valuer_per_share": 8.83,
            "book_valuer_per_share_4q_avg": 8.82,
            "equity": 714280,
            "current_ratio": 517.94,
            "debt_ratio": 13.35,
            "inventory_turnover_ratio": 0.87,
            "account_receivable_turnover_ratio": 3.05,
            "reinvestment_rate": null,
            "research_to_sale_ratio": 28.98,
            "price_fair": 0,
            "eps_avg_yearly": 0,
            "eps_latest_yearly": 0,
            "eps_growth_yearly": 0
        },
        "20162": {
            "year_quarter": 20162,
            "year": 2016,
            "quarter": 2,
            "eps": -0.42,
            "eps_growth_year": null,
            "eps_4q": -1.74,
            "eps_4q_growth_year": null,
            "roe": -4.82,
            "roe_4q": -20.06,
            "gross_profit": 42166,
            "gross_margin": 29.32,
            "gross_margin_4q_avg": 28.7,
            "net_income": -33602,
            "net_income_4q": null,
            "revenue": 143790,
            "revenue_4q": null,
            "common_shares": 808596,
            "book_valuer_per_share": 8.42,
            "book_valuer_per_share_4q_avg": 8.97,
            "equity": 680678,
            "current_ratio": 628.04,
            "debt_ratio": 10.73,
            "inventory_turnover_ratio": 0.8,
            "account_receivable_turnover_ratio": 2.34,
            "reinvestment_rate": null,
            "research_to_sale_ratio": 37.12,
            "price_fair": 0,
            "eps_avg_yearly": 0,
            "eps_latest_yearly": 0,
            "eps_growth_yearly": 0
        },
        "20163": {
            "year_quarter": 20163,
            "year": 2016,
            "quarter": 3,
            "eps": -0.27,
            "eps_growth_year": null,
            "eps_4q": -1.36,
            "eps_4q_growth_year": null,
            "roe": -3.2,
            "roe_4q": -15.459999999999999,
            "gross_profit": 51521,
            "gross_margin": 30.85,
            "gross_margin_4q_avg": 30.97,
            "net_income": -21430,
            "net_income_4q": null,
            "revenue": 166998,
            "revenue_4q": null,
            "common_shares": 808596,
            "book_valuer_per_share": 8.15,
            "book_valuer_per_share_4q_avg": 8.63,
            "equity": 659248,
            "current_ratio": 586.92,
            "debt_ratio": 11.29,
            "inventory_turnover_ratio": 0.91,
            "account_receivable_turnover_ratio": 2.56,
            "reinvestment_rate": null,
            "research_to_sale_ratio": 28.49,
            "price_fair": 0,
            "eps_avg_yearly": 0,
            "eps_latest_yearly": 0,
            "eps_growth_yearly": 0
        },
        "20164": {
            "year_quarter": 20164,
            "year": 2016,
            "quarter": 4,
            "eps": 0.08,
            "eps_growth_year": null,
            "eps_4q": -0.87,
            "eps_4q_growth_year": null,
            "roe": 0.95,
            "roe_4q": -10.01,
            "gross_profit": 66215,
            "gross_margin": 39.28,
            "gross_margin_4q_avg": 33.09,
            "net_income": 6297,
            "net_income_4q": null,
            "revenue": 168591,
            "revenue_4q": null,
            "common_shares": 808596,
            "book_valuer_per_share": 8.24,
            "book_valuer_per_share_4q_avg": 8.41,
            "equity": 666617,
            "current_ratio": 783.47,
            "debt_ratio": 8.17,
            "inventory_turnover_ratio": 0.82,
            "account_receivable_turnover_ratio": 2.47,
            "reinvestment_rate": null,
            "research_to_sale_ratio": 26.64,
            "price_fair": 0,
            "eps_avg_yearly": 0,
            "eps_latest_yearly": 0,
            "eps_growth_yearly": 0
        },
        "20171": {
            "year_quarter": 20171,
            "year": 2017,
            "quarter": 1,
            "eps": -0.31,
            "eps_growth_year": null,
            "eps_4q": -0.92,
            "eps_4q_growth_year": null,
            "roe": -3.87,
            "roe_4q": -10.940000000000001,
            "gross_profit": 46078,
            "gross_margin": 35.12,
            "gross_margin_4q_avg": 33.64,
            "net_income": -25297,
            "net_income_4q": null,
            "revenue": 131187,
            "revenue_4q": null,
            "common_shares": 808596,
            "book_valuer_per_share": 7.93,
            "book_valuer_per_share_4q_avg": 8.19,
            "equity": 641320,
            "current_ratio": 764.73,
            "debt_ratio": 8.3,
            "inventory_turnover_ratio": 0.62,
            "account_receivable_turnover_ratio": 1.99,
            "reinvestment_rate": null,
            "research_to_sale_ratio": 34.19,
            "price_fair": 0,
            "eps_avg_yearly": 0,
            "eps_latest_yearly": 0,
            "eps_growth_yearly": 0
        },
        "20172": {
            "year_quarter": 20172,
            "year": 2017,
            "quarter": 2,
            "eps": -0.55,
            "eps_growth_year": null,
            "eps_4q": -1.05,
            "eps_4q_growth_year": null,
            "roe": -7.17,
            "roe_4q": -13.29,
            "gross_profit": 28360,
            "gross_margin": 23.34,
            "gross_margin_4q_avg": 32.15,
            "net_income": -44364,
            "net_income_4q": null,
            "revenue": 121522,
            "revenue_4q": null,
            "common_shares": 808596,
            "book_valuer_per_share": 7.38,
            "book_valuer_per_share_4q_avg": 7.93,
            "equity": 596956,
            "current_ratio": 645.21,
            "debt_ratio": 9.46,
            "inventory_turnover_ratio": 0.6,
            "account_receivable_turnover_ratio": 2.39,
            "reinvestment_rate": null,
            "research_to_sale_ratio": 39.9,
            "price_fair": 0,
            "eps_avg_yearly": 0,
            "eps_latest_yearly": 0,
            "eps_growth_yearly": 0
        },
        "20173": {
            "year_quarter": 20173,
            "year": 2017,
            "quarter": 3,
            "eps": -0.31,
            "eps_growth_year": null,
            "eps_4q": -1.09,
            "eps_4q_growth_year": null,
            "roe": -4.26,
            "roe_4q": -14.350000000000001,
            "gross_profit": 45025,
            "gross_margin": 30.56,
            "gross_margin_4q_avg": 32.08,
            "net_income": -24898,
            "net_income_4q": null,
            "revenue": 147346,
            "revenue_4q": null,
            "common_shares": 808596,
            "book_valuer_per_share": 7.07,
            "book_valuer_per_share_4q_avg": 7.66,
            "equity": 572058,
            "current_ratio": 425.75,
            "debt_ratio": 14.63,
            "inventory_turnover_ratio": 0.67,
            "account_receivable_turnover_ratio": 2.79,
            "reinvestment_rate": null,
            "research_to_sale_ratio": 30.8,
            "price_fair": 0,
            "eps_avg_yearly": 0,
            "eps_latest_yearly": 0,
            "eps_growth_yearly": 0
        },
        "20174": {
            "year_quarter": 20174,
            "year": 2017,
            "quarter": 4,
            "eps": 0.2,
            "eps_growth_year": 156.17,
            "eps_4q": -0.97,
            "eps_4q_growth_year": null,
            "roe": 2.78,
            "roe_4q": -12.52,
            "gross_profit": 83422,
            "gross_margin": 39.38,
            "gross_margin_4q_avg": 32.1,
            "net_income": 16131,
            "net_income_4q": null,
            "revenue": 211841,
            "revenue_4q": null,
            "common_shares": 808596,
            "book_valuer_per_share": 7.29,
            "book_valuer_per_share_4q_avg": 7.42,
            "equity": 589215,
            "current_ratio": 601.01,
            "debt_ratio": 10.23,
            "inventory_turnover_ratio": 0.92,
            "account_receivable_turnover_ratio": 2.67,
            "reinvestment_rate": null,
            "research_to_sale_ratio": 19.67,
            "price_fair": 0,
            "eps_avg_yearly": 0,
            "eps_latest_yearly": 0,
            "eps_growth_yearly": 0
        },
        "20181": {
            "year_quarter": 20181,
            "year": 2018,
            "quarter": 1,
            "eps": -0.32,
            "eps_growth_year": null,
            "eps_4q": -0.97,
            "eps_4q_growth_year": null,
            "roe": -4.44,
            "roe_4q": -13.09,
            "gross_profit": 36693,
            "gross_margin": 27.23,
            "gross_margin_4q_avg": 30.13,
            "net_income": -25566,
            "net_income_4q": null,
            "revenue": 134735,
            "revenue_4q": null,
            "common_shares": 808596,
            "book_valuer_per_share": 6.97,
            "book_valuer_per_share_4q_avg": 7.18,
            "equity": 563649,
            "current_ratio": 568.21,
            "debt_ratio": 10.33,
            "inventory_turnover_ratio": 0.72,
            "account_receivable_turnover_ratio": 1.69,
            "reinvestment_rate": null,
            "research_to_sale_ratio": 29.75,
            "price_fair": 0,
            "eps_avg_yearly": 0,
            "eps_latest_yearly": 0,
            "eps_growth_yearly": 0
        },
        "20182": {
            "year_quarter": 20182,
            "year": 2018,
            "quarter": 2,
            "eps": 0.04,
            "eps_growth_year": null,
            "eps_4q": -0.38,
            "eps_4q_growth_year": null,
            "roe": 0.57,
            "roe_4q": -5.3500000000000005,
            "gross_profit": 69349,
            "gross_margin": 35.67,
            "gross_margin_4q_avg": 33.21,
            "net_income": 3229,
            "net_income_4q": null,
            "revenue": 194415,
            "revenue_4q": null,
            "common_shares": 808596,
            "book_valuer_per_share": 7.01,
            "book_valuer_per_share_4q_avg": 7.09,
            "equity": 566878,
            "current_ratio": 450.32,
            "debt_ratio": 13.25,
            "inventory_turnover_ratio": 0.87,
            "account_receivable_turnover_ratio": 2.37,
            "reinvestment_rate": null,
            "research_to_sale_ratio": 21.87,
            "price_fair": 0,
            "eps_avg_yearly": 0,
            "eps_latest_yearly": 0,
            "eps_growth_yearly": 0
        },
        "20183": {
            "year_quarter": 20183,
            "year": 2018,
            "quarter": 3,
            "eps": 0.01,
            "eps_growth_year": null,
            "eps_4q": -0.07,
            "eps_4q_growth_year": null,
            "roe": 0.15,
            "roe_4q": -0.9400000000000008,
            "gross_profit": 70957,
            "gross_margin": 37.28,
            "gross_margin_4q_avg": 34.89,
            "net_income": 861,
            "net_income_4q": null,
            "revenue": 190333,
            "revenue_4q": null,
            "common_shares": 808596,
            "book_valuer_per_share": 7.02,
            "book_valuer_per_share_4q_avg": 7.07,
            "equity": 567739,
            "current_ratio": 331.71,
            "debt_ratio": 18.72,
            "inventory_turnover_ratio": 0.67,
            "account_receivable_turnover_ratio": 1.88,
            "reinvestment_rate": null,
            "research_to_sale_ratio": 23.11,
            "price_fair": 0.12,
            "eps_avg_yearly": 0.04,
            "eps_latest_yearly": 0.04,
            "eps_growth_yearly": -300
        },
        "20184": {
            "year_quarter": 20184,
            "year": 2018,
            "quarter": 4,
            "eps": 0.02,
            "eps_growth_year": -91.84,
            "eps_4q": -0.25,
            "eps_4q_growth_year": null,
            "roe": 0.23,
            "roe_4q": -3.49,
            "gross_profit": 78239,
            "gross_margin": 35.54,
            "gross_margin_4q_avg": 33.93,
            "net_income": 1317,
            "net_income_4q": null,
            "revenue": 220138,
            "revenue_4q": null,
            "common_shares": 808596,
            "book_valuer_per_share": 7.03,
            "book_valuer_per_share_4q_avg": 7.01,
            "equity": 568622,
            "current_ratio": 267.03,
            "debt_ratio": 24.47,
            "inventory_turnover_ratio": 0.62,
            "account_receivable_turnover_ratio": 1.9,
            "reinvestment_rate": null,
            "research_to_sale_ratio": 21.5,
            "price_fair": 2.1,
            "eps_avg_yearly": 0.06,
            "eps_latest_yearly": 0.08,
            "eps_growth_yearly": 50
        },
        "20191": {
            "year_quarter": 20191,
            "year": 2019,
            "quarter": 1,
            "eps": -0.57,
            "eps_growth_year": null,
            "eps_4q": -0.5,
            "eps_4q_growth_year": null,
            "roe": -8.45,
            "roe_4q": -7.499999999999998,
            "gross_profit": 23698,
            "gross_margin": 16.63,
            "gross_margin_4q_avg": 31.28,
            "net_income": -46084,
            "net_income_4q": null,
            "revenue": 142501,
            "revenue_4q": null,
            "common_shares": 808596,
            "book_valuer_per_share": 6.46,
            "book_valuer_per_share_4q_avg": 6.88,
            "equity": 522538,
            "current_ratio": 278.18,
            "debt_ratio": 21.21,
            "inventory_turnover_ratio": 0.49,
            "account_receivable_turnover_ratio": 1.5,
            "reinvestment_rate": null,
            "research_to_sale_ratio": 29.55,
            "price_fair": 2.1,
            "eps_avg_yearly": 0.06,
            "eps_latest_yearly": 0.08,
            "eps_growth_yearly": 50
        },
        "20192": {
            "year_quarter": 20192,
            "year": 2019,
            "quarter": 2,
            "eps": -0.41,
            "eps_growth_year": -1125,
            "eps_4q": -0.95,
            "eps_4q_growth_year": null,
            "roe": -6.55,
            "roe_4q": -14.62,
            "gross_profit": 42885,
            "gross_margin": 27.4,
            "gross_margin_4q_avg": 29.21,
            "net_income": -33157,
            "net_income_4q": null,
            "revenue": 156518,
            "revenue_4q": null,
            "common_shares": 808596,
            "book_valuer_per_share": 6.05,
            "book_valuer_per_share_4q_avg": 6.64,
            "equity": 489381,
            "current_ratio": 228.56,
            "debt_ratio": 25.96,
            "inventory_turnover_ratio": 0.5,
            "account_receivable_turnover_ratio": 2.07,
            "reinvestment_rate": null,
            "research_to_sale_ratio": 30.94,
            "price_fair": 2.1,
            "eps_avg_yearly": 0.06,
            "eps_latest_yearly": 0.08,
            "eps_growth_yearly": 50
        },
        "20193": {
            "year_quarter": 20193,
            "year": 2019,
            "quarter": 3,
            "eps": -0.45,
            "eps_growth_year": -4600,
            "eps_4q": -1.41,
            "eps_4q_growth_year": null,
            "roe": -7.72,
            "roe_4q": -22.49,
            "gross_profit": 40308,
            "gross_margin": 27.27,
            "gross_margin_4q_avg": 26.71,
            "net_income": -36381,
            "net_income_4q": null,
            "revenue": 147827,
            "revenue_4q": null,
            "common_shares": 808596,
            "book_valuer_per_share": 5.6,
            "book_valuer_per_share_4q_avg": 6.29,
            "equity": 453000,
            "current_ratio": 226.34,
            "debt_ratio": 25.29,
            "inventory_turnover_ratio": 0.53,
            "account_receivable_turnover_ratio": 1.82,
            "reinvestment_rate": null,
            "research_to_sale_ratio": 32.17,
            "price_fair": 2.1,
            "eps_avg_yearly": 0.06,
            "eps_latest_yearly": 0.08,
            "eps_growth_yearly": 50
        },
        "20194": {
            "year_quarter": 20194,
            "year": 2019,
            "quarter": 4,
            "eps": -0.06,
            "eps_growth_year": -445.95,
            "eps_4q": -1.49,
            "eps_4q_growth_year": null,
            "roe": -1.01,
            "roe_4q": -23.73,
            "gross_profit": 70192,
            "gross_margin": 37.62,
            "gross_margin_4q_avg": 27.23,
            "net_income": -4556,
            "net_income_4q": null,
            "revenue": 186573,
            "revenue_4q": null,
            "common_shares": 808596,
            "book_valuer_per_share": 5.55,
            "book_valuer_per_share_4q_avg": 5.92,
            "equity": 448650,
            "current_ratio": 258.35,
            "debt_ratio": 21.07,
            "inventory_turnover_ratio": 0.68,
            "account_receivable_turnover_ratio": 2.52,
            "reinvestment_rate": null,
            "research_to_sale_ratio": 23.92,
            "price_fair": 2.1,
            "eps_avg_yearly": 0.06,
            "eps_latest_yearly": 0.08,
            "eps_growth_yearly": 50
        },
        "20201": {
            "year_quarter": 20201,
            "year": 2020,
            "quarter": 1,
            "eps": -0.44,
            "eps_growth_year": null,
            "eps_4q": -1.36,
            "eps_4q_growth_year": null,
            "roe": -8.28,
            "roe_4q": -23.56,
            "gross_profit": 33192,
            "gross_margin": 28.44,
            "gross_margin_4q_avg": 30.18,
            "net_income": -35660,
            "net_income_4q": null,
            "revenue": 116727,
            "revenue_4q": null,
            "common_shares": 808596,
            "book_valuer_per_share": 5.11,
            "book_valuer_per_share_4q_avg": 5.58,
            "equity": 412990,
            "current_ratio": 193.53,
            "debt_ratio": 28.59,
            "inventory_turnover_ratio": 0.51,
            "account_receivable_turnover_ratio": 1.61,
            "reinvestment_rate": null,
            "research_to_sale_ratio": 34.33,
            "price_fair": 2.1,
            "eps_avg_yearly": 0.06,
            "eps_latest_yearly": 0.08,
            "eps_growth_yearly": 50
        },
        "20202": {
            "year_quarter": 20202,
            "year": 2020,
            "quarter": 2,
            "eps": 0.36,
            "eps_growth_year": null,
            "eps_4q": -0.59,
            "eps_4q_growth_year": null,
            "roe": 6.73,
            "roe_4q": -10.279999999999998,
            "gross_profit": 35686,
            "gross_margin": 23.16,
            "gross_margin_4q_avg": 29.12,
            "net_income": 28782,
            "net_income_4q": null,
            "revenue": 154061,
            "revenue_4q": null,
            "common_shares": 808596,
            "book_valuer_per_share": 5.46,
            "book_valuer_per_share_4q_avg": 5.43,
            "equity": 441772,
            "current_ratio": 358.86,
            "debt_ratio": 20.6,
            "inventory_turnover_ratio": 0.66,
            "account_receivable_turnover_ratio": 2.28,
            "reinvestment_rate": null,
            "research_to_sale_ratio": 26.43,
            "price_fair": 2.1,
            "eps_avg_yearly": 0.06,
            "eps_latest_yearly": 0.08,
            "eps_growth_yearly": 50
        },
        "20203": {
            "year_quarter": 20203,
            "year": 2020,
            "quarter": 3,
            "eps": -0.45,
            "eps_growth_year": null,
            "eps_4q": -0.63,
            "eps_4q_growth_year": null,
            "roe": -6.88,
            "roe_4q": -9.44,
            "gross_profit": 42921,
            "gross_margin": 23.42,
            "gross_margin_4q_avg": 28.16,
            "net_income": -29385,
            "net_income_4q": null,
            "revenue": 183298,
            "revenue_4q": null,
            "common_shares": 646877,
            "book_valuer_per_share": 6.38,
            "book_valuer_per_share_4q_avg": 5.63,
            "equity": 412387,
            "current_ratio": 235.94,
            "debt_ratio": 30.69,
            "inventory_turnover_ratio": 0.74,
            "account_receivable_turnover_ratio": 2.62,
            "reinvestment_rate": null,
            "research_to_sale_ratio": 24.9,
            "price_fair": 2.1,
            "eps_avg_yearly": 0.06,
            "eps_latest_yearly": 0.08,
            "eps_growth_yearly": 50
        },
        "20204": {
            "year_quarter": 20204,
            "year": 2020,
            "quarter": 4,
            "eps": -0.65,
            "eps_growth_year": null,
            "eps_4q": -1.21,
            "eps_4q_growth_year": null,
            "roe": -10.73,
            "roe_4q": -19.159999999999997,
            "gross_profit": 34317,
            "gross_margin": 17.47,
            "gross_margin_4q_avg": 23.12,
            "net_income": -42092,
            "net_income_4q": null,
            "revenue": 196418,
            "revenue_4q": null,
            "common_shares": 646877,
            "book_valuer_per_share": 5.75,
            "book_valuer_per_share_4q_avg": 5.68,
            "equity": 372135,
            "current_ratio": 213.24,
            "debt_ratio": 33.17,
            "inventory_turnover_ratio": 0.85,
            "account_receivable_turnover_ratio": 2.89,
            "reinvestment_rate": null,
            "research_to_sale_ratio": 22.29,
            "price_fair": 2.1,
            "eps_avg_yearly": 0.06,
            "eps_latest_yearly": 0.08,
            "eps_growth_yearly": 50
        },
        "20211": {
            "year_quarter": 20211,
            "year": 2021,
            "quarter": 1,
            "eps": -0.12,
            "eps_growth_year": null,
            "eps_4q": -0.78,
            "eps_4q_growth_year": null,
            "roe": -2.19,
            "roe_4q": -13.07,
            "gross_profit": 56869,
            "gross_margin": 30.92,
            "gross_margin_4q_avg": 23.74,
            "net_income": -8065,
            "net_income_4q": null,
            "revenue": 183904,
            "revenue_4q": null,
            "common_shares": 646877,
            "book_valuer_per_share": 5.63,
            "book_valuer_per_share_4q_avg": 5.81,
            "equity": 364070,
            "current_ratio": 190.46,
            "debt_ratio": 36.39,
            "inventory_turnover_ratio": 0.63,
            "account_receivable_turnover_ratio": 3.15,
            "reinvestment_rate": null,
            "research_to_sale_ratio": 21.26,
            "price_fair": 2.1,
            "eps_avg_yearly": 0.06,
            "eps_latest_yearly": 0.08,
            "eps_growth_yearly": 50
        },
        "20212": {
            "year_quarter": 20212,
            "year": 2021,
            "quarter": 2,
            "eps": 0.09,
            "eps_growth_year": -75,
            "eps_4q": -1.14,
            "eps_4q_growth_year": null,
            "roe": 1.61,
            "roe_4q": -18.19,
            "gross_profit": 60743,
            "gross_margin": 34.81,
            "gross_margin_4q_avg": 26.66,
            "net_income": 5911,
            "net_income_4q": null,
            "revenue": 174504,
            "revenue_4q": null,
            "common_shares": 646877,
            "book_valuer_per_share": 5.72,
            "book_valuer_per_share_4q_avg": 5.87,
            "equity": 369981,
            "current_ratio": 196.34,
            "debt_ratio": 36.52,
            "inventory_turnover_ratio": 0.49,
            "account_receivable_turnover_ratio": 3.13,
            "reinvestment_rate": null,
            "research_to_sale_ratio": 19.13,
            "price_fair": 2.1,
            "eps_avg_yearly": 0.06,
            "eps_latest_yearly": 0.08,
            "eps_growth_yearly": 50
        },
        "20213": {
            "year_quarter": 20213,
            "year": 2021,
            "quarter": 3,
            "eps": 0.14,
            "eps_growth_year": null,
            "eps_4q": -0.54,
            "eps_4q_growth_year": null,
            "roe": 2.41,
            "roe_4q": -8.9,
            "gross_profit": 56488,
            "gross_margin": 32.91,
            "gross_margin_4q_avg": 29.03,
            "net_income": 9007,
            "net_income_4q": null,
            "revenue": 171633,
            "revenue_4q": null,
            "common_shares": 646877,
            "book_valuer_per_share": 5.86,
            "book_valuer_per_share_4q_avg": 5.74,
            "equity": 378988,
            "current_ratio": 199.58,
            "debt_ratio": 36.83,
            "inventory_turnover_ratio": 0.42,
            "account_receivable_turnover_ratio": 2.74,
            "reinvestment_rate": null,
            "research_to_sale_ratio": 15.39,
            "price_fair": 7.93,
            "eps_avg_yearly": 0.23,
            "eps_latest_yearly": 0.56,
            "eps_growth_yearly": 107.41
        },
        "20214": {
            "year_quarter": 20214,
            "year": 2021,
            "quarter": 4,
            "eps": -0.08,
            "eps_growth_year": null,
            "eps_4q": 0.02,
            "eps_4q_growth_year": null,
            "roe": -1.11,
            "roe_4q": 0.7200000000000002,
            "gross_profit": 55388,
            "gross_margin": 34.12,
            "gross_margin_4q_avg": 33.19,
            "net_income": -5695,
            "net_income_4q": null,
            "revenue": 162311,
            "revenue_4q": null,
            "common_shares": 746877,
            "book_valuer_per_share": 8.71,
            "book_valuer_per_share_4q_avg": 6.48,
            "equity": 650806,
            "current_ratio": 572.01,
            "debt_ratio": 14.86,
            "inventory_turnover_ratio": 0.34,
            "account_receivable_turnover_ratio": 2.19,
            "reinvestment_rate": null,
            "research_to_sale_ratio": 22.71,
            "price_fair": 7.93,
            "eps_avg_yearly": 0.23,
            "eps_latest_yearly": 0.56,
            "eps_growth_yearly": 107.41
        },
        "20221": {
            "year_quarter": 20221,
            "year": 2022,
            "quarter": 1,
            "eps": -0.35,
            "eps_growth_year": null,
            "eps_4q": -0.22,
            "eps_4q_growth_year": null,
            "roe": -4.04,
            "roe_4q": -1.1300000000000001,
            "gross_profit": 32740,
            "gross_margin": 28.2,
            "gross_margin_4q_avg": 32.51,
            "net_income": -25797,
            "net_income_4q": null,
            "revenue": 116115,
            "revenue_4q": null,
            "common_shares": 746877,
            "book_valuer_per_share": 8.37,
            "book_valuer_per_share_4q_avg": 7.17,
            "equity": 625009,
            "current_ratio": 801.87,
            "debt_ratio": 10.83,
            "inventory_turnover_ratio": 0.25,
            "account_receivable_turnover_ratio": 1.96,
            "reinvestment_rate": null,
            "research_to_sale_ratio": 30.07,
            "price_fair": 7.93,
            "eps_avg_yearly": 0.23,
            "eps_latest_yearly": 0.56,
            "eps_growth_yearly": 107.41
        },
        "20222": {
            "year_quarter": 20222,
            "year": 2022,
            "quarter": 2,
            "eps": -0.27,
            "eps_growth_year": -400,
            "eps_4q": -0.58,
            "eps_4q_growth_year": null,
            "roe": -3.37,
            "roe_4q": -6.109999999999999,
            "gross_profit": 36830,
            "gross_margin": 37.74,
            "gross_margin_4q_avg": 33.24,
            "net_income": -20690,
            "net_income_4q": null,
            "revenue": 97589,
            "revenue_4q": null,
            "common_shares": 746877,
            "book_valuer_per_share": 8.09,
            "book_valuer_per_share_4q_avg": 7.76,
            "equity": 604319,
            "current_ratio": 705.04,
            "debt_ratio": 12.96,
            "inventory_turnover_ratio": 0.17,
            "account_receivable_turnover_ratio": 2.53,
            "reinvestment_rate": null,
            "research_to_sale_ratio": 34.53,
            "price_fair": 7.93,
            "eps_avg_yearly": 0.23,
            "eps_latest_yearly": 0.56,
            "eps_growth_yearly": 107.41
        },
        "20223": {
            "year_quarter": 20223,
            "year": 2022,
            "quarter": 3,
            "eps": -0.47,
            "eps_growth_year": -435.71,
            "eps_4q": -1.16,
            "eps_4q_growth_year": null,
            "roe": -5.91,
            "roe_4q": -14.43,
            "gross_profit": 22784,
            "gross_margin": 25.52,
            "gross_margin_4q_avg": 31.4,
            "net_income": -34699,
            "net_income_4q": null,
            "revenue": 89275,
            "revenue_4q": null,
            "common_shares": 746877,
            "book_valuer_per_share": 7.63,
            "book_valuer_per_share_4q_avg": 8.2,
            "equity": 569620,
            "current_ratio": 441.15,
            "debt_ratio": 19.37,
            "inventory_turnover_ratio": 0.17,
            "account_receivable_turnover_ratio": 1.99,
            "reinvestment_rate": null,
            "research_to_sale_ratio": 38.55,
            "price_fair": 11.2,
            "eps_avg_yearly": 0.32,
            "eps_latest_yearly": 0.56,
            "eps_growth_yearly": 311.11
        },
        "20224": {
            "year_quarter": 20224,
            "year": 2022,
            "quarter": 4,
            "eps": -1.01,
            "eps_growth_year": null,
            "eps_4q": -2.1,
            "eps_4q_growth_year": -13619.39,
            "roe": -14.12,
            "roe_4q": -27.44,
            "gross_profit": 24075,
            "gross_margin": 24.17,
            "gross_margin_4q_avg": 28.91,
            "net_income": -75373,
            "net_income_4q": null,
            "revenue": 99626,
            "revenue_4q": null,
            "common_shares": 746877,
            "book_valuer_per_share": 6.66,
            "book_valuer_per_share_4q_avg": 7.69,
            "equity": 497659,
            "current_ratio": 428.62,
            "debt_ratio": 20.98,
            "inventory_turnover_ratio": 0.19,
            "account_receivable_turnover_ratio": 1.91,
            "reinvestment_rate": null,
            "research_to_sale_ratio": 31.01,
            "price_fair": 19.6,
            "eps_avg_yearly": 0.56,
            "eps_latest_yearly": 0.56,
            "eps_growth_yearly": 222.22
        },
        "20231": {
            "year_quarter": 20231,
            "year": 2023,
            "quarter": 1,
            "eps": -0.29,
            "eps_growth_year": null,
            "eps_4q": -2.05,
            "eps_4q_growth_year": null,
            "roe": -4.52,
            "roe_4q": -27.92,
            "gross_profit": 36413,
            "gross_margin": 40.73,
            "gross_margin_4q_avg": 32.04,
            "net_income": -21985,
            "net_income_4q": null,
            "revenue": 89397,
            "revenue_4q": null,
            "common_shares": 746877,
            "book_valuer_per_share": 6.37,
            "book_valuer_per_share_4q_avg": 7.19,
            "equity": 475674,
            "current_ratio": 444.84,
            "debt_ratio": 20.12,
            "inventory_turnover_ratio": 0.14,
            "account_receivable_turnover_ratio": 2.26,
            "reinvestment_rate": null,
            "research_to_sale_ratio": 35.82,
            "price_fair": 19.6,
            "eps_avg_yearly": 0.56,
            "eps_latest_yearly": 0.56,
            "eps_growth_yearly": 222.22
        },
        "20232": {
            "year_quarter": 20232,
            "year": 2023,
            "quarter": 2,
            "eps": -1.1,
            "eps_growth_year": null,
            "eps_4q": -3.75,
            "eps_4q_growth_year": null,
            "roe": -12.21,
            "roe_4q": -36.760000000000005,
            "gross_profit": 2977,
            "gross_margin": 3.93,
            "gross_margin_4q_avg": 23.59,
            "net_income": -54756,
            "net_income_4q": null,
            "revenue": 75756,
            "revenue_4q": null,
            "common_shares": 497659,
            "book_valuer_per_share": 8.46,
            "book_valuer_per_share_4q_avg": 7.28,
            "equity": 420918,
            "current_ratio": 428.5,
            "debt_ratio": 20.66,
            "inventory_turnover_ratio": 0.21,
            "account_receivable_turnover_ratio": 2.29,
            "reinvestment_rate": null,
            "research_to_sale_ratio": 41.71,
            "price_fair": 19.6,
            "eps_avg_yearly": 0.56,
            "eps_latest_yearly": 0.56,
            "eps_growth_yearly": 222.22
        },
        "20233": {
            "year_quarter": 20233,
            "year": 2023,
            "quarter": 3,
            "eps": -1.36,
            "eps_growth_year": null,
            "eps_4q": -4.42,
            "eps_4q_growth_year": null,
            "roe": -17.5,
            "roe_4q": -48.35,
            "gross_profit": -5927,
            "gross_margin": -10.58,
            "gross_margin_4q_avg": 14.56,
            "net_income": -67750,
            "net_income_4q": null,
            "revenue": 56006,
            "revenue_4q": null,
            "common_shares": 497659,
            "book_valuer_per_share": 7.1,
            "book_valuer_per_share_4q_avg": 7.15,
            "equity": 353168,
            "current_ratio": 342.29,
            "debt_ratio": 25.34,
            "inventory_turnover_ratio": 0.2,
            "account_receivable_turnover_ratio": 1.47,
            "reinvestment_rate": null,
            "research_to_sale_ratio": 65.86,
            "price_fair": 19.6,
            "eps_avg_yearly": 0.56,
            "eps_latest_yearly": 0.56,
            "eps_growth_yearly": 222.22
        },
        "20234": {
            "year_quarter": 20234,
            "year": 2023,
            "quarter": 4,
            "eps": -1.33,
            "eps_growth_year": null,
            "eps_4q": -3.86,
            "eps_4q_growth_year": null,
            "roe": -19.38,
            "roe_4q": -53.61,
            "gross_profit": -18148,
            "gross_margin": -33.31,
            "gross_margin_4q_avg": 0.19,
            "net_income": -75524,
            "net_income_4q": null,
            "revenue": 54482,
            "revenue_4q": null,
            "common_shares": 569659,
            "book_valuer_per_share": 7.48,
            "book_valuer_per_share_4q_avg": 7.35,
            "equity": 426108,
            "current_ratio": 560.62,
            "debt_ratio": 16.27,
            "inventory_turnover_ratio": 0.26,
            "account_receivable_turnover_ratio": 1.79,
            "reinvestment_rate": null,
            "research_to_sale_ratio": 41.31,
            "price_fair": 19.6,
            "eps_avg_yearly": 0.56,
            "eps_latest_yearly": 0.56,
            "eps_growth_yearly": 222.22
        }
    },
    "months": {
        "2004-01": {
            "month": "2004-01",
            "price": "74.84",
            "revenue": 51898
        },
        "2004-02": {
            "month": "2004-02",
            "price": "82.59",
            "revenue": 63712
        },
        "2004-03": {
            "month": "2004-03",
            "price": "80.87",
            "revenue": 100744
        },
        "2004-04": {
            "month": "2004-04",
            "price": "88.10",
            "revenue": 97090
        },
        "2004-05": {
            "month": "2004-05",
            "price": "80.04",
            "revenue": 64670
        },
        "2004-06": {
            "month": "2004-06",
            "price": "64.84",
            "revenue": 73083
        },
        "2004-07": {
            "month": "2004-07",
            "price": "53.04",
            "revenue": 57643
        },
        "2004-08": {
            "month": "2004-08",
            "price": "46.80",
            "revenue": 55198
        },
        "2004-09": {
            "month": "2004-09",
            "price": "40.92",
            "revenue": 73737
        },
        "2004-10": {
            "month": "2004-10",
            "price": "33.52",
            "revenue": 77076
        },
        "2004-11": {
            "month": "2004-11",
            "price": "28.28",
            "revenue": 85627
        },
        "2004-12": {
            "month": "2004-12",
            "price": "25.00",
            "revenue": 83055
        },
        "2005-01": {
            "month": "2005-01",
            "price": "20.90",
            "revenue": 78972
        },
        "2005-02": {
            "month": "2005-02",
            "price": "23.14",
            "revenue": 70954
        },
        "2005-03": {
            "month": "2005-03",
            "price": "25.56",
            "revenue": 69628
        },
        "2005-04": {
            "month": "2005-04",
            "price": "25.54",
            "revenue": 98129
        },
        "2005-05": {
            "month": "2005-05",
            "price": "26.43",
            "revenue": 87224
        },
        "2005-06": {
            "month": "2005-06",
            "price": "25.65",
            "revenue": 107757
        },
        "2005-07": {
            "month": "2005-07",
            "price": "23.26",
            "revenue": 79385
        },
        "2005-08": {
            "month": "2005-08",
            "price": "23.37",
            "revenue": 76353
        },
        "2005-09": {
            "month": "2005-09",
            "price": "21.76",
            "revenue": 102677
        },
        "2005-10": {
            "month": "2005-10",
            "price": "20.33",
            "revenue": 120140
        },
        "2005-11": {
            "month": "2005-11",
            "price": "24.57",
            "revenue": 110807
        },
        "2005-12": {
            "month": "2005-12",
            "price": "28.80",
            "revenue": 82657
        },
        "2006-01": {
            "month": "2006-01",
            "price": "37.30",
            "revenue": 85562
        },
        "2006-02": {
            "month": "2006-02",
            "price": "39.17",
            "revenue": 80393
        },
        "2006-03": {
            "month": "2006-03",
            "price": "38.66",
            "revenue": 91320
        },
        "2006-04": {
            "month": "2006-04",
            "price": "38.80",
            "revenue": 95343
        },
        "2006-05": {
            "month": "2006-05",
            "price": "47.69",
            "revenue": 109178
        },
        "2006-06": {
            "month": "2006-06",
            "price": "43.98",
            "revenue": 85836
        },
        "2006-07": {
            "month": "2006-07",
            "price": "44.38",
            "revenue": 84617
        },
        "2006-08": {
            "month": "2006-08",
            "price": "39.74",
            "revenue": 43141
        },
        "2006-09": {
            "month": "2006-09",
            "price": "33.79",
            "revenue": 54995
        },
        "2006-10": {
            "month": "2006-10",
            "price": "31.48",
            "revenue": 56176
        },
        "2006-11": {
            "month": "2006-11",
            "price": "32.61",
            "revenue": 47370
        },
        "2006-12": {
            "month": "2006-12",
            "price": "34.86",
            "revenue": 48542
        },
        "2007-01": {
            "month": "2007-01",
            "price": "37.19",
            "revenue": 49323
        },
        "2007-02": {
            "month": "2007-02",
            "price": "37.45",
            "revenue": 55311
        },
        "2007-03": {
            "month": "2007-03",
            "price": "45.62",
            "revenue": 42144
        },
        "2007-04": {
            "month": "2007-04",
            "price": "56.23",
            "revenue": 48183
        },
        "2007-05": {
            "month": "2007-05",
            "price": "65.03",
            "revenue": 43383
        },
        "2007-06": {
            "month": "2007-06",
            "price": "80.35",
            "revenue": 54793
        },
        "2007-07": {
            "month": "2007-07",
            "price": "93.31",
            "revenue": 47752
        },
        "2007-08": {
            "month": "2007-08",
            "price": "82.32",
            "revenue": 43394
        },
        "2007-09": {
            "month": "2007-09",
            "price": "57.75",
            "revenue": 30820
        },
        "2007-10": {
            "month": "2007-10",
            "price": "42.84",
            "revenue": 30344
        },
        "2007-11": {
            "month": "2007-11",
            "price": "37.35",
            "revenue": 45043
        },
        "2007-12": {
            "month": "2007-12",
            "price": "30.26",
            "revenue": 54320
        },
        "2008-01": {
            "month": "2008-01",
            "price": "26.55",
            "revenue": 35962
        },
        "2008-02": {
            "month": "2008-02",
            "price": "24.98",
            "revenue": 35945
        },
        "2008-03": {
            "month": "2008-03",
            "price": "23.97",
            "revenue": 28874
        },
        "2008-04": {
            "month": "2008-04",
            "price": "25.60",
            "revenue": 21290
        },
        "2008-05": {
            "month": "2008-05",
            "price": "22.43",
            "revenue": 21681
        },
        "2008-06": {
            "month": "2008-06",
            "price": "23.64",
            "revenue": 60248
        },
        "2008-07": {
            "month": "2008-07",
            "price": "22.31",
            "revenue": 31667
        },
        "2008-08": {
            "month": "2008-08",
            "price": "22.46",
            "revenue": 45114
        },
        "2008-09": {
            "month": "2008-09",
            "price": "18.15",
            "revenue": 30956
        },
        "2008-10": {
            "month": "2008-10",
            "price": "16.10",
            "revenue": 23722
        },
        "2008-11": {
            "month": "2008-11",
            "price": "14.29",
            "revenue": 48694
        },
        "2008-12": {
            "month": "2008-12",
            "price": "14.93",
            "revenue": 97883
        },
        "2009-01": {
            "month": "2009-01",
            "price": "18.68",
            "revenue": 53755
        },
        "2009-02": {
            "month": "2009-02",
            "price": "17.98",
            "revenue": 56031
        },
        "2009-03": {
            "month": "2009-03",
            "price": "18.41",
            "revenue": 60841
        },
        "2009-04": {
            "month": "2009-04",
            "price": "21.98",
            "revenue": 74308
        },
        "2009-05": {
            "month": "2009-05",
            "price": "27.41",
            "revenue": 66120
        },
        "2009-06": {
            "month": "2009-06",
            "price": "27.41",
            "revenue": 60248
        },
        "2009-07": {
            "month": "2009-07",
            "price": "29.92",
            "revenue": 50382
        },
        "2009-08": {
            "month": "2009-08",
            "price": "31.08",
            "revenue": 83070
        },
        "2009-09": {
            "month": "2009-09",
            "price": "30.87",
            "revenue": 93156
        },
        "2009-10": {
            "month": "2009-10",
            "price": "36.29",
            "revenue": 98588
        },
        "2009-11": {
            "month": "2009-11",
            "price": "34.62",
            "revenue": 81465
        },
        "2009-12": {
            "month": "2009-12",
            "price": "34.77",
            "revenue": 74705
        },
        "2010-01": {
            "month": "2010-01",
            "price": "35.68",
            "revenue": 63767
        },
        "2010-02": {
            "month": "2010-02",
            "price": "31.90",
            "revenue": 55956
        },
        "2010-03": {
            "month": "2010-03",
            "price": "32.30",
            "revenue": 51065
        },
        "2010-04": {
            "month": "2010-04",
            "price": "34.97",
            "revenue": 41797
        },
        "2010-05": {
            "month": "2010-05",
            "price": "31.44",
            "revenue": 45340
        },
        "2010-06": {
            "month": "2010-06",
            "price": "28.77",
            "revenue": 47028
        },
        "2010-07": {
            "month": "2010-07",
            "price": "27.31",
            "revenue": 40205
        },
        "2010-08": {
            "month": "2010-08",
            "price": "25.78",
            "revenue": 46193
        },
        "2010-09": {
            "month": "2010-09",
            "price": "21.15",
            "revenue": 51995
        },
        "2010-10": {
            "month": "2010-10",
            "price": "22.69",
            "revenue": 68306
        },
        "2010-11": {
            "month": "2010-11",
            "price": "20.40",
            "revenue": 63587
        },
        "2010-12": {
            "month": "2010-12",
            "price": "21.80",
            "revenue": 34236
        },
        "2011-01": {
            "month": "2011-01",
            "price": "21.23",
            "revenue": 37261
        },
        "2011-02": {
            "month": "2011-02",
            "price": "20.29",
            "revenue": 27244
        },
        "2011-03": {
            "month": "2011-03",
            "price": "22.08",
            "revenue": 38944
        },
        "2011-04": {
            "month": "2011-04",
            "price": "20.73",
            "revenue": 40612
        },
        "2011-05": {
            "month": "2011-05",
            "price": "21.33",
            "revenue": 33374
        },
        "2011-06": {
            "month": "2011-06",
            "price": "19.59",
            "revenue": 33074
        },
        "2011-07": {
            "month": "2011-07",
            "price": "17.05",
            "revenue": 70530
        },
        "2011-08": {
            "month": "2011-08",
            "price": "16.21",
            "revenue": 53479
        },
        "2011-09": {
            "month": "2011-09",
            "price": "15.56",
            "revenue": 54706
        },
        "2011-10": {
            "month": "2011-10",
            "price": "13.68",
            "revenue": 54776
        },
        "2011-11": {
            "month": "2011-11",
            "price": "12.25",
            "revenue": 71839
        },
        "2011-12": {
            "month": "2011-12",
            "price": "10.41",
            "revenue": 53788
        },
        "2012-01": {
            "month": "2012-01",
            "price": "10.72",
            "revenue": 44133
        },
        "2012-02": {
            "month": "2012-02",
            "price": "13.74",
            "revenue": 56798
        },
        "2012-03": {
            "month": "2012-03",
            "price": "14.68",
            "revenue": 58981
        },
        "2012-04": {
            "month": "2012-04",
            "price": "13.24",
            "revenue": 47371
        },
        "2012-05": {
            "month": "2012-05",
            "price": "13.14",
            "revenue": 60438
        },
        "2012-06": {
            "month": "2012-06",
            "price": "15.15",
            "revenue": 37549
        },
        "2012-07": {
            "month": "2012-07",
            "price": "14.25",
            "revenue": 47858
        },
        "2012-08": {
            "month": "2012-08",
            "price": "13.66",
            "revenue": 42880
        },
        "2012-09": {
            "month": "2012-09",
            "price": "13.25",
            "revenue": 49268
        },
        "2012-10": {
            "month": "2012-10",
            "price": "12.67",
            "revenue": 50787
        },
        "2012-11": {
            "month": "2012-11",
            "price": "12.21",
            "revenue": 57611
        },
        "2012-12": {
            "month": "2012-12",
            "price": "12.05",
            "revenue": 65578
        },
        "2013-01": {
            "month": "2013-01",
            "price": "12.80",
            "revenue": 45577
        },
        "2013-02": {
            "month": "2013-02",
            "price": "14.60",
            "revenue": 33281
        },
        "2013-03": {
            "month": "2013-03",
            "price": "17.05",
            "revenue": 38227
        },
        "2013-04": {
            "month": "2013-04",
            "price": "22.28",
            "revenue": 59130
        },
        "2013-05": {
            "month": "2013-05",
            "price": "25.52",
            "revenue": 35905
        },
        "2013-06": {
            "month": "2013-06",
            "price": "23.50",
            "revenue": 42592
        },
        "2013-07": {
            "month": "2013-07",
            "price": "22.75",
            "revenue": 37270
        },
        "2013-08": {
            "month": "2013-08",
            "price": "23.72",
            "revenue": 46366
        },
        "2013-09": {
            "month": "2013-09",
            "price": "24.29",
            "revenue": 45339
        },
        "2013-10": {
            "month": "2013-10",
            "price": "24.01",
            "revenue": 38032
        },
        "2013-11": {
            "month": "2013-11",
            "price": "26.90",
            "revenue": 74273
        },
        "2013-12": {
            "month": "2013-12",
            "price": "41.48",
            "revenue": 79530
        },
        "2014-01": {
            "month": "2014-01",
            "price": "49.82",
            "revenue": 55492
        },
        "2014-02": {
            "month": "2014-02",
            "price": "52.01",
            "revenue": 44441
        },
        "2014-03": {
            "month": "2014-03",
            "price": "51.73",
            "revenue": 70260
        },
        "2014-04": {
            "month": "2014-04",
            "price": "53.16",
            "revenue": 61801
        },
        "2014-05": {
            "month": "2014-05",
            "price": "47.54",
            "revenue": 36305
        },
        "2014-06": {
            "month": "2014-06",
            "price": "42.70",
            "revenue": 35475
        },
        "2014-07": {
            "month": "2014-07",
            "price": "41.19",
            "revenue": 28922
        },
        "2014-08": {
            "month": "2014-08",
            "price": "31.82",
            "revenue": 31248
        },
        "2014-09": {
            "month": "2014-09",
            "price": "31.28",
            "revenue": 51080
        },
        "2014-10": {
            "month": "2014-10",
            "price": "28.06",
            "revenue": 52418
        },
        "2014-11": {
            "month": "2014-11",
            "price": "31.79",
            "revenue": 55799
        },
        "2014-12": {
            "month": "2014-12",
            "price": "38.06",
            "revenue": 55120
        },
        "2015-01": {
            "month": "2015-01",
            "price": "38.21",
            "revenue": 59370
        },
        "2015-02": {
            "month": "2015-02",
            "price": "35.81",
            "revenue": 30554
        },
        "2015-03": {
            "month": "2015-03",
            "price": "34.85",
            "revenue": 52909
        },
        "2015-04": {
            "month": "2015-04",
            "price": "36.79",
            "revenue": 37511
        },
        "2015-05": {
            "month": "2015-05",
            "price": "35.94",
            "revenue": 40741
        },
        "2015-06": {
            "month": "2015-06",
            "price": "36.33",
            "revenue": 41611
        },
        "2015-07": {
            "month": "2015-07",
            "price": "31.46",
            "revenue": 32191
        },
        "2015-08": {
            "month": "2015-08",
            "price": "27.06",
            "revenue": 38657
        },
        "2015-09": {
            "month": "2015-09",
            "price": "27.09",
            "revenue": 32270
        },
        "2015-10": {
            "month": "2015-10",
            "price": "28.89",
            "revenue": 32244
        },
        "2015-11": {
            "month": "2015-11",
            "price": "28.27",
            "revenue": 33435
        },
        "2015-12": {
            "month": "2015-12",
            "price": "27.55",
            "revenue": 50880
        },
        "2016-01": {
            "month": "2016-01",
            "price": "28.50",
            "revenue": 71865
        },
        "2016-02": {
            "month": "2016-02",
            "price": "32.83",
            "revenue": 35875
        },
        "2016-03": {
            "month": "2016-03",
            "price": "35.98",
            "revenue": 55950
        },
        "2016-04": {
            "month": "2016-04",
            "price": "31.41",
            "revenue": 48264
        },
        "2016-05": {
            "month": "2016-05",
            "price": "29.25",
            "revenue": 43771
        },
        "2016-06": {
            "month": "2016-06",
            "price": "29.34",
            "revenue": 51754
        },
        "2016-07": {
            "month": "2016-07",
            "price": "28.03",
            "revenue": 56079
        },
        "2016-08": {
            "month": "2016-08",
            "price": "28.40",
            "revenue": 40042
        },
        "2016-09": {
            "month": "2016-09",
            "price": "28.02",
            "revenue": 70877
        },
        "2016-10": {
            "month": "2016-10",
            "price": "28.68",
            "revenue": 55821
        },
        "2016-11": {
            "month": "2016-11",
            "price": "26.87",
            "revenue": 55087
        },
        "2016-12": {
            "month": "2016-12",
            "price": "20.73",
            "revenue": 57683
        },
        "2017-01": {
            "month": "2017-01",
            "price": "18.71",
            "revenue": 56321
        },
        "2017-02": {
            "month": "2017-02",
            "price": "18.39",
            "revenue": 27890
        },
        "2017-03": {
            "month": "2017-03",
            "price": "20.17",
            "revenue": 46976
        },
        "2017-04": {
            "month": "2017-04",
            "price": "17.86",
            "revenue": 42431
        },
        "2017-05": {
            "month": "2017-05",
            "price": "18.33",
            "revenue": 42490
        },
        "2017-06": {
            "month": "2017-06",
            "price": "20.88",
            "revenue": 36602
        },
        "2017-07": {
            "month": "2017-07",
            "price": "18.73",
            "revenue": 42312
        },
        "2017-08": {
            "month": "2017-08",
            "price": "17.57",
            "revenue": 53064
        },
        "2017-09": {
            "month": "2017-09",
            "price": "19.62",
            "revenue": 51970
        },
        "2017-10": {
            "month": "2017-10",
            "price": "21.13",
            "revenue": 57253
        },
        "2017-11": {
            "month": "2017-11",
            "price": "21.30",
            "revenue": 76219
        },
        "2017-12": {
            "month": "2017-12",
            "price": "21.74",
            "revenue": 78369
        },
        "2018-01": {
            "month": "2018-01",
            "price": "25.67",
            "revenue": 40723
        },
        "2018-02": {
            "month": "2018-02",
            "price": "24.47",
            "revenue": 41743
        },
        "2018-03": {
            "month": "2018-03",
            "price": "24.76",
            "revenue": 52268
        },
        "2018-04": {
            "month": "2018-04",
            "price": "23.31",
            "revenue": 53020
        },
        "2018-05": {
            "month": "2018-05",
            "price": "22.83",
            "revenue": 76730
        },
        "2018-06": {
            "month": "2018-06",
            "price": "26.54",
            "revenue": 64665
        },
        "2018-07": {
            "month": "2018-07",
            "price": "26.25",
            "revenue": 62823
        },
        "2018-08": {
            "month": "2018-08",
            "price": "24.51",
            "revenue": 52205
        },
        "2018-09": {
            "month": "2018-09",
            "price": "23.31",
            "revenue": 75305
        },
        "2018-10": {
            "month": "2018-10",
            "price": "21.41",
            "revenue": 62349
        },
        "2018-11": {
            "month": "2018-11",
            "price": "19.80",
            "revenue": 80914
        },
        "2018-12": {
            "month": "2018-12",
            "price": "20.60",
            "revenue": 76875
        },
        "2019-01": {
            "month": "2019-01",
            "price": "20.20",
            "revenue": 63841
        },
        "2019-02": {
            "month": "2019-02",
            "price": "22.95",
            "revenue": 39527
        },
        "2019-03": {
            "month": "2019-03",
            "price": "22.58",
            "revenue": 39133
        },
        "2019-04": {
            "month": "2019-04",
            "price": "22.84",
            "revenue": 53410
        },
        "2019-05": {
            "month": "2019-05",
            "price": "23.00",
            "revenue": 49126
        },
        "2019-06": {
            "month": "2019-06",
            "price": "22.84",
            "revenue": 53982
        },
        "2019-07": {
            "month": "2019-07",
            "price": "21.75",
            "revenue": 51815
        },
        "2019-08": {
            "month": "2019-08",
            "price": "20.05",
            "revenue": 45786
        },
        "2019-09": {
            "month": "2019-09",
            "price": "19.17",
            "revenue": 50225
        },
        "2019-10": {
            "month": "2019-10",
            "price": "17.70",
            "revenue": 58513
        },
        "2019-11": {
            "month": "2019-11",
            "price": "16.57",
            "revenue": 59888
        },
        "2019-12": {
            "month": "2019-12",
            "price": "15.19",
            "revenue": 68173
        },
        "2020-01": {
            "month": "2020-01",
            "price": "16.49",
            "revenue": 21218
        },
        "2020-02": {
            "month": "2020-02",
            "price": "14.33",
            "revenue": 31552
        },
        "2020-03": {
            "month": "2020-03",
            "price": "11.45",
            "revenue": 63956
        },
        "2020-04": {
            "month": "2020-04",
            "price": "13.16",
            "revenue": 50919
        },
        "2020-05": {
            "month": "2020-05",
            "price": "13.68",
            "revenue": 58001
        },
        "2020-06": {
            "month": "2020-06",
            "price": "13.58",
            "revenue": 45141
        },
        "2020-07": {
            "month": "2020-07",
            "price": "16.21",
            "revenue": 48290
        },
        "2020-08": {
            "month": "2020-08",
            "price": "17.15",
            "revenue": 56210
        },
        "2020-09": {
            "month": "2020-09",
            "price": "20.60",
            "revenue": 78798
        },
        "2020-10": {
            "month": "2020-10",
            "price": "33.93",
            "revenue": 60423
        },
        "2020-11": {
            "month": "2020-11",
            "price": "40.95",
            "revenue": 63809
        },
        "2020-12": {
            "month": "2020-12",
            "price": "42.97",
            "revenue": 72187
        },
        "2021-01": {
            "month": "2021-01",
            "price": "41.15",
            "revenue": 67809
        },
        "2021-02": {
            "month": "2021-02",
            "price": "44.01",
            "revenue": 59172
        },
        "2021-03": {
            "month": "2021-03",
            "price": "43.16",
            "revenue": 56924
        },
        "2021-04": {
            "month": "2021-04",
            "price": "45.82",
            "revenue": 50036
        },
        "2021-05": {
            "month": "2021-05",
            "price": "35.10",
            "revenue": 58850
        },
        "2021-06": {
            "month": "2021-06",
            "price": "35.75",
            "revenue": 65618
        },
        "2021-07": {
            "month": "2021-07",
            "price": "43.77",
            "revenue": 56783
        },
        "2021-08": {
            "month": "2021-08",
            "price": "39.68",
            "revenue": 55803
        },
        "2021-09": {
            "month": "2021-09",
            "price": "36.03",
            "revenue": 59047
        },
        "2021-10": {
            "month": "2021-10",
            "price": "33.18",
            "revenue": 56877
        },
        "2021-11": {
            "month": "2021-11",
            "price": "29.91",
            "revenue": 40175
        },
        "2021-12": {
            "month": "2021-12",
            "price": "28.86",
            "revenue": 65259
        },
        "2022-01": {
            "month": "2022-01",
            "price": "28.62",
            "revenue": 43683
        },
        "2022-02": {
            "month": "2022-02",
            "price": "26.85",
            "revenue": 34836
        },
        "2022-03": {
            "month": "2022-03",
            "price": "24.25",
            "revenue": 37596
        },
        "2022-04": {
            "month": "2022-04",
            "price": "20.21",
            "revenue": 30706
        },
        "2022-05": {
            "month": "2022-05",
            "price": "18.07",
            "revenue": 30966
        },
        "2022-06": {
            "month": "2022-06",
            "price": "20.40",
            "revenue": 35917
        },
        "2022-07": {
            "month": "2022-07",
            "price": "18.80",
            "revenue": 30232
        },
        "2022-08": {
            "month": "2022-08",
            "price": "19.92",
            "revenue": 16916
        },
        "2022-09": {
            "month": "2022-09",
            "price": "18.67",
            "revenue": 42127
        },
        "2022-10": {
            "month": "2022-10",
            "price": "17.21",
            "revenue": 26989
        },
        "2022-11": {
            "month": "2022-11",
            "price": "16.51",
            "revenue": 23157
        },
        "2022-12": {
            "month": "2022-12",
            "price": "17.62",
            "revenue": 49479
        },
        "2023-01": {
            "month": "2023-01",
            "price": "18.33",
            "revenue": 38529
        },
        "2023-02": {
            "month": "2023-02",
            "price": "20.34",
            "revenue": 23799
        },
        "2023-03": {
            "month": "2023-03",
            "price": "20.09",
            "revenue": 27069
        },
        "2023-04": {
            "month": "2023-04",
            "price": "19.90",
            "revenue": 14127
        },
        "2023-05": {
            "month": "2023-05",
            "price": "19.51",
            "revenue": 28328
        },
        "2023-06": {
            "month": "2023-06",
            "price": "23.56",
            "revenue": 33301
        },
        "2023-07": {
            "month": "2023-07",
            "price": "24.45",
            "revenue": 12113
        },
        "2023-08": {
            "month": "2023-08",
            "price": "23.89",
            "revenue": 21701
        },
        "2023-09": {
            "month": "2023-09",
            "price": "27.60",
            "revenue": 22192
        },
        "2023-10": {
            "month": "2023-10",
            "price": "25.22",
            "revenue": 14877
        },
        "2023-11": {
            "month": "2023-11",
            "price": "25.75",
            "revenue": 15445
        },
        "2023-12": {
            "month": "2023-12",
            "price": "31.65",
            "revenue": 24160
        }
    }
}
