{
    "summary": {
        "stock_name": "威剛",
        "stock_id": "3260",
        "category": "半導體",
        "main_business": "電子零組件製造業<br>電子材料批發業<br>製造輸出業",
        "website_url": "http://www.adata.com",
        "ceo": "陳玲娟",
        "pe_ratio": 21,
        "report_year_from": 2002,
        "report_year_to": 2023,
        "age": 22,
        "eps_negative_percentage": 19,
        "eps_growth_avg": {
            "last_all": -9.63,
            "last_2y": 16.34,
            "last_4y": 37.25,
            "last_8y": -1.75,
            "last_12y": 12.54,
            "last_16y": -13.12,
            "last_20y": null,
            "at_2006_last_3y": null,
            "at_2007_last_3y": -19.86,
            "at_2008_last_3y": -48.77,
            "at_2009_last_3y": -64.04,
            "at_2010_last_3y": -98.63,
            "at_2011_last_3y": -100,
            "at_2012_last_3y": 0,
            "at_2013_last_3y": 33.33,
            "at_2014_last_3y": 45.87,
            "at_2015_last_3y": 9.4,
            "at_2016_last_3y": -20.8,
            "at_2017_last_3y": -41.22,
            "at_2018_last_3y": -53.75,
            "at_2019_last_3y": -30.63,
            "at_2020_last_3y": 12.91,
            "at_2021_last_3y": 18.64,
            "at_2022_last_3y": 30.03,
            "at_2023_last_3y": 37.25,
            "at_2024_last_3y": 37.25,
            "at_2006_last_all": 5.48,
            "at_2007_last_all": -19.86,
            "at_2008_last_all": -35.89,
            "at_2009_last_all": -35.89,
            "at_2010_last_all": -46.57,
            "at_2011_last_all": -46.57,
            "at_2012_last_all": -25.63,
            "at_2013_last_all": -9.93,
            "at_2014_last_all": -15.76,
            "at_2015_last_all": -24.18,
            "at_2016_last_all": -24.18,
            "at_2017_last_all": -18.46,
            "at_2018_last_all": -25.26,
            "at_2019_last_all": -25.26,
            "at_2020_last_all": -15.62,
            "at_2021_last_all": -10.51,
            "at_2022_last_all": -14.2,
            "at_2023_last_all": -9.63,
            "at_2024_last_all": -9.63
        },
        "latest_eps": 4.77,
        "latest_price": 98.7,
        "latest_roe": 10.6,
        "latest_gross_margin": 19.74,
        "latest_equity": 15554862,
        "latest_revenue": 11022869,
        "latest_gross_profit": 2175827,
        "latest_net_income": 727737,
        "latest_debt_ratio": 65.16,
        "latest_current_ratio": 144.43,
        "latest_account_receivable_turnover_ratio": 2.3,
        "latest_inventory_turnover_ratio": 0.6,
        "latest_reinvestment_rate": 108.32,
        "latest_research_to_sale_ratio": 1.52
    },
    "eps_dividends": {
        "2001": {
            "cash": 0,
            "stock": 0,
            "eps": 0
        },
        "2002": {
            "cash": 0,
            "stock": 1.6,
            "eps": 0
        },
        "2003": {
            "cash": 3,
            "stock": 5,
            "eps": 10.88
        },
        "2004": {
            "cash": 3.5,
            "stock": 6.5,
            "eps": 12.58
        },
        "2005": {
            "cash": 4.5,
            "stock": 2,
            "eps": 12.21
        },
        "2006": {
            "cash": 5.37,
            "stock": 1.46,
            "eps": 12.67
        },
        "2007": {
            "cash": 3.38,
            "stock": 0.48,
            "eps": 0.52
        },
        "2008": {
            "cash": 0.03,
            "stock": 0.25,
            "eps": -12.23
        },
        "2009": {
            "cash": 0,
            "stock": 0,
            "eps": 11.2
        },
        "2010": {
            "cash": 2.98,
            "stock": 0,
            "eps": -0.56
        },
        "2011": {
            "cash": 0,
            "stock": 0,
            "eps": 0.35
        },
        "2012": {
            "cash": 0.3,
            "stock": 0,
            "eps": 3.04
        },
        "2013": {
            "cash": 2.35,
            "stock": 0,
            "eps": 9.36
        },
        "2014": {
            "cash": 7,
            "stock": 0.07,
            "eps": 3.52
        },
        "2015": {
            "cash": 2.52,
            "stock": 0,
            "eps": -0.17
        },
        "2016": {
            "cash": 0.5,
            "stock": 0,
            "eps": 6.17
        },
        "2017": {
            "cash": 4,
            "stock": 0,
            "eps": 8.56
        },
        "2018": {
            "cash": 6,
            "stock": 0,
            "eps": -0.82
        },
        "2019": {
            "cash": 0.2,
            "stock": 0,
            "eps": 2.06
        },
        "2020": {
            "cash": 1.4,
            "stock": 0,
            "eps": 5.99
        },
        "2021": {
            "cash": 3.5,
            "stock": 0,
            "eps": 9.34
        },
        "2022": {
            "cash": 5.5,
            "stock": 0,
            "eps": 3.19
        },
        "2023": {
            "cash": 2,
            "stock": 0,
            "eps": 5.07
        }
    },
    "dividends": {
        "2002-05-02": {
            "cash": 0,
            "stock": 1.6
        },
        "2003-04-12": {
            "cash": 3,
            "stock": 5
        },
        "2004-03-11": {
            "cash": 3.5,
            "stock": 6.5
        },
        "2005-03-04": {
            "cash": 4.5,
            "stock": 2
        },
        "2006-03-20": {
            "cash": 5.37,
            "stock": 1.46
        },
        "2007-04-09": {
            "cash": 3.38,
            "stock": 0.48
        },
        "2008-04-25": {
            "cash": 0.03,
            "stock": 0.25
        },
        "2010-03-23": {
            "cash": 2.98,
            "stock": 0
        },
        "2012-03-15": {
            "cash": 0.3,
            "stock": 0
        },
        "2013-06-11": {
            "cash": 2.35,
            "stock": 0
        },
        "2014-08-21": {
            "cash": 7,
            "stock": 0.07
        },
        "2015-07-31": {
            "cash": 2.52,
            "stock": 0
        },
        "2016-07-22": {
            "cash": 0.5,
            "stock": 0
        },
        "2017-07-20": {
            "cash": 4,
            "stock": 0
        },
        "2018-07-31": {
            "cash": 6,
            "stock": 0
        },
        "2019-07-31": {
            "cash": 0.2,
            "stock": 0
        },
        "2020-08-11": {
            "cash": 1.4,
            "stock": 0
        },
        "2021-08-31": {
            "cash": 3.5,
            "stock": 0
        },
        "2022-08-26": {
            "cash": 5.5,
            "stock": 0
        },
        "2023-08-02": {
            "cash": 2,
            "stock": 0
        }
    },
    "prices": {
        "200101": "無",
        "200102": "無",
        "200103": "無",
        "200104": "無",
        "200105": "無",
        "200106": "無",
        "200107": "無",
        "200108": "無",
        "200109": "無",
        "200110": "無",
        "200111": "無",
        "200112": "無",
        "200201": "無",
        "200202": "無",
        "200203": "無",
        "200204": "無",
        "200205": "無",
        "200206": "無",
        "200207": "無",
        "200208": "無",
        "200209": "無",
        "200210": "無",
        "200211": "無",
        "200212": "無",
        "200301": "無",
        "200302": "無",
        "200303": "無",
        "200304": "無",
        "200305": "無",
        "200306": "無",
        "200307": "無",
        "200308": "無",
        "200309": "無",
        "200310": "無",
        "200311": "無",
        "200312": "187.62",
        "200401": "189.75",
        "200402": "208.50",
        "200403": "219.05",
        "200404": "247.14",
        "200405": "249.13",
        "200406": "238.67",
        "200407": "150.58",
        "200408": "116.83",
        "200409": "105.36",
        "200410": "87.30",
        "200411": "72.93",
        "200412": "75.65",
        "200501": "79.88",
        "200502": "101.15",
        "200503": "132.15",
        "200504": "127.28",
        "200505": "116.90",
        "200506": "122.77",
        "200507": "133.10",
        "200508": "127.43",
        "200509": "115.57",
        "200510": "113.66",
        "200511": "92.73",
        "200512": "98.12",
        "200601": "112.67",
        "200602": "99.84",
        "200603": "92.78",
        "200604": "103.52",
        "200605": "110.12",
        "200606": "100.19",
        "200607": "107.86",
        "200608": "111.01",
        "200609": "118.19",
        "200610": "115.00",
        "200611": "114.50",
        "200612": "135.48",
        "200701": "140.98",
        "200702": "120.92",
        "200703": "131.65",
        "200704": "128.98",
        "200705": "120.05",
        "200706": "128.32",
        "200707": "136.73",
        "200708": "117.02",
        "200709": "86.94",
        "200710": "77.20",
        "200711": "60.30",
        "200712": "61.11",
        "200801": "53.42",
        "200802": "43.56",
        "200803": "44.34",
        "200804": "51.87",
        "200805": "53.46",
        "200806": "45.47",
        "200807": "30.88",
        "200808": "31.63",
        "200809": "20.40",
        "200810": "15.30",
        "200811": "10.47",
        "200812": "12.90",
        "200901": "17.33",
        "200902": "22.18",
        "200903": "26.80",
        "200904": "34.14",
        "200905": "50.08",
        "200906": "41.69",
        "200907": "61.51",
        "200908": "71.06",
        "200909": "79.61",
        "200910": "79.57",
        "200911": "79.38",
        "200912": "84.07",
        "201001": "93.36",
        "201002": "78.87",
        "201003": "86.44",
        "201004": "86.48",
        "201005": "69.10",
        "201006": "67.75",
        "201007": "63.26",
        "201008": "52.01",
        "201009": "45.72",
        "201010": "46.79",
        "201011": "45.14",
        "201012": "50.30",
        "201101": "51.42",
        "201102": "54.46",
        "201103": "46.47",
        "201104": "43.07",
        "201105": "40.54",
        "201106": "38.76",
        "201107": "32.65",
        "201108": "28.58",
        "201109": "31.63",
        "201110": "34.34",
        "201111": "28.71",
        "201112": "26.61",
        "201201": "31.34",
        "201202": "41.06",
        "201203": "39.20",
        "201204": "32.12",
        "201205": "36.05",
        "201206": "37.79",
        "201207": "37.15",
        "201208": "36.49",
        "201209": "34.29",
        "201210": "33.03",
        "201211": "27.86",
        "201212": "31.01",
        "201301": "34.65",
        "201302": "36.45",
        "201303": "44.43",
        "201304": "52.37",
        "201305": "57.48",
        "201306": "67.02",
        "201307": "62.51",
        "201308": "67.10",
        "201309": "76.18",
        "201310": "87.27",
        "201311": "74.56",
        "201312": "69.80",
        "201401": "72.22",
        "201402": "71.38",
        "201403": "75.22",
        "201404": "74.77",
        "201405": "72.68",
        "201406": "77.63",
        "201407": "77.44",
        "201408": "71.37",
        "201409": "64.80",
        "201410": "55.85",
        "201411": "52.56",
        "201412": "52.77",
        "201501": "56.84",
        "201502": "53.63",
        "201503": "55.36",
        "201504": "50.57",
        "201505": "43.67",
        "201506": "43.16",
        "201507": "35.95",
        "201508": "29.09",
        "201509": "31.88",
        "201510": "34.30",
        "201511": "31.71",
        "201512": "32.77",
        "201601": "32.38",
        "201602": "33.21",
        "201603": "33.31",
        "201604": "30.69",
        "201605": "29.51",
        "201606": "37.41",
        "201607": "42.94",
        "201608": "42.98",
        "201609": "45.86",
        "201610": "49.99",
        "201611": "50.22",
        "201612": "52.89",
        "201701": "51.78",
        "201702": "53.24",
        "201703": "67.63",
        "201704": "74.36",
        "201705": "72.80",
        "201706": "75.03",
        "201707": "78.23",
        "201708": "76.11",
        "201709": "80.04",
        "201710": "87.21",
        "201711": "86.21",
        "201712": "77.56",
        "201801": "73.35",
        "201802": "71.85",
        "201803": "74.37",
        "201804": "74.11",
        "201805": "64.71",
        "201806": "66.76",
        "201807": "58.69",
        "201808": "52.89",
        "201809": "50.31",
        "201810": "41.50",
        "201811": "39.31",
        "201812": "41.14",
        "201901": "40.59",
        "201902": "43.07",
        "201903": "41.17",
        "201904": "44.30",
        "201905": "45.62",
        "201906": "42.29",
        "201907": "50.38",
        "201908": "48.86",
        "201909": "51.68",
        "201910": "50.29",
        "201911": "52.34",
        "201912": "62.90",
        "202001": "72.25",
        "202002": "72.62",
        "202003": "54.92",
        "202004": "52.89",
        "202005": "55.20",
        "202006": "57.67",
        "202007": "60.26",
        "202008": "55.25",
        "202009": "54.44",
        "202010": "57.53",
        "202011": "58.71",
        "202012": "72.80",
        "202101": "71.90",
        "202102": "78.55",
        "202103": "81.87",
        "202104": "93.81",
        "202105": "96.71",
        "202106": "101.42",
        "202107": "117.50",
        "202108": "98.06",
        "202109": "84.70",
        "202110": "79.14",
        "202111": "85.78",
        "202112": "90.83",
        "202201": "86.28",
        "202202": "91.91",
        "202203": "88.68",
        "202204": "75.98",
        "202205": "71.90",
        "202206": "67.82",
        "202207": "59.18",
        "202208": "59.23",
        "202209": "57.86",
        "202210": "55.86",
        "202211": "59.72",
        "202212": "59.23",
        "202301": "61.99",
        "202302": "66.93",
        "202303": "71.47",
        "202304": "76.50",
        "202305": "75.92",
        "202306": "87.33",
        "202307": "83.27",
        "202308": "78.60",
        "202309": "88.50",
        "202310": "97.05",
        "202311": "99.90",
        "202312": "101.90",
        "202401": "96.10",
        "202402": "98.38",
        "202403": "97.36",
        "202404": "無"
    },
    "quarters": {
        "20011": {
            "year_quarter": 20011,
            "year": 2001,
            "quarter": 1,
            "eps": null,
            "eps_growth_year": null,
            "eps_4q": null,
            "eps_4q_growth_year": null,
            "roe": null,
            "roe_4q": 0,
            "gross_profit": null,
            "gross_margin": null,
            "gross_margin_4q_avg": 0,
            "net_income": null,
            "net_income_4q": null,
            "revenue": null,
            "revenue_4q": null,
            "common_shares": null,
            "book_valuer_per_share": null,
            "book_valuer_per_share_4q_avg": 0,
            "equity": null,
            "current_ratio": null,
            "debt_ratio": null,
            "inventory_turnover_ratio": null,
            "account_receivable_turnover_ratio": null,
            "reinvestment_rate": null,
            "research_to_sale_ratio": null,
            "price_fair": 0,
            "eps_avg_yearly": 0,
            "eps_latest_yearly": 0,
            "eps_growth_yearly": 0
        },
        "20012": {
            "year_quarter": 20012,
            "year": 2001,
            "quarter": 2,
            "eps": null,
            "eps_growth_year": null,
            "eps_4q": null,
            "eps_4q_growth_year": null,
            "roe": null,
            "roe_4q": 0,
            "gross_profit": null,
            "gross_margin": null,
            "gross_margin_4q_avg": 0,
            "net_income": null,
            "net_income_4q": null,
            "revenue": null,
            "revenue_4q": null,
            "common_shares": null,
            "book_valuer_per_share": null,
            "book_valuer_per_share_4q_avg": 0,
            "equity": null,
            "current_ratio": null,
            "debt_ratio": null,
            "inventory_turnover_ratio": null,
            "account_receivable_turnover_ratio": null,
            "reinvestment_rate": null,
            "research_to_sale_ratio": null,
            "price_fair": 0,
            "eps_avg_yearly": 0,
            "eps_latest_yearly": 0,
            "eps_growth_yearly": 0
        },
        "20013": {
            "year_quarter": 20013,
            "year": 2001,
            "quarter": 3,
            "eps": null,
            "eps_growth_year": null,
            "eps_4q": null,
            "eps_4q_growth_year": null,
            "roe": null,
            "roe_4q": 0,
            "gross_profit": null,
            "gross_margin": null,
            "gross_margin_4q_avg": 0,
            "net_income": null,
            "net_income_4q": null,
            "revenue": null,
            "revenue_4q": null,
            "common_shares": null,
            "book_valuer_per_share": null,
            "book_valuer_per_share_4q_avg": 0,
            "equity": null,
            "current_ratio": null,
            "debt_ratio": null,
            "inventory_turnover_ratio": null,
            "account_receivable_turnover_ratio": null,
            "reinvestment_rate": null,
            "research_to_sale_ratio": null,
            "price_fair": 0,
            "eps_avg_yearly": 0,
            "eps_latest_yearly": 0,
            "eps_growth_yearly": 0
        },
        "20014": {
            "year_quarter": 20014,
            "year": 2001,
            "quarter": 4,
            "eps": null,
            "eps_growth_year": null,
            "eps_4q": null,
            "eps_4q_growth_year": null,
            "roe": null,
            "roe_4q": 0,
            "gross_profit": null,
            "gross_margin": null,
            "gross_margin_4q_avg": 0,
            "net_income": null,
            "net_income_4q": null,
            "revenue": null,
            "revenue_4q": null,
            "common_shares": 200000,
            "book_valuer_per_share": 12.15,
            "book_valuer_per_share_4q_avg": 3.04,
            "equity": 243092,
            "current_ratio": 147.84,
            "debt_ratio": 63.36,
            "inventory_turnover_ratio": null,
            "account_receivable_turnover_ratio": null,
            "reinvestment_rate": null,
            "research_to_sale_ratio": null,
            "price_fair": 0,
            "eps_avg_yearly": 0,
            "eps_latest_yearly": 0,
            "eps_growth_yearly": 0
        },
        "20021": {
            "year_quarter": 20021,
            "year": 2002,
            "quarter": 1,
            "eps": null,
            "eps_growth_year": null,
            "eps_4q": null,
            "eps_4q_growth_year": null,
            "roe": null,
            "roe_4q": 0,
            "gross_profit": null,
            "gross_margin": null,
            "gross_margin_4q_avg": 0,
            "net_income": null,
            "net_income_4q": null,
            "revenue": null,
            "revenue_4q": null,
            "common_shares": null,
            "book_valuer_per_share": null,
            "book_valuer_per_share_4q_avg": 3.04,
            "equity": null,
            "current_ratio": null,
            "debt_ratio": null,
            "inventory_turnover_ratio": null,
            "account_receivable_turnover_ratio": null,
            "reinvestment_rate": null,
            "research_to_sale_ratio": null,
            "price_fair": 0,
            "eps_avg_yearly": 0,
            "eps_latest_yearly": 0,
            "eps_growth_yearly": 0
        },
        "20022": {
            "year_quarter": 20022,
            "year": 2002,
            "quarter": 2,
            "eps": null,
            "eps_growth_year": null,
            "eps_4q": null,
            "eps_4q_growth_year": null,
            "roe": null,
            "roe_4q": 0,
            "gross_profit": null,
            "gross_margin": null,
            "gross_margin_4q_avg": 0,
            "net_income": null,
            "net_income_4q": null,
            "revenue": null,
            "revenue_4q": null,
            "common_shares": null,
            "book_valuer_per_share": null,
            "book_valuer_per_share_4q_avg": 3.04,
            "equity": null,
            "current_ratio": null,
            "debt_ratio": null,
            "inventory_turnover_ratio": null,
            "account_receivable_turnover_ratio": null,
            "reinvestment_rate": null,
            "research_to_sale_ratio": null,
            "price_fair": 0,
            "eps_avg_yearly": 0,
            "eps_latest_yearly": 0,
            "eps_growth_yearly": 0
        },
        "20023": {
            "year_quarter": 20023,
            "year": 2002,
            "quarter": 3,
            "eps": null,
            "eps_growth_year": null,
            "eps_4q": null,
            "eps_4q_growth_year": null,
            "roe": null,
            "roe_4q": 0,
            "gross_profit": null,
            "gross_margin": null,
            "gross_margin_4q_avg": 0,
            "net_income": null,
            "net_income_4q": null,
            "revenue": null,
            "revenue_4q": null,
            "common_shares": null,
            "book_valuer_per_share": null,
            "book_valuer_per_share_4q_avg": 3.04,
            "equity": null,
            "current_ratio": null,
            "debt_ratio": null,
            "inventory_turnover_ratio": null,
            "account_receivable_turnover_ratio": null,
            "reinvestment_rate": null,
            "research_to_sale_ratio": null,
            "price_fair": 0,
            "eps_avg_yearly": 0,
            "eps_latest_yearly": 0,
            "eps_growth_yearly": 0
        },
        "20024": {
            "year_quarter": 20024,
            "year": 2002,
            "quarter": 4,
            "eps": null,
            "eps_growth_year": null,
            "eps_4q": null,
            "eps_4q_growth_year": null,
            "roe": null,
            "roe_4q": 0,
            "gross_profit": null,
            "gross_margin": null,
            "gross_margin_4q_avg": 0,
            "net_income": null,
            "net_income_4q": null,
            "revenue": null,
            "revenue_4q": null,
            "common_shares": 260700,
            "book_valuer_per_share": 20.47,
            "book_valuer_per_share_4q_avg": 5.12,
            "equity": 533739,
            "current_ratio": 152.64,
            "debt_ratio": 62.06,
            "inventory_turnover_ratio": null,
            "account_receivable_turnover_ratio": null,
            "reinvestment_rate": null,
            "research_to_sale_ratio": null,
            "price_fair": 0,
            "eps_avg_yearly": 0,
            "eps_latest_yearly": 0,
            "eps_growth_yearly": 0
        },
        "20031": {
            "year_quarter": 20031,
            "year": 2003,
            "quarter": 1,
            "eps": 2.08,
            "eps_growth_year": null,
            "eps_4q": null,
            "eps_4q_growth_year": null,
            "roe": 14.58,
            "roe_4q": 14.58,
            "gross_profit": 203790,
            "gross_margin": 7.97,
            "gross_margin_4q_avg": 1.99,
            "net_income": 83952,
            "net_income_4q": null,
            "revenue": 2557124,
            "revenue_4q": null,
            "common_shares": 260700,
            "book_valuer_per_share": 23.69,
            "book_valuer_per_share_4q_avg": 11.04,
            "equity": 617607,
            "current_ratio": 139.64,
            "debt_ratio": 62.59,
            "inventory_turnover_ratio": 5.67,
            "account_receivable_turnover_ratio": null,
            "reinvestment_rate": null,
            "research_to_sale_ratio": null,
            "price_fair": 0,
            "eps_avg_yearly": 0,
            "eps_latest_yearly": 0,
            "eps_growth_yearly": 0
        },
        "20032": {
            "year_quarter": 20032,
            "year": 2003,
            "quarter": 2,
            "eps": 2.75,
            "eps_growth_year": null,
            "eps_4q": null,
            "eps_4q_growth_year": null,
            "roe": 17.51,
            "roe_4q": 32.09,
            "gross_profit": 301293,
            "gross_margin": 10.76,
            "gross_margin_4q_avg": 4.68,
            "net_income": 111007,
            "net_income_4q": null,
            "revenue": 2800957,
            "revenue_4q": null,
            "common_shares": 403050,
            "book_valuer_per_share": 16.14,
            "book_valuer_per_share_4q_avg": 15.08,
            "equity": 650405,
            "current_ratio": 141.77,
            "debt_ratio": 67.19,
            "inventory_turnover_ratio": 3.51,
            "account_receivable_turnover_ratio": null,
            "reinvestment_rate": null,
            "research_to_sale_ratio": null,
            "price_fair": 385,
            "eps_avg_yearly": 11,
            "eps_latest_yearly": 11,
            "eps_growth_yearly": 128.85
        },
        "20033": {
            "year_quarter": 20033,
            "year": 2003,
            "quarter": 3,
            "eps": 4.18,
            "eps_growth_year": null,
            "eps_4q": null,
            "eps_4q_growth_year": null,
            "roe": 36,
            "roe_4q": 68.09,
            "gross_profit": 684606,
            "gross_margin": 17.53,
            "gross_margin_4q_avg": 9.07,
            "net_income": 293140,
            "net_income_4q": null,
            "revenue": 3905250,
            "revenue_4q": null,
            "common_shares": 417050,
            "book_valuer_per_share": 23.45,
            "book_valuer_per_share_4q_avg": 20.94,
            "equity": 977928,
            "current_ratio": 158.11,
            "debt_ratio": 59.74,
            "inventory_turnover_ratio": 3.21,
            "account_receivable_turnover_ratio": null,
            "reinvestment_rate": null,
            "research_to_sale_ratio": null,
            "price_fair": 485.1,
            "eps_avg_yearly": 13.86,
            "eps_latest_yearly": 16.72,
            "eps_growth_yearly": 168.42
        },
        "20034": {
            "year_quarter": 20034,
            "year": 2003,
            "quarter": 4,
            "eps": 1.87,
            "eps_growth_year": null,
            "eps_4q": 13.61,
            "eps_4q_growth_year": null,
            "roe": 7.1,
            "roe_4q": 75.19,
            "gross_profit": 208463,
            "gross_margin": 4.94,
            "gross_margin_4q_avg": 10.3,
            "net_income": 77757,
            "net_income_4q": null,
            "revenue": 4221558,
            "revenue_4q": null,
            "common_shares": 456050,
            "book_valuer_per_share": 26.58,
            "book_valuer_per_share_4q_avg": 22.47,
            "equity": 1212118,
            "current_ratio": 162.74,
            "debt_ratio": 56.6,
            "inventory_turnover_ratio": 3.28,
            "account_receivable_turnover_ratio": null,
            "reinvestment_rate": null,
            "research_to_sale_ratio": null,
            "price_fair": 410.67,
            "eps_avg_yearly": 11.73,
            "eps_latest_yearly": 7.48,
            "eps_growth_yearly": 38.6
        },
        "20041": {
            "year_quarter": 20041,
            "year": 2004,
            "quarter": 1,
            "eps": 5.61,
            "eps_growth_year": 169.71,
            "eps_4q": 16.18,
            "eps_4q_growth_year": null,
            "roe": 19.1,
            "roe_4q": 79.71000000000001,
            "gross_profit": 385280,
            "gross_margin": 7.19,
            "gross_margin_4q_avg": 10.11,
            "net_income": 255799,
            "net_income_4q": null,
            "revenue": 5357903,
            "revenue_4q": null,
            "common_shares": 456050,
            "book_valuer_per_share": 32.16,
            "book_valuer_per_share_4q_avg": 24.58,
            "equity": 1466737,
            "current_ratio": 155.12,
            "debt_ratio": 57.94,
            "inventory_turnover_ratio": 3.87,
            "account_receivable_turnover_ratio": null,
            "reinvestment_rate": null,
            "research_to_sale_ratio": null,
            "price_fair": 504.35,
            "eps_avg_yearly": 14.41,
            "eps_latest_yearly": 22.44,
            "eps_growth_yearly": 228.95
        },
        "20042": {
            "year_quarter": 20042,
            "year": 2004,
            "quarter": 2,
            "eps": 2.61,
            "eps_growth_year": -5.09,
            "eps_4q": 10.53,
            "eps_4q_growth_year": null,
            "roe": 13.86,
            "roe_4q": 76.06,
            "gross_profit": 374029,
            "gross_margin": 7.55,
            "gross_margin_4q_avg": 9.3,
            "net_income": 206490,
            "net_income_4q": null,
            "revenue": 4954650,
            "revenue_4q": null,
            "common_shares": 456050,
            "book_valuer_per_share": 33.18,
            "book_valuer_per_share_4q_avg": 28.84,
            "equity": 1513401,
            "current_ratio": 149.23,
            "debt_ratio": 59.97,
            "inventory_turnover_ratio": 3.26,
            "account_receivable_turnover_ratio": null,
            "reinvestment_rate": null,
            "research_to_sale_ratio": null,
            "price_fair": 476.56,
            "eps_avg_yearly": 13.62,
            "eps_latest_yearly": 10.44,
            "eps_growth_yearly": 140.38
        },
        "20043": {
            "year_quarter": 20043,
            "year": 2004,
            "quarter": 3,
            "eps": 2.14,
            "eps_growth_year": -48.8,
            "eps_4q": 8.97,
            "eps_4q_growth_year": null,
            "roe": 10.32,
            "roe_4q": 50.38,
            "gross_profit": 469872,
            "gross_margin": 6.77,
            "gross_margin_4q_avg": 6.61,
            "net_income": 169304,
            "net_income_4q": null,
            "revenue": 6945074,
            "revenue_4q": null,
            "common_shares": 789660,
            "book_valuer_per_share": 22.38,
            "book_valuer_per_share_4q_avg": 28.58,
            "equity": 1766951,
            "current_ratio": 140.16,
            "debt_ratio": 62.95,
            "inventory_turnover_ratio": 3.3,
            "account_receivable_turnover_ratio": null,
            "reinvestment_rate": null,
            "research_to_sale_ratio": null,
            "price_fair": 447.07,
            "eps_avg_yearly": 12.77,
            "eps_latest_yearly": 8.56,
            "eps_growth_yearly": 104.98
        },
        "20044": {
            "year_quarter": 20044,
            "year": 2004,
            "quarter": 4,
            "eps": 2.22,
            "eps_growth_year": 18.72,
            "eps_4q": 10.01,
            "eps_4q_growth_year": -26.44,
            "roe": 8.03,
            "roe_4q": 51.31,
            "gross_profit": 727814,
            "gross_margin": 8.16,
            "gross_margin_4q_avg": 7.42,
            "net_income": 179999,
            "net_income_4q": null,
            "revenue": 8914237,
            "revenue_4q": null,
            "common_shares": 885680,
            "book_valuer_per_share": 30.44,
            "book_valuer_per_share_4q_avg": 29.54,
            "equity": 2717337,
            "current_ratio": 168.3,
            "debt_ratio": 53.13,
            "inventory_turnover_ratio": 3.81,
            "account_receivable_turnover_ratio": null,
            "reinvestment_rate": null,
            "research_to_sale_ratio": null,
            "price_fair": 427.6,
            "eps_avg_yearly": 12.22,
            "eps_latest_yearly": 8.88,
            "eps_growth_yearly": 92.12
        },
        "20051": {
            "year_quarter": 20051,
            "year": 2005,
            "quarter": 1,
            "eps": 2.58,
            "eps_growth_year": -54.01,
            "eps_4q": 8.85,
            "eps_4q_growth_year": -45.29,
            "roe": 8.1,
            "roe_4q": 40.31,
            "gross_profit": 612749,
            "gross_margin": 7.28,
            "gross_margin_4q_avg": 7.44,
            "net_income": 228661,
            "net_income_4q": null,
            "revenue": 8412174,
            "revenue_4q": null,
            "common_shares": 893470,
            "book_valuer_per_share": 32.79,
            "book_valuer_per_share_4q_avg": 29.7,
            "equity": 2930062,
            "current_ratio": 195.22,
            "debt_ratio": 44.85,
            "inventory_turnover_ratio": 3.87,
            "account_receivable_turnover_ratio": null,
            "reinvestment_rate": null,
            "research_to_sale_ratio": null,
            "price_fair": 419.3,
            "eps_avg_yearly": 11.98,
            "eps_latest_yearly": 10.32,
            "eps_growth_yearly": 88.71
        },
        "20052": {
            "year_quarter": 20052,
            "year": 2005,
            "quarter": 2,
            "eps": 1.74,
            "eps_growth_year": -33.33,
            "eps_4q": 7.1,
            "eps_4q_growth_year": -32.6,
            "roe": 6.68,
            "roe_4q": 33.129999999999995,
            "gross_profit": 298378,
            "gross_margin": 4.21,
            "gross_margin_4q_avg": 6.61,
            "net_income": 187702,
            "net_income_4q": null,
            "revenue": 7089384,
            "revenue_4q": null,
            "common_shares": 893470,
            "book_valuer_per_share": 30.12,
            "book_valuer_per_share_4q_avg": 28.93,
            "equity": 2691103,
            "current_ratio": 185.45,
            "debt_ratio": 46.02,
            "inventory_turnover_ratio": 3.19,
            "account_receivable_turnover_ratio": null,
            "reinvestment_rate": null,
            "research_to_sale_ratio": null,
            "price_fair": 399.78,
            "eps_avg_yearly": 11.42,
            "eps_latest_yearly": 6.96,
            "eps_growth_yearly": 64.38
        },
        "20053": {
            "year_quarter": 20053,
            "year": 2005,
            "quarter": 3,
            "eps": 4.37,
            "eps_growth_year": 104.21,
            "eps_4q": 9.9,
            "eps_4q_growth_year": 10.45,
            "roe": 16.06,
            "roe_4q": 38.87,
            "gross_profit": 601668,
            "gross_margin": 7.7,
            "gross_margin_4q_avg": 6.84,
            "net_income": 470978,
            "net_income_4q": null,
            "revenue": 7816341,
            "revenue_4q": null,
            "common_shares": 1081997,
            "book_valuer_per_share": 29.32,
            "book_valuer_per_share_4q_avg": 30.67,
            "equity": 3172637,
            "current_ratio": 171.75,
            "debt_ratio": 50.81,
            "inventory_turnover_ratio": 2.83,
            "account_receivable_turnover_ratio": null,
            "reinvestment_rate": null,
            "research_to_sale_ratio": null,
            "price_fair": 420.98,
            "eps_avg_yearly": 12.03,
            "eps_latest_yearly": 17.48,
            "eps_growth_yearly": 118.4
        },
        "20054": {
            "year_quarter": 20054,
            "year": 2005,
            "quarter": 4,
            "eps": 3.52,
            "eps_growth_year": 58.56,
            "eps_4q": 11.73,
            "eps_4q_growth_year": 17.2,
            "roe": 11.27,
            "roe_4q": 42.11,
            "gross_profit": 775404,
            "gross_margin": 8.98,
            "gross_margin_4q_avg": 7.04,
            "net_income": 380358,
            "net_income_4q": null,
            "revenue": 8632665,
            "revenue_4q": null,
            "common_shares": 1082137,
            "book_valuer_per_share": 32.79,
            "book_valuer_per_share_4q_avg": 31.26,
            "equity": 3579206,
            "current_ratio": 185.91,
            "debt_ratio": 47.75,
            "inventory_turnover_ratio": 2.56,
            "account_receivable_turnover_ratio": null,
            "reinvestment_rate": null,
            "research_to_sale_ratio": null,
            "price_fair": 427.51,
            "eps_avg_yearly": 12.21,
            "eps_latest_yearly": 14.08,
            "eps_growth_yearly": 100.57
        },
        "20061": {
            "year_quarter": 20061,
            "year": 2006,
            "quarter": 1,
            "eps": 1.72,
            "eps_growth_year": -33.33,
            "eps_4q": 11,
            "eps_4q_growth_year": 24.28,
            "roe": 4.82,
            "roe_4q": 38.83,
            "gross_profit": 318832,
            "gross_margin": 4.34,
            "gross_margin_4q_avg": 6.31,
            "net_income": 192578,
            "net_income_4q": null,
            "revenue": 7341229,
            "revenue_4q": null,
            "common_shares": 1153762,
            "book_valuer_per_share": 38.22,
            "book_valuer_per_share_4q_avg": 32.61,
            "equity": 4409300,
            "current_ratio": 292.02,
            "debt_ratio": 41.2,
            "inventory_turnover_ratio": 2.38,
            "account_receivable_turnover_ratio": null,
            "reinvestment_rate": null,
            "research_to_sale_ratio": null,
            "price_fair": 411.95,
            "eps_avg_yearly": 11.77,
            "eps_latest_yearly": 6.88,
            "eps_growth_yearly": 75.14
        },
        "20062": {
            "year_quarter": 20062,
            "year": 2006,
            "quarter": 2,
            "eps": 3.35,
            "eps_growth_year": 92.53,
            "eps_4q": 12.53,
            "eps_4q_growth_year": 76.57,
            "roe": 8.9,
            "roe_4q": 41.05,
            "gross_profit": 650938,
            "gross_margin": 7.51,
            "gross_margin_4q_avg": 7.13,
            "net_income": 380848,
            "net_income_4q": null,
            "revenue": 8670646,
            "revenue_4q": null,
            "common_shares": 1157812,
            "book_valuer_per_share": 35.83,
            "book_valuer_per_share_4q_avg": 34.04,
            "equity": 4147867,
            "current_ratio": 187.37,
            "debt_ratio": 55.06,
            "inventory_turnover_ratio": 2.33,
            "account_receivable_turnover_ratio": null,
            "reinvestment_rate": null,
            "research_to_sale_ratio": null,
            "price_fair": 416.34,
            "eps_avg_yearly": 11.9,
            "eps_latest_yearly": 13.4,
            "eps_growth_yearly": 98.52
        },
        "20063": {
            "year_quarter": 20063,
            "year": 2006,
            "quarter": 3,
            "eps": 5.75,
            "eps_growth_year": 31.58,
            "eps_4q": 12.83,
            "eps_4q_growth_year": 29.59,
            "roe": 17.79,
            "roe_4q": 42.78,
            "gross_profit": 1087504,
            "gross_margin": 8.07,
            "gross_margin_4q_avg": 7.23,
            "net_income": 774215,
            "net_income_4q": null,
            "revenue": 13476368,
            "revenue_4q": null,
            "common_shares": 1394540,
            "book_valuer_per_share": 32.67,
            "book_valuer_per_share_4q_avg": 34.88,
            "equity": 4556391,
            "current_ratio": 164.93,
            "debt_ratio": 59.63,
            "inventory_turnover_ratio": 2.71,
            "account_receivable_turnover_ratio": null,
            "reinvestment_rate": null,
            "research_to_sale_ratio": null,
            "price_fair": 444.1,
            "eps_avg_yearly": 12.69,
            "eps_latest_yearly": 23,
            "eps_growth_yearly": 111.95
        },
        "20064": {
            "year_quarter": 20064,
            "year": 2006,
            "quarter": 4,
            "eps": 1.85,
            "eps_growth_year": -47.44,
            "eps_4q": 11.83,
            "eps_4q_growth_year": 0.86,
            "roe": 5.1,
            "roe_4q": 36.61,
            "gross_profit": 724879,
            "gross_margin": 4.95,
            "gross_margin_4q_avg": 6.22,
            "net_income": 249749,
            "net_income_4q": null,
            "revenue": 14634717,
            "revenue_4q": null,
            "common_shares": 1453421,
            "book_valuer_per_share": 35.84,
            "book_valuer_per_share_4q_avg": 35.64,
            "equity": 5237816,
            "current_ratio": 139.32,
            "debt_ratio": 63.9,
            "inventory_turnover_ratio": 2.92,
            "account_receivable_turnover_ratio": null,
            "reinvestment_rate": 26.65,
            "research_to_sale_ratio": null,
            "price_fair": 431.76,
            "eps_avg_yearly": 12.34,
            "eps_latest_yearly": 7.4,
            "eps_growth_yearly": 86.4
        },
        "20071": {
            "year_quarter": 20071,
            "year": 2007,
            "quarter": 1,
            "eps": 1.21,
            "eps_growth_year": -29.65,
            "eps_4q": 10.92,
            "eps_4q_growth_year": -0.76,
            "roe": 3.18,
            "roe_4q": 34.97,
            "gross_profit": 351374,
            "gross_margin": 2.85,
            "gross_margin_4q_avg": 5.85,
            "net_income": 175131,
            "net_income_4q": null,
            "revenue": 12324468,
            "revenue_4q": null,
            "common_shares": 1504508,
            "book_valuer_per_share": 38.37,
            "book_valuer_per_share_4q_avg": 35.68,
            "equity": 5773514,
            "current_ratio": 140.84,
            "debt_ratio": 63.25,
            "inventory_turnover_ratio": 2.37,
            "account_receivable_turnover_ratio": null,
            "reinvestment_rate": 11.12,
            "research_to_sale_ratio": null,
            "price_fair": 415.36,
            "eps_avg_yearly": 11.87,
            "eps_latest_yearly": 4.84,
            "eps_growth_yearly": 72.35
        },
        "20072": {
            "year_quarter": 20072,
            "year": 2007,
            "quarter": 2,
            "eps": 0.53,
            "eps_growth_year": -84.18,
            "eps_4q": 8.84,
            "eps_4q_growth_year": -29.44,
            "roe": 1.36,
            "roe_4q": 27.43,
            "gross_profit": 611670,
            "gross_margin": 6.18,
            "gross_margin_4q_avg": 5.51,
            "net_income": 76445,
            "net_income_4q": null,
            "revenue": 9894097,
            "revenue_4q": null,
            "common_shares": 1505508,
            "book_valuer_per_share": 36.21,
            "book_valuer_per_share_4q_avg": 35.77,
            "equity": 5451390,
            "current_ratio": 132.23,
            "debt_ratio": 67.24,
            "inventory_turnover_ratio": 1.49,
            "account_receivable_turnover_ratio": null,
            "reinvestment_rate": 19.38,
            "research_to_sale_ratio": null,
            "price_fair": 395.94,
            "eps_avg_yearly": 11.31,
            "eps_latest_yearly": 2.12,
            "eps_growth_yearly": 50.25
        },
        "20073": {
            "year_quarter": 20073,
            "year": 2007,
            "quarter": 3,
            "eps": 0.9,
            "eps_growth_year": -84.35,
            "eps_4q": 4.07,
            "eps_4q_growth_year": -68.32,
            "roe": 2.46,
            "roe_4q": 12.1,
            "gross_profit": 702322,
            "gross_margin": 6.04,
            "gross_margin_4q_avg": 5.01,
            "net_income": 142539,
            "net_income_4q": null,
            "revenue": 11633568,
            "revenue_4q": null,
            "common_shares": 1711476,
            "book_valuer_per_share": 35.97,
            "book_valuer_per_share_4q_avg": 36.6,
            "equity": 6156780,
            "current_ratio": 143.89,
            "debt_ratio": 61.26,
            "inventory_turnover_ratio": 1.76,
            "account_receivable_turnover_ratio": null,
            "reinvestment_rate": 18.81,
            "research_to_sale_ratio": null,
            "price_fair": 367.24,
            "eps_avg_yearly": 10.49,
            "eps_latest_yearly": 3.6,
            "eps_growth_yearly": 54.7
        },
        "20074": {
            "year_quarter": 20074,
            "year": 2007,
            "quarter": 4,
            "eps": -2.12,
            "eps_growth_year": -214.59,
            "eps_4q": 0.38,
            "eps_4q_growth_year": -96.78,
            "roe": -5.66,
            "roe_4q": 1.34,
            "gross_profit": -241195,
            "gross_margin": -2.55,
            "gross_margin_4q_avg": 3.13,
            "net_income": -339173,
            "net_income_4q": null,
            "revenue": 9442937,
            "revenue_4q": null,
            "common_shares": 1711506,
            "book_valuer_per_share": 34.06,
            "book_valuer_per_share_4q_avg": 36.15,
            "equity": 5829955,
            "current_ratio": 143.94,
            "debt_ratio": 59,
            "inventory_turnover_ratio": 1.98,
            "account_receivable_turnover_ratio": null,
            "reinvestment_rate": 52.37,
            "research_to_sale_ratio": null,
            "price_fair": 374.27,
            "eps_avg_yearly": 10.69,
            "eps_latest_yearly": 3.6,
            "eps_growth_yearly": 73.09
        },
        "20081": {
            "year_quarter": 20081,
            "year": 2008,
            "quarter": 1,
            "eps": -3.12,
            "eps_growth_year": -357.85,
            "eps_4q": -3.86,
            "eps_4q_growth_year": -135.33,
            "roe": -9.15,
            "roe_4q": -10.990000000000002,
            "gross_profit": 145119,
            "gross_margin": 1.81,
            "gross_margin_4q_avg": 2.87,
            "net_income": -509514,
            "net_income_4q": null,
            "revenue": 8019228,
            "revenue_4q": null,
            "common_shares": 1722581,
            "book_valuer_per_share": 30.84,
            "book_valuer_per_share_4q_avg": 34.27,
            "equity": 5312730,
            "current_ratio": 146.36,
            "debt_ratio": 61.25,
            "inventory_turnover_ratio": 1.81,
            "account_receivable_turnover_ratio": null,
            "reinvestment_rate": 65.44,
            "research_to_sale_ratio": null,
            "price_fair": 307.11,
            "eps_avg_yearly": 9.85,
            "eps_latest_yearly": 3.6,
            "eps_growth_yearly": 21.16
        },
        "20082": {
            "year_quarter": 20082,
            "year": 2008,
            "quarter": 2,
            "eps": -1.32,
            "eps_growth_year": -349.06,
            "eps_4q": -5.34,
            "eps_4q_growth_year": -160.4,
            "roe": -4.15,
            "roe_4q": -16.5,
            "gross_profit": 100057,
            "gross_margin": 1.25,
            "gross_margin_4q_avg": 1.64,
            "net_income": -215966,
            "net_income_4q": null,
            "revenue": 7992126,
            "revenue_4q": null,
            "common_shares": 1726476,
            "book_valuer_per_share": 29.44,
            "book_valuer_per_share_4q_avg": 32.58,
            "equity": 5083029,
            "current_ratio": 131.66,
            "debt_ratio": 61.5,
            "inventory_turnover_ratio": 1.73,
            "account_receivable_turnover_ratio": null,
            "reinvestment_rate": 72.82,
            "research_to_sale_ratio": null,
            "price_fair": 343.32,
            "eps_avg_yearly": 9.81,
            "eps_latest_yearly": 3.6,
            "eps_growth_yearly": 39.25
        },
        "20083": {
            "year_quarter": 20083,
            "year": 2008,
            "quarter": 3,
            "eps": -2.71,
            "eps_growth_year": -401.11,
            "eps_4q": -8.58,
            "eps_4q_growth_year": -310.94,
            "roe": -9.38,
            "roe_4q": -28.34,
            "gross_profit": 36099,
            "gross_margin": 0.49,
            "gross_margin_4q_avg": 0.25,
            "net_income": -453228,
            "net_income_4q": null,
            "revenue": 7400068,
            "revenue_4q": null,
            "common_shares": 1770018,
            "book_valuer_per_share": 25.86,
            "book_valuer_per_share_4q_avg": 30.05,
            "equity": 4577146,
            "current_ratio": 124.93,
            "debt_ratio": 63.25,
            "inventory_turnover_ratio": 1.84,
            "account_receivable_turnover_ratio": null,
            "reinvestment_rate": 94.27,
            "research_to_sale_ratio": null,
            "price_fair": 346.97,
            "eps_avg_yearly": 9.91,
            "eps_latest_yearly": 3.6,
            "eps_growth_yearly": 48.52
        },
        "20084": {
            "year_quarter": 20084,
            "year": 2008,
            "quarter": 4,
            "eps": -5.08,
            "eps_growth_year": null,
            "eps_4q": -12.15,
            "eps_4q_growth_year": -3285.68,
            "roe": -20.29,
            "roe_4q": -42.97,
            "gross_profit": -498336,
            "gross_margin": -8,
            "gross_margin_4q_avg": -1.11,
            "net_income": -846025,
            "net_income_4q": null,
            "revenue": 6231948,
            "revenue_4q": null,
            "common_shares": 1692478,
            "book_valuer_per_share": 22.22,
            "book_valuer_per_share_4q_avg": 27.09,
            "equity": 3761532,
            "current_ratio": 125.73,
            "debt_ratio": 60.56,
            "inventory_turnover_ratio": 2.56,
            "account_receivable_turnover_ratio": 6.89,
            "reinvestment_rate": 181.04,
            "research_to_sale_ratio": null,
            "price_fair": 350.25,
            "eps_avg_yearly": 10.01,
            "eps_latest_yearly": 3.6,
            "eps_growth_yearly": 51.57
        },
        "20091": {
            "year_quarter": 20091,
            "year": 2009,
            "quarter": 1,
            "eps": 2.11,
            "eps_growth_year": null,
            "eps_4q": -6.72,
            "eps_4q_growth_year": null,
            "roe": 8.42,
            "roe_4q": -25.4,
            "gross_profit": 707074,
            "gross_margin": 12.53,
            "gross_margin_4q_avg": 1.57,
            "net_income": 362085,
            "net_income_4q": null,
            "revenue": 5644919,
            "revenue_4q": null,
            "common_shares": 2104433,
            "book_valuer_per_share": 23.02,
            "book_valuer_per_share_4q_avg": 25.14,
            "equity": 4843973,
            "current_ratio": 150.68,
            "debt_ratio": 47.42,
            "inventory_turnover_ratio": 2.17,
            "account_receivable_turnover_ratio": 3.48,
            "reinvestment_rate": 155.89,
            "research_to_sale_ratio": null,
            "price_fair": 349.16,
            "eps_avg_yearly": 9.98,
            "eps_latest_yearly": 3.6,
            "eps_growth_yearly": 50.24
        },
        "20092": {
            "year_quarter": 20092,
            "year": 2009,
            "quarter": 2,
            "eps": 2.07,
            "eps_growth_year": null,
            "eps_4q": -2.79,
            "eps_4q_growth_year": null,
            "roe": 7.87,
            "roe_4q": -13.38,
            "gross_profit": 697232,
            "gross_margin": 10.55,
            "gross_margin_4q_avg": 3.89,
            "net_income": 399062,
            "net_income_4q": null,
            "revenue": 6609808,
            "revenue_4q": null,
            "common_shares": 2123423,
            "book_valuer_per_share": 24.95,
            "book_valuer_per_share_4q_avg": 24.01,
            "equity": 5296892,
            "current_ratio": 171.6,
            "debt_ratio": 46.33,
            "inventory_turnover_ratio": 1.97,
            "account_receivable_turnover_ratio": 4.23,
            "reinvestment_rate": 129.05,
            "research_to_sale_ratio": null,
            "price_fair": 353.78,
            "eps_avg_yearly": 10.11,
            "eps_latest_yearly": 8.28,
            "eps_growth_yearly": 62.51
        },
        "20093": {
            "year_quarter": 20093,
            "year": 2009,
            "quarter": 3,
            "eps": 3.42,
            "eps_growth_year": null,
            "eps_4q": 2.99,
            "eps_4q_growth_year": null,
            "roe": 11.19,
            "roe_4q": 7.189999999999998,
            "gross_profit": 1180440,
            "gross_margin": 12.3,
            "gross_margin_4q_avg": 6.85,
            "net_income": 669274,
            "net_income_4q": null,
            "revenue": 9600686,
            "revenue_4q": null,
            "common_shares": 2247395,
            "book_valuer_per_share": 29.67,
            "book_valuer_per_share_4q_avg": 24.97,
            "equity": 6666989,
            "current_ratio": 168.5,
            "debt_ratio": 53.18,
            "inventory_turnover_ratio": 2.3,
            "account_receivable_turnover_ratio": 3.89,
            "reinvestment_rate": 108.53,
            "research_to_sale_ratio": null,
            "price_fair": 340.48,
            "eps_avg_yearly": 9.73,
            "eps_latest_yearly": 13.68,
            "eps_growth_yearly": 28.13
        },
        "20094": {
            "year_quarter": 20094,
            "year": 2009,
            "quarter": 4,
            "eps": 3.6,
            "eps_growth_year": null,
            "eps_4q": 9.61,
            "eps_4q_growth_year": null,
            "roe": 10.34,
            "roe_4q": 37.82,
            "gross_profit": 1393303,
            "gross_margin": 10.6,
            "gross_margin_4q_avg": 11.5,
            "net_income": 729378,
            "net_income_4q": null,
            "revenue": 13145102,
            "revenue_4q": null,
            "common_shares": 2259070,
            "book_valuer_per_share": 33.27,
            "book_valuer_per_share_4q_avg": 27.73,
            "equity": 7441237,
            "current_ratio": 172.43,
            "debt_ratio": 52.27,
            "inventory_turnover_ratio": 3.52,
            "account_receivable_turnover_ratio": 5.45,
            "reinvestment_rate": 103.06,
            "research_to_sale_ratio": null,
            "price_fair": 341.6,
            "eps_avg_yearly": 9.76,
            "eps_latest_yearly": 14.4,
            "eps_growth_yearly": 38.02
        },
        "20101": {
            "year_quarter": 20101,
            "year": 2010,
            "quarter": 1,
            "eps": 2.04,
            "eps_growth_year": -3.32,
            "eps_4q": 9.99,
            "eps_4q_growth_year": null,
            "roe": 5.93,
            "roe_4q": 35.33,
            "gross_profit": 958707,
            "gross_margin": 8.24,
            "gross_margin_4q_avg": 10.42,
            "net_income": 456539,
            "net_income_4q": null,
            "revenue": 11636099,
            "revenue_4q": null,
            "common_shares": 2266678,
            "book_valuer_per_share": 35.36,
            "book_valuer_per_share_4q_avg": 30.81,
            "equity": 7967454,
            "current_ratio": 158.77,
            "debt_ratio": 56.78,
            "inventory_turnover_ratio": 2.61,
            "account_receivable_turnover_ratio": 2.21,
            "reinvestment_rate": 99.79,
            "research_to_sale_ratio": 0.25,
            "price_fair": 346.08,
            "eps_avg_yearly": 9.89,
            "eps_latest_yearly": 8.16,
            "eps_growth_yearly": 41.14
        },
        "20102": {
            "year_quarter": 20102,
            "year": 2010,
            "quarter": 2,
            "eps": -1.86,
            "eps_growth_year": -189.69,
            "eps_4q": 6.36,
            "eps_4q_growth_year": null,
            "roe": -5.59,
            "roe_4q": 21.869999999999997,
            "gross_profit": 172104,
            "gross_margin": 1.64,
            "gross_margin_4q_avg": 8.2,
            "net_income": -419111,
            "net_income_4q": null,
            "revenue": 10496340,
            "revenue_4q": null,
            "common_shares": 2281203,
            "book_valuer_per_share": 31.11,
            "book_valuer_per_share_4q_avg": 32.35,
            "equity": 7020517,
            "current_ratio": 157.91,
            "debt_ratio": 55.51,
            "inventory_turnover_ratio": 2.03,
            "account_receivable_turnover_ratio": 2.55,
            "reinvestment_rate": 171,
            "research_to_sale_ratio": 0.04,
            "price_fair": 129.11,
            "eps_avg_yearly": 9.5,
            "eps_latest_yearly": 8.16,
            "eps_growth_yearly": 3.59
        },
        "20103": {
            "year_quarter": 20103,
            "year": 2010,
            "quarter": 3,
            "eps": -0.04,
            "eps_growth_year": -101.22,
            "eps_4q": 3.35,
            "eps_4q_growth_year": 12.34,
            "roe": -0.13,
            "roe_4q": 10.55,
            "gross_profit": 316388,
            "gross_margin": 3.02,
            "gross_margin_4q_avg": 5.88,
            "net_income": -9424,
            "net_income_4q": null,
            "revenue": 10468917,
            "revenue_4q": null,
            "common_shares": 2281503,
            "book_valuer_per_share": 30.89,
            "book_valuer_per_share_4q_avg": 32.66,
            "equity": 6970426,
            "current_ratio": 179.76,
            "debt_ratio": 56.49,
            "inventory_turnover_ratio": 2.81,
            "account_receivable_turnover_ratio": 4.1,
            "reinvestment_rate": 571.94,
            "research_to_sale_ratio": 0.38,
            "price_fair": 23.43,
            "eps_avg_yearly": 7.81,
            "eps_latest_yearly": 8.16,
            "eps_growth_yearly": -31.78
        },
        "20104": {
            "year_quarter": 20104,
            "year": 2010,
            "quarter": 4,
            "eps": -0.7,
            "eps_growth_year": -119.54,
            "eps_4q": -0.58,
            "eps_4q_growth_year": -106.03,
            "roe": -2.32,
            "roe_4q": -2.1099999999999994,
            "gross_profit": 260224,
            "gross_margin": 2.97,
            "gross_margin_4q_avg": 3.97,
            "net_income": -158814,
            "net_income_4q": null,
            "revenue": 8750296,
            "revenue_4q": null,
            "common_shares": 2281733,
            "book_valuer_per_share": 29.89,
            "book_valuer_per_share_4q_avg": 31.81,
            "equity": 6746119,
            "current_ratio": 152.54,
            "debt_ratio": 55.53,
            "inventory_turnover_ratio": 2.66,
            "account_receivable_turnover_ratio": 3.43,
            "reinvestment_rate": 3633.17,
            "research_to_sale_ratio": 0.02,
            "price_fair": 97.88,
            "eps_avg_yearly": 7.87,
            "eps_latest_yearly": 8.16,
            "eps_growth_yearly": 2.44
        },
        "20111": {
            "year_quarter": 20111,
            "year": 2011,
            "quarter": 1,
            "eps": 0.42,
            "eps_growth_year": -79.41,
            "eps_4q": -2.18,
            "eps_4q_growth_year": -121.79,
            "roe": 1.41,
            "roe_4q": -6.63,
            "gross_profit": 500781,
            "gross_margin": 6.39,
            "gross_margin_4q_avg": 3.51,
            "net_income": 95770,
            "net_income_4q": null,
            "revenue": 7842308,
            "revenue_4q": null,
            "common_shares": 2282582,
            "book_valuer_per_share": 30.45,
            "book_valuer_per_share_4q_avg": 30.59,
            "equity": 6874217,
            "current_ratio": 181.53,
            "debt_ratio": 60.02,
            "inventory_turnover_ratio": 1.8,
            "account_receivable_turnover_ratio": 3.11,
            "reinvestment_rate": null,
            "research_to_sale_ratio": 0.42,
            "price_fair": 293.07,
            "eps_avg_yearly": 8.37,
            "eps_latest_yearly": 8.16,
            "eps_growth_yearly": 25.91
        },
        "20112": {
            "year_quarter": 20112,
            "year": 2011,
            "quarter": 2,
            "eps": -0.5,
            "eps_growth_year": null,
            "eps_4q": -0.83,
            "eps_4q_growth_year": -113,
            "roe": -1.63,
            "roe_4q": -2.67,
            "gross_profit": 285751,
            "gross_margin": 4.25,
            "gross_margin_4q_avg": 4.16,
            "net_income": -110480,
            "net_income_4q": null,
            "revenue": 6730089,
            "revenue_4q": null,
            "common_shares": 2282839,
            "book_valuer_per_share": 30.09,
            "book_valuer_per_share_4q_avg": 30.33,
            "equity": 6656164,
            "current_ratio": 129.09,
            "debt_ratio": 58.28,
            "inventory_turnover_ratio": 1.57,
            "account_receivable_turnover_ratio": 3.09,
            "reinvestment_rate": null,
            "research_to_sale_ratio": 0.67,
            "price_fair": 336.84,
            "eps_avg_yearly": 9.62,
            "eps_latest_yearly": 8.16,
            "eps_growth_yearly": 76.05
        },
        "20113": {
            "year_quarter": 20113,
            "year": 2011,
            "quarter": 3,
            "eps": -0.85,
            "eps_growth_year": null,
            "eps_4q": -1.66,
            "eps_4q_growth_year": -149.5,
            "roe": -2.78,
            "roe_4q": -5.32,
            "gross_profit": 245140,
            "gross_margin": 3.38,
            "gross_margin_4q_avg": 4.25,
            "net_income": -181676,
            "net_income_4q": null,
            "revenue": 7256284,
            "revenue_4q": null,
            "common_shares": 2257839,
            "book_valuer_per_share": 29.92,
            "book_valuer_per_share_4q_avg": 30.09,
            "equity": 6400228,
            "current_ratio": 192.07,
            "debt_ratio": 63.78,
            "inventory_turnover_ratio": 1.62,
            "account_receivable_turnover_ratio": 3.11,
            "reinvestment_rate": null,
            "research_to_sale_ratio": 0.51,
            "price_fair": 389.55,
            "eps_avg_yearly": 11.13,
            "eps_latest_yearly": 8.16,
            "eps_growth_yearly": 25.25
        },
        "20114": {
            "year_quarter": 20114,
            "year": 2011,
            "quarter": 4,
            "eps": 1.28,
            "eps_growth_year": null,
            "eps_4q": 0.35,
            "eps_4q_growth_year": null,
            "roe": 4.18,
            "roe_4q": 1.18,
            "gross_profit": 803100,
            "gross_margin": 9.47,
            "gross_margin_4q_avg": 5.87,
            "net_income": 270773,
            "net_income_4q": null,
            "revenue": 8476499,
            "revenue_4q": null,
            "common_shares": 2257839,
            "book_valuer_per_share": 31.04,
            "book_valuer_per_share_4q_avg": 30.38,
            "equity": 6541858,
            "current_ratio": 229.54,
            "debt_ratio": 58.78,
            "inventory_turnover_ratio": 1.92,
            "account_receivable_turnover_ratio": 3.08,
            "reinvestment_rate": 1625.12,
            "research_to_sale_ratio": 0.67,
            "price_fair": 389.55,
            "eps_avg_yearly": 11.13,
            "eps_latest_yearly": 8.16,
            "eps_growth_yearly": 25.25
        },
        "20121": {
            "year_quarter": 20121,
            "year": 2012,
            "quarter": 1,
            "eps": 1.37,
            "eps_growth_year": 226.19,
            "eps_4q": 1.27,
            "eps_4q_growth_year": null,
            "roe": 4.35,
            "roe_4q": 4.12,
            "gross_profit": 677535,
            "gross_margin": 9.58,
            "gross_margin_4q_avg": 6.67,
            "net_income": 288959,
            "net_income_4q": null,
            "revenue": 7074495,
            "revenue_4q": null,
            "common_shares": 2257839,
            "book_valuer_per_share": 32.04,
            "book_valuer_per_share_4q_avg": 30.77,
            "equity": 6753222,
            "current_ratio": 235.68,
            "debt_ratio": 60.03,
            "inventory_turnover_ratio": 1.78,
            "account_receivable_turnover_ratio": 2.7,
            "reinvestment_rate": 127.91,
            "research_to_sale_ratio": 0.83,
            "price_fair": 350,
            "eps_avg_yearly": 10,
            "eps_latest_yearly": 5.48,
            "eps_growth_yearly": 25.83
        },
        "20122": {
            "year_quarter": 20122,
            "year": 2012,
            "quarter": 2,
            "eps": 0.78,
            "eps_growth_year": null,
            "eps_4q": 2.58,
            "eps_4q_growth_year": null,
            "roe": 2.43,
            "roe_4q": 8.18,
            "gross_profit": 488240,
            "gross_margin": 7.15,
            "gross_margin_4q_avg": 7.4,
            "net_income": 164785,
            "net_income_4q": null,
            "revenue": 6825012,
            "revenue_4q": null,
            "common_shares": 2257839,
            "book_valuer_per_share": 32.4,
            "book_valuer_per_share_4q_avg": 31.35,
            "equity": 6830429,
            "current_ratio": 194.08,
            "debt_ratio": 60.44,
            "inventory_turnover_ratio": 1.57,
            "account_receivable_turnover_ratio": 2.82,
            "reinvestment_rate": 99.06,
            "research_to_sale_ratio": 0.76,
            "price_fair": 26.56,
            "eps_avg_yearly": 8.85,
            "eps_latest_yearly": 3.12,
            "eps_growth_yearly": -7.19
        },
        "20123": {
            "year_quarter": 20123,
            "year": 2012,
            "quarter": 3,
            "eps": 0.17,
            "eps_growth_year": null,
            "eps_4q": 3.6,
            "eps_4q_growth_year": null,
            "roe": 0.51,
            "roe_4q": 11.469999999999999,
            "gross_profit": 424115,
            "gross_margin": 5.95,
            "gross_margin_4q_avg": 8.04,
            "net_income": 34897,
            "net_income_4q": null,
            "revenue": 7133070,
            "revenue_4q": null,
            "common_shares": 2257839,
            "book_valuer_per_share": 32.34,
            "book_valuer_per_share_4q_avg": 31.96,
            "equity": 6816202,
            "current_ratio": 148.34,
            "debt_ratio": 57.1,
            "inventory_turnover_ratio": 1.66,
            "account_receivable_turnover_ratio": 3.1,
            "reinvestment_rate": 72.57,
            "research_to_sale_ratio": 0.77,
            "price_fair": 23.06,
            "eps_avg_yearly": 7.69,
            "eps_latest_yearly": 0.68,
            "eps_growth_yearly": -50.85
        },
        "20124": {
            "year_quarter": 20124,
            "year": 2012,
            "quarter": 4,
            "eps": 0.72,
            "eps_growth_year": -44.14,
            "eps_4q": 3.04,
            "eps_4q_growth_year": 760.24,
            "roe": 2.2,
            "roe_4q": 9.49,
            "gross_profit": 798488,
            "gross_margin": 11.09,
            "gross_margin_4q_avg": 8.44,
            "net_income": 151265,
            "net_income_4q": null,
            "revenue": 7199633,
            "revenue_4q": null,
            "common_shares": 2257839,
            "book_valuer_per_share": 32.95,
            "book_valuer_per_share_4q_avg": 32.43,
            "equity": 6944613,
            "current_ratio": 167.95,
            "debt_ratio": 56.91,
            "inventory_turnover_ratio": 1.64,
            "account_receivable_turnover_ratio": 3.17,
            "reinvestment_rate": 65.98,
            "research_to_sale_ratio": 1.04,
            "price_fair": 247.98,
            "eps_avg_yearly": 7.09,
            "eps_latest_yearly": 2.88,
            "eps_growth_yearly": 117.27
        },
        "20131": {
            "year_quarter": 20131,
            "year": 2013,
            "quarter": 1,
            "eps": 3.2,
            "eps_growth_year": 133.58,
            "eps_4q": 4.86,
            "eps_4q_growth_year": 282.55,
            "roe": 9.1,
            "roe_4q": 14.24,
            "gross_profit": 1322687,
            "gross_margin": 17.29,
            "gross_margin_4q_avg": 10.37,
            "net_income": 673495,
            "net_income_4q": null,
            "revenue": 7648759,
            "revenue_4q": null,
            "common_shares": 2257839,
            "book_valuer_per_share": 37.23,
            "book_valuer_per_share_4q_avg": 33.73,
            "equity": 7849724,
            "current_ratio": 163.05,
            "debt_ratio": 60.1,
            "inventory_turnover_ratio": 1.32,
            "account_receivable_turnover_ratio": 3.44,
            "reinvestment_rate": 97.52,
            "research_to_sale_ratio": 1.06,
            "price_fair": 270.2,
            "eps_avg_yearly": 7.72,
            "eps_latest_yearly": 12.8,
            "eps_growth_yearly": 257.33
        },
        "20132": {
            "year_quarter": 20132,
            "year": 2013,
            "quarter": 2,
            "eps": 5.35,
            "eps_growth_year": 584.34,
            "eps_4q": 8.75,
            "eps_4q_growth_year": 239.95,
            "roe": 13.4,
            "roe_4q": 25.21,
            "gross_profit": 1727227,
            "gross_margin": 18.95,
            "gross_margin_4q_avg": 13.32,
            "net_income": 1128976,
            "net_income_4q": null,
            "revenue": 9115204,
            "revenue_4q": null,
            "common_shares": 2258824,
            "book_valuer_per_share": 40.1,
            "book_valuer_per_share_4q_avg": 35.66,
            "equity": 9002360,
            "current_ratio": 149.97,
            "debt_ratio": 59.94,
            "inventory_turnover_ratio": 1.22,
            "account_receivable_turnover_ratio": 3.7,
            "reinvestment_rate": 95.31,
            "research_to_sale_ratio": 0.66,
            "price_fair": 321.22,
            "eps_avg_yearly": 9.18,
            "eps_latest_yearly": 21.4,
            "eps_growth_yearly": 288.03
        },
        "20133": {
            "year_quarter": 20133,
            "year": 2013,
            "quarter": 3,
            "eps": 0.44,
            "eps_growth_year": 165.77,
            "eps_4q": 8.88,
            "eps_4q_growth_year": 146.53,
            "roe": 1.1,
            "roe_4q": 25.8,
            "gross_profit": 493937,
            "gross_margin": 5.97,
            "gross_margin_4q_avg": 13.33,
            "net_income": 99858,
            "net_income_4q": null,
            "revenue": 8275338,
            "revenue_4q": null,
            "common_shares": 2413421,
            "book_valuer_per_share": 40.52,
            "book_valuer_per_share_4q_avg": 37.7,
            "equity": 9206184,
            "current_ratio": 177.79,
            "debt_ratio": 55.79,
            "inventory_turnover_ratio": 1.38,
            "account_receivable_turnover_ratio": 2.77,
            "reinvestment_rate": 117.17,
            "research_to_sale_ratio": 0.56,
            "price_fair": 274.87,
            "eps_avg_yearly": 7.85,
            "eps_latest_yearly": 1.76,
            "eps_growth_yearly": 218.26
        },
        "20134": {
            "year_quarter": 20134,
            "year": 2013,
            "quarter": 4,
            "eps": 0.37,
            "eps_growth_year": -48.05,
            "eps_4q": 8.71,
            "eps_4q_growth_year": 186.78,
            "roe": 0.92,
            "roe_4q": 24.52,
            "gross_profit": 630194,
            "gross_margin": 7.43,
            "gross_margin_4q_avg": 12.41,
            "net_income": 85110,
            "net_income_4q": null,
            "revenue": 8480515,
            "revenue_4q": null,
            "common_shares": 2430282,
            "book_valuer_per_share": 41.18,
            "book_valuer_per_share_4q_avg": 39.76,
            "equity": 9391302,
            "current_ratio": 203.96,
            "debt_ratio": 50.87,
            "inventory_turnover_ratio": 1.76,
            "account_receivable_turnover_ratio": 3.06,
            "reinvestment_rate": 135.78,
            "research_to_sale_ratio": 0.92,
            "price_fair": 224.62,
            "eps_avg_yearly": 6.42,
            "eps_latest_yearly": 1.48,
            "eps_growth_yearly": 208.85
        },
        "20141": {
            "year_quarter": 20141,
            "year": 2014,
            "quarter": 1,
            "eps": 1.61,
            "eps_growth_year": -49.69,
            "eps_4q": 7.37,
            "eps_4q_growth_year": 51.8,
            "roe": 3.84,
            "roe_4q": 19.259999999999998,
            "gross_profit": 532629,
            "gross_margin": 7.36,
            "gross_margin_4q_avg": 9.93,
            "net_income": 367991,
            "net_income_4q": null,
            "revenue": 7232917,
            "revenue_4q": null,
            "common_shares": 2431582,
            "book_valuer_per_share": 42.87,
            "book_valuer_per_share_4q_avg": 41.17,
            "equity": 9781639,
            "current_ratio": 163.33,
            "debt_ratio": 47.11,
            "inventory_turnover_ratio": 1.66,
            "account_receivable_turnover_ratio": 3.18,
            "reinvestment_rate": 134.82,
            "research_to_sale_ratio": 0.82,
            "price_fair": 217.93,
            "eps_avg_yearly": 6.23,
            "eps_latest_yearly": 6.44,
            "eps_growth_yearly": 377.05
        },
        "20142": {
            "year_quarter": 20142,
            "year": 2014,
            "quarter": 2,
            "eps": 1.83,
            "eps_growth_year": -65.79,
            "eps_4q": 4.21,
            "eps_4q_growth_year": -51.89,
            "roe": 4.54,
            "roe_4q": 10.399999999999999,
            "gross_profit": 497287,
            "gross_margin": 6.57,
            "gross_margin_4q_avg": 6.83,
            "net_income": 417831,
            "net_income_4q": null,
            "revenue": 7565880,
            "revenue_4q": null,
            "common_shares": 2431582,
            "book_valuer_per_share": 37.87,
            "book_valuer_per_share_4q_avg": 40.61,
            "equity": 8643582,
            "current_ratio": 141.27,
            "debt_ratio": 62.81,
            "inventory_turnover_ratio": 1.48,
            "account_receivable_turnover_ratio": 3,
            "reinvestment_rate": 102.58,
            "research_to_sale_ratio": 0.93,
            "price_fair": 221.76,
            "eps_avg_yearly": 6.34,
            "eps_latest_yearly": 7.32,
            "eps_growth_yearly": 344.81
        },
        "20143": {
            "year_quarter": 20143,
            "year": 2014,
            "quarter": 3,
            "eps": 0.58,
            "eps_growth_year": 31.82,
            "eps_4q": 4.37,
            "eps_4q_growth_year": -50.79,
            "roe": 1.55,
            "roe_4q": 10.85,
            "gross_profit": 464208,
            "gross_margin": 6.24,
            "gross_margin_4q_avg": 6.9,
            "net_income": 134279,
            "net_income_4q": null,
            "revenue": 7433266,
            "revenue_4q": null,
            "common_shares": 2449734,
            "book_valuer_per_share": 37.86,
            "book_valuer_per_share_4q_avg": 39.95,
            "equity": 8706430,
            "current_ratio": 138.18,
            "debt_ratio": 63.74,
            "inventory_turnover_ratio": 1.19,
            "account_receivable_turnover_ratio": 2.78,
            "reinvestment_rate": 78.69,
            "research_to_sale_ratio": 0.84,
            "price_fair": 208.98,
            "eps_avg_yearly": 5.97,
            "eps_latest_yearly": 2.32,
            "eps_growth_yearly": 288.63
        },
        "20144": {
            "year_quarter": 20144,
            "year": 2014,
            "quarter": 4,
            "eps": -0.5,
            "eps_growth_year": -233.73,
            "eps_4q": 3.61,
            "eps_4q_growth_year": -58.58,
            "roe": -1.3,
            "roe_4q": 8.629999999999999,
            "gross_profit": 237293,
            "gross_margin": 3.46,
            "gross_margin_4q_avg": 5.91,
            "net_income": -111769,
            "net_income_4q": null,
            "revenue": 6852629,
            "revenue_4q": null,
            "common_shares": 2299734,
            "book_valuer_per_share": 37.98,
            "book_valuer_per_share_4q_avg": 39.15,
            "equity": 8516372,
            "current_ratio": 145.9,
            "debt_ratio": 59.81,
            "inventory_turnover_ratio": 1.29,
            "account_receivable_turnover_ratio": 2.75,
            "reinvestment_rate": 73.69,
            "research_to_sale_ratio": 1.11,
            "price_fair": 208.98,
            "eps_avg_yearly": 5.97,
            "eps_latest_yearly": 2.32,
            "eps_growth_yearly": 288.63
        },
        "20151": {
            "year_quarter": 20151,
            "year": 2015,
            "quarter": 1,
            "eps": 0.12,
            "eps_growth_year": -92.55,
            "eps_4q": 2.09,
            "eps_4q_growth_year": -71.71,
            "roe": 0.32,
            "roe_4q": 5.11,
            "gross_profit": 249540,
            "gross_margin": 4.57,
            "gross_margin_4q_avg": 5.21,
            "net_income": 27098,
            "net_income_4q": null,
            "revenue": 5456823,
            "revenue_4q": null,
            "common_shares": 2299734,
            "book_valuer_per_share": 38.05,
            "book_valuer_per_share_4q_avg": 37.94,
            "equity": 8533297,
            "current_ratio": 144.08,
            "debt_ratio": 59.49,
            "inventory_turnover_ratio": 1.35,
            "account_receivable_turnover_ratio": 2.52,
            "reinvestment_rate": 81.02,
            "research_to_sale_ratio": 1.16,
            "price_fair": 208.98,
            "eps_avg_yearly": 5.97,
            "eps_latest_yearly": 2.32,
            "eps_growth_yearly": 288.63
        },
        "20152": {
            "year_quarter": 20152,
            "year": 2015,
            "quarter": 2,
            "eps": -1.19,
            "eps_growth_year": -165.03,
            "eps_4q": -0.97,
            "eps_4q_growth_year": -123.08,
            "roe": -3.32,
            "roe_4q": -2.75,
            "gross_profit": 252986,
            "gross_margin": 5.42,
            "gross_margin_4q_avg": 4.92,
            "net_income": -266097,
            "net_income_4q": null,
            "revenue": 4663863,
            "revenue_4q": null,
            "common_shares": 2299734,
            "book_valuer_per_share": 33.74,
            "book_valuer_per_share_4q_avg": 36.91,
            "equity": 7512197,
            "current_ratio": 134.91,
            "debt_ratio": 60.83,
            "inventory_turnover_ratio": 1.43,
            "account_receivable_turnover_ratio": 2.4,
            "reinvestment_rate": 84.3,
            "research_to_sale_ratio": 1.36,
            "price_fair": 208.98,
            "eps_avg_yearly": 5.97,
            "eps_latest_yearly": 2.32,
            "eps_growth_yearly": 288.63
        },
        "20153": {
            "year_quarter": 20153,
            "year": 2015,
            "quarter": 3,
            "eps": 0.33,
            "eps_growth_year": -43.1,
            "eps_4q": -1.3,
            "eps_4q_growth_year": -129.82,
            "roe": 0.95,
            "roe_4q": -3.3500000000000005,
            "gross_profit": 387668,
            "gross_margin": 7.98,
            "gross_margin_4q_avg": 5.36,
            "net_income": 70976,
            "net_income_4q": null,
            "revenue": 4855622,
            "revenue_4q": null,
            "common_shares": 2299734,
            "book_valuer_per_share": 34.62,
            "book_valuer_per_share_4q_avg": 36.1,
            "equity": 7418948,
            "current_ratio": 127.01,
            "debt_ratio": 63.7,
            "inventory_turnover_ratio": 1.58,
            "account_receivable_turnover_ratio": 2.66,
            "reinvestment_rate": 91.24,
            "research_to_sale_ratio": 1.31,
            "price_fair": 208.98,
            "eps_avg_yearly": 5.97,
            "eps_latest_yearly": 2.32,
            "eps_growth_yearly": 288.63
        },
        "20154": {
            "year_quarter": 20154,
            "year": 2015,
            "quarter": 4,
            "eps": 0.57,
            "eps_growth_year": null,
            "eps_4q": -0.21,
            "eps_4q_growth_year": -105.82,
            "roe": 1.6,
            "roe_4q": -0.45,
            "gross_profit": 324684,
            "gross_margin": 6.22,
            "gross_margin_4q_avg": 6.05,
            "net_income": 119385,
            "net_income_4q": null,
            "revenue": 5218269,
            "revenue_4q": null,
            "common_shares": 2299734,
            "book_valuer_per_share": 34.85,
            "book_valuer_per_share_4q_avg": 35.32,
            "equity": 7469775,
            "current_ratio": 121.28,
            "debt_ratio": 63.75,
            "inventory_turnover_ratio": 1.6,
            "account_receivable_turnover_ratio": 2.87,
            "reinvestment_rate": 101.62,
            "research_to_sale_ratio": 1.56,
            "price_fair": 198.22,
            "eps_avg_yearly": 5.66,
            "eps_latest_yearly": 2.28,
            "eps_growth_yearly": 288.82
        },
        "20161": {
            "year_quarter": 20161,
            "year": 2016,
            "quarter": 1,
            "eps": 0.56,
            "eps_growth_year": 366.67,
            "eps_4q": 0.23,
            "eps_4q_growth_year": -89.2,
            "roe": 1.49,
            "roe_4q": 0.7200000000000002,
            "gross_profit": 348970,
            "gross_margin": 7.15,
            "gross_margin_4q_avg": 6.69,
            "net_income": 111923,
            "net_income_4q": null,
            "revenue": 4881476,
            "revenue_4q": null,
            "common_shares": 2299734,
            "book_valuer_per_share": 35.04,
            "book_valuer_per_share_4q_avg": 34.56,
            "equity": 7535514,
            "current_ratio": 118.67,
            "debt_ratio": 65.57,
            "inventory_turnover_ratio": 1.49,
            "account_receivable_turnover_ratio": 2.73,
            "reinvestment_rate": 118.02,
            "research_to_sale_ratio": 1.34,
            "price_fair": 188.77,
            "eps_avg_yearly": 5.39,
            "eps_latest_yearly": 2.24,
            "eps_growth_yearly": 285.89
        },
        "20162": {
            "year_quarter": 20162,
            "year": 2016,
            "quarter": 2,
            "eps": 0.41,
            "eps_growth_year": null,
            "eps_4q": 1.88,
            "eps_4q_growth_year": null,
            "roe": 1.14,
            "roe_4q": 5.180000000000001,
            "gross_profit": 367748,
            "gross_margin": 7.27,
            "gross_margin_4q_avg": 7.16,
            "net_income": 85832,
            "net_income_4q": null,
            "revenue": 5059962,
            "revenue_4q": null,
            "common_shares": 2299734,
            "book_valuer_per_share": 34.82,
            "book_valuer_per_share_4q_avg": 34.83,
            "equity": 7565073,
            "current_ratio": 119.26,
            "debt_ratio": 66.01,
            "inventory_turnover_ratio": 1.31,
            "account_receivable_turnover_ratio": 2.7,
            "reinvestment_rate": 114.7,
            "research_to_sale_ratio": 1.38,
            "price_fair": 184.45,
            "eps_avg_yearly": 5.27,
            "eps_latest_yearly": 1.64,
            "eps_growth_yearly": 291.32
        },
        "20163": {
            "year_quarter": 20163,
            "year": 2016,
            "quarter": 3,
            "eps": 1.65,
            "eps_growth_year": 400,
            "eps_4q": 3.19,
            "eps_4q_growth_year": null,
            "roe": 4.51,
            "roe_4q": 8.74,
            "gross_profit": 980019,
            "gross_margin": 16.69,
            "gross_margin_4q_avg": 9.33,
            "net_income": 346874,
            "net_income_4q": null,
            "revenue": 5871050,
            "revenue_4q": null,
            "common_shares": 2299734,
            "book_valuer_per_share": 35.83,
            "book_valuer_per_share_4q_avg": 35.14,
            "equity": 7822566,
            "current_ratio": 117.13,
            "debt_ratio": 66.57,
            "inventory_turnover_ratio": 1.08,
            "account_receivable_turnover_ratio": 2.46,
            "reinvestment_rate": 108.36,
            "research_to_sale_ratio": 1.6,
            "price_fair": 201.72,
            "eps_avg_yearly": 5.76,
            "eps_latest_yearly": 6.6,
            "eps_growth_yearly": 418.2
        },
        "20164": {
            "year_quarter": 20164,
            "year": 2016,
            "quarter": 4,
            "eps": 3.55,
            "eps_growth_year": 521.69,
            "eps_4q": 6.13,
            "eps_4q_growth_year": null,
            "roe": 9.11,
            "roe_4q": 16.25,
            "gross_profit": 1612050,
            "gross_margin": 21.71,
            "gross_margin_4q_avg": 13.21,
            "net_income": 764975,
            "net_income_4q": null,
            "revenue": 7425032,
            "revenue_4q": null,
            "common_shares": 2299734,
            "book_valuer_per_share": 39.93,
            "book_valuer_per_share_4q_avg": 36.41,
            "equity": 8962902,
            "current_ratio": 116.11,
            "debt_ratio": 63.8,
            "inventory_turnover_ratio": 1.17,
            "account_receivable_turnover_ratio": 2.49,
            "reinvestment_rate": 108.82,
            "research_to_sale_ratio": 1.26,
            "price_fair": 234.73,
            "eps_avg_yearly": 6.71,
            "eps_latest_yearly": 14.2,
            "eps_growth_yearly": 348.74
        },
        "20171": {
            "year_quarter": 20171,
            "year": 2017,
            "quarter": 1,
            "eps": 3.62,
            "eps_growth_year": 546.43,
            "eps_4q": 9.19,
            "eps_4q_growth_year": 3984.29,
            "roe": 8.38,
            "roe_4q": 23.14,
            "gross_profit": 1461143,
            "gross_margin": 18.19,
            "gross_margin_4q_avg": 15.97,
            "net_income": 777854,
            "net_income_4q": null,
            "revenue": 8034156,
            "revenue_4q": null,
            "common_shares": 2299734,
            "book_valuer_per_share": 42.93,
            "book_valuer_per_share_4q_avg": 38.38,
            "equity": 9599995,
            "current_ratio": 116.96,
            "debt_ratio": 61.67,
            "inventory_turnover_ratio": 1.24,
            "account_receivable_turnover_ratio": 2.33,
            "reinvestment_rate": 92.02,
            "research_to_sale_ratio": 1.04,
            "price_fair": 239.63,
            "eps_avg_yearly": 6.85,
            "eps_latest_yearly": 14.48,
            "eps_growth_yearly": 234.58
        },
        "20172": {
            "year_quarter": 20172,
            "year": 2017,
            "quarter": 2,
            "eps": 1.42,
            "eps_growth_year": 246.34,
            "eps_4q": 10.21,
            "eps_4q_growth_year": 443.25,
            "roe": 3.33,
            "roe_4q": 25.33,
            "gross_profit": 857629,
            "gross_margin": 11.27,
            "gross_margin_4q_avg": 16.97,
            "net_income": 309868,
            "net_income_4q": null,
            "revenue": 7609939,
            "revenue_4q": null,
            "common_shares": 2299734,
            "book_valuer_per_share": 40.22,
            "book_valuer_per_share_4q_avg": 39.73,
            "equity": 9010643,
            "current_ratio": 130.29,
            "debt_ratio": 64.84,
            "inventory_turnover_ratio": 1.3,
            "account_receivable_turnover_ratio": 1.9,
            "reinvestment_rate": 97.24,
            "research_to_sale_ratio": 1.07,
            "price_fair": 193.78,
            "eps_avg_yearly": 5.54,
            "eps_latest_yearly": 5.68,
            "eps_growth_yearly": 191.93
        },
        "20173": {
            "year_quarter": 20173,
            "year": 2017,
            "quarter": 3,
            "eps": 3.45,
            "eps_growth_year": 109.09,
            "eps_4q": 12.33,
            "eps_4q_growth_year": 286.09,
            "roe": 8.01,
            "roe_4q": 28.83,
            "gross_profit": 1054395,
            "gross_margin": 12.66,
            "gross_margin_4q_avg": 15.96,
            "net_income": 728040,
            "net_income_4q": null,
            "revenue": 8327127,
            "revenue_4q": null,
            "common_shares": 2299734,
            "book_valuer_per_share": 42.2,
            "book_valuer_per_share_4q_avg": 41.32,
            "equity": 9175017,
            "current_ratio": 142.1,
            "debt_ratio": 66.1,
            "inventory_turnover_ratio": 1.37,
            "account_receivable_turnover_ratio": 1.97,
            "reinvestment_rate": 93.31,
            "research_to_sale_ratio": 1.51,
            "price_fair": 228.9,
            "eps_avg_yearly": 6.54,
            "eps_latest_yearly": 13.8,
            "eps_growth_yearly": 270.17
        },
        "20174": {
            "year_quarter": 20174,
            "year": 2017,
            "quarter": 4,
            "eps": 0.07,
            "eps_growth_year": -98.06,
            "eps_4q": 8.52,
            "eps_4q_growth_year": 39.04,
            "roe": 0.21,
            "roe_4q": 19.93,
            "gross_profit": 1105852,
            "gross_margin": 13.36,
            "gross_margin_4q_avg": 13.87,
            "net_income": 19840,
            "net_income_4q": null,
            "revenue": 8279129,
            "revenue_4q": null,
            "common_shares": 2241724,
            "book_valuer_per_share": 42.46,
            "book_valuer_per_share_4q_avg": 41.95,
            "equity": 9473161,
            "current_ratio": 147.27,
            "debt_ratio": 65.24,
            "inventory_turnover_ratio": 1.15,
            "account_receivable_turnover_ratio": 2.14,
            "reinvestment_rate": 85.79,
            "research_to_sale_ratio": 1.09,
            "price_fair": 225.4,
            "eps_avg_yearly": 6.44,
            "eps_latest_yearly": 0.28,
            "eps_growth_yearly": 242.82
        },
        "20181": {
            "year_quarter": 20181,
            "year": 2018,
            "quarter": 1,
            "eps": 0.27,
            "eps_growth_year": -92.54,
            "eps_4q": 5.19,
            "eps_4q_growth_year": -43.58,
            "roe": 0.53,
            "roe_4q": 12.08,
            "gross_profit": 545228,
            "gross_margin": 6.85,
            "gross_margin_4q_avg": 11.04,
            "net_income": 50890,
            "net_income_4q": null,
            "revenue": 7960893,
            "revenue_4q": null,
            "common_shares": 2241724,
            "book_valuer_per_share": 43.05,
            "book_valuer_per_share_4q_avg": 41.98,
            "equity": 9588968,
            "current_ratio": 143.02,
            "debt_ratio": 65.87,
            "inventory_turnover_ratio": 1.11,
            "account_receivable_turnover_ratio": 2.05,
            "reinvestment_rate": 77.7,
            "research_to_sale_ratio": 1.41,
            "price_fair": 209.77,
            "eps_avg_yearly": 5.99,
            "eps_latest_yearly": 1.08,
            "eps_growth_yearly": 226.35
        },
        "20182": {
            "year_quarter": 20182,
            "year": 2018,
            "quarter": 2,
            "eps": 0.52,
            "eps_growth_year": -63.38,
            "eps_4q": 4.29,
            "eps_4q_growth_year": -58.03,
            "roe": 1.09,
            "roe_4q": 9.84,
            "gross_profit": 417187,
            "gross_margin": 5.27,
            "gross_margin_4q_avg": 9.54,
            "net_income": 96015,
            "net_income_4q": null,
            "revenue": 7920383,
            "revenue_4q": null,
            "common_shares": 2241724,
            "book_valuer_per_share": 36.41,
            "book_valuer_per_share_4q_avg": 41.03,
            "equity": 8106454,
            "current_ratio": 118.5,
            "debt_ratio": 69.67,
            "inventory_turnover_ratio": 1.21,
            "account_receivable_turnover_ratio": 2.03,
            "reinvestment_rate": 75.25,
            "research_to_sale_ratio": 1.18,
            "price_fair": 194.48,
            "eps_avg_yearly": 5.56,
            "eps_latest_yearly": 2.08,
            "eps_growth_yearly": 252.65
        },
        "20183": {
            "year_quarter": 20183,
            "year": 2018,
            "quarter": 3,
            "eps": 0.2,
            "eps_growth_year": -94.2,
            "eps_4q": 1.06,
            "eps_4q_growth_year": -91.38,
            "roe": 0.46,
            "roe_4q": 2.29,
            "gross_profit": 584368,
            "gross_margin": 6.68,
            "gross_margin_4q_avg": 8.04,
            "net_income": 37152,
            "net_income_4q": null,
            "revenue": 8752935,
            "revenue_4q": null,
            "common_shares": 2241254,
            "book_valuer_per_share": 35.74,
            "book_valuer_per_share_4q_avg": 39.42,
            "equity": 7963312,
            "current_ratio": 131.37,
            "debt_ratio": 68.85,
            "inventory_turnover_ratio": 1.52,
            "account_receivable_turnover_ratio": 2.39,
            "reinvestment_rate": 79.3,
            "research_to_sale_ratio": 0.8,
            "price_fair": 190.05,
            "eps_avg_yearly": 5.43,
            "eps_latest_yearly": 0.8,
            "eps_growth_yearly": 254.91
        },
        "20184": {
            "year_quarter": 20184,
            "year": 2018,
            "quarter": 4,
            "eps": -1.81,
            "eps_growth_year": -2732.24,
            "eps_4q": -0.82,
            "eps_4q_growth_year": -109.62,
            "roe": -5.35,
            "roe_4q": -3.2699999999999996,
            "gross_profit": 356542,
            "gross_margin": 5.23,
            "gross_margin_4q_avg": 6.01,
            "net_income": -413901,
            "net_income_4q": null,
            "revenue": 6823166,
            "revenue_4q": null,
            "common_shares": 2197254,
            "book_valuer_per_share": 33.8,
            "book_valuer_per_share_4q_avg": 37.25,
            "equity": 7509510,
            "current_ratio": 76.66,
            "debt_ratio": 66.34,
            "inventory_turnover_ratio": 1.64,
            "account_receivable_turnover_ratio": 2.1,
            "reinvestment_rate": 89.81,
            "research_to_sale_ratio": 1.43,
            "price_fair": 190.05,
            "eps_avg_yearly": 5.43,
            "eps_latest_yearly": 0.8,
            "eps_growth_yearly": 254.91
        },
        "20191": {
            "year_quarter": 20191,
            "year": 2019,
            "quarter": 1,
            "eps": 0.72,
            "eps_growth_year": 166.67,
            "eps_4q": -0.37,
            "eps_4q_growth_year": -107.09,
            "roe": 1.99,
            "roe_4q": -1.8099999999999994,
            "gross_profit": 692125,
            "gross_margin": 10.8,
            "gross_margin_4q_avg": 7,
            "net_income": 152380,
            "net_income_4q": null,
            "revenue": 6406269,
            "revenue_4q": null,
            "common_shares": 2197254,
            "book_valuer_per_share": 35.29,
            "book_valuer_per_share_4q_avg": 35.31,
            "equity": 7829868,
            "current_ratio": 134.68,
            "debt_ratio": 66.54,
            "inventory_turnover_ratio": 1.99,
            "account_receivable_turnover_ratio": 2.22,
            "reinvestment_rate": 70.76,
            "research_to_sale_ratio": 1.04,
            "price_fair": 190.05,
            "eps_avg_yearly": 5.43,
            "eps_latest_yearly": 0.8,
            "eps_growth_yearly": 254.91
        },
        "20192": {
            "year_quarter": 20192,
            "year": 2019,
            "quarter": 2,
            "eps": 0.53,
            "eps_growth_year": 1.92,
            "eps_4q": -0.36,
            "eps_4q_growth_year": -108.36,
            "roe": 1.4,
            "roe_4q": -1.5,
            "gross_profit": 473052,
            "gross_margin": 8.49,
            "gross_margin_4q_avg": 7.8,
            "net_income": 110034,
            "net_income_4q": null,
            "revenue": 5573645,
            "revenue_4q": null,
            "common_shares": 2197254,
            "book_valuer_per_share": 35.4,
            "book_valuer_per_share_4q_avg": 35.06,
            "equity": 7858062,
            "current_ratio": 149.01,
            "debt_ratio": 67.59,
            "inventory_turnover_ratio": 1.96,
            "account_receivable_turnover_ratio": 1.94,
            "reinvestment_rate": 68.32,
            "research_to_sale_ratio": 1.5,
            "price_fair": 181.14,
            "eps_avg_yearly": 5.18,
            "eps_latest_yearly": 2.12,
            "eps_growth_yearly": 227.18
        },
        "20193": {
            "year_quarter": 20193,
            "year": 2019,
            "quarter": 3,
            "eps": 1.94,
            "eps_growth_year": 870,
            "eps_4q": 1.38,
            "eps_4q_growth_year": 29.53,
            "roe": 5.34,
            "roe_4q": 3.380000000000001,
            "gross_profit": 1053077,
            "gross_margin": 16.22,
            "gross_margin_4q_avg": 10.19,
            "net_income": 422880,
            "net_income_4q": null,
            "revenue": 6492848,
            "revenue_4q": null,
            "common_shares": 2197254,
            "book_valuer_per_share": 35.96,
            "book_valuer_per_share_4q_avg": 35.11,
            "equity": 7969124,
            "current_ratio": 125.31,
            "debt_ratio": 69.92,
            "inventory_turnover_ratio": 1.32,
            "account_receivable_turnover_ratio": 2.18,
            "reinvestment_rate": 47.59,
            "research_to_sale_ratio": 1.2,
            "price_fair": 187.6,
            "eps_avg_yearly": 5.36,
            "eps_latest_yearly": 7.76,
            "eps_growth_yearly": 286.97
        },
        "20194": {
            "year_quarter": 20194,
            "year": 2019,
            "quarter": 4,
            "eps": -1.13,
            "eps_growth_year": null,
            "eps_4q": 2,
            "eps_4q_growth_year": null,
            "roe": -3.08,
            "roe_4q": 5.6499999999999995,
            "gross_profit": 607838,
            "gross_margin": 8.53,
            "gross_margin_4q_avg": 11.01,
            "net_income": -243525,
            "net_income_4q": null,
            "revenue": 7124091,
            "revenue_4q": null,
            "common_shares": 2237943,
            "book_valuer_per_share": 34.82,
            "book_valuer_per_share_4q_avg": 35.37,
            "equity": 7868213,
            "current_ratio": 158.36,
            "debt_ratio": 67.84,
            "inventory_turnover_ratio": 1.21,
            "account_receivable_turnover_ratio": 2.32,
            "reinvestment_rate": 42.11,
            "research_to_sale_ratio": 1.32,
            "price_fair": 195.89,
            "eps_avg_yearly": 5.6,
            "eps_latest_yearly": 7.76,
            "eps_growth_yearly": 286.66
        },
        "20201": {
            "year_quarter": 20201,
            "year": 2020,
            "quarter": 1,
            "eps": 2.06,
            "eps_growth_year": 186.11,
            "eps_4q": 3.34,
            "eps_4q_growth_year": null,
            "roe": 5.56,
            "roe_4q": 9.219999999999999,
            "gross_profit": 1707171,
            "gross_margin": 23.76,
            "gross_margin_4q_avg": 14.25,
            "net_income": 447176,
            "net_income_4q": null,
            "revenue": 7184435,
            "revenue_4q": null,
            "common_shares": 2275184,
            "book_valuer_per_share": 36.17,
            "book_valuer_per_share_4q_avg": 35.59,
            "equity": 8230729,
            "current_ratio": 149.04,
            "debt_ratio": 69.68,
            "inventory_turnover_ratio": 0.85,
            "account_receivable_turnover_ratio": 2.34,
            "reinvestment_rate": 28.92,
            "research_to_sale_ratio": 1.27,
            "price_fair": 205.68,
            "eps_avg_yearly": 5.88,
            "eps_latest_yearly": 7.76,
            "eps_growth_yearly": 311.14
        },
        "20202": {
            "year_quarter": 20202,
            "year": 2020,
            "quarter": 2,
            "eps": 1.2,
            "eps_growth_year": 126.42,
            "eps_4q": 4.1,
            "eps_4q_growth_year": null,
            "roe": 3.42,
            "roe_4q": 11.24,
            "gross_profit": 1058863,
            "gross_margin": 14.17,
            "gross_margin_4q_avg": 15.67,
            "net_income": 281425,
            "net_income_4q": null,
            "revenue": 7471226,
            "revenue_4q": null,
            "common_shares": 2275529,
            "book_valuer_per_share": 34.59,
            "book_valuer_per_share_4q_avg": 35.39,
            "equity": 8234356,
            "current_ratio": 158.18,
            "debt_ratio": 66.79,
            "inventory_turnover_ratio": 0.95,
            "account_receivable_turnover_ratio": 2.29,
            "reinvestment_rate": 32.83,
            "research_to_sale_ratio": 1.18,
            "price_fair": 214.9,
            "eps_avg_yearly": 6.14,
            "eps_latest_yearly": 4.8,
            "eps_growth_yearly": 306.15
        },
        "20203": {
            "year_quarter": 20203,
            "year": 2020,
            "quarter": 3,
            "eps": 1.37,
            "eps_growth_year": -29.38,
            "eps_4q": 3.54,
            "eps_4q_growth_year": 157.57,
            "roe": 3.71,
            "roe_4q": 9.61,
            "gross_profit": 909354,
            "gross_margin": 10.51,
            "gross_margin_4q_avg": 14.24,
            "net_income": 312581,
            "net_income_4q": null,
            "revenue": 8654938,
            "revenue_4q": null,
            "common_shares": 2275529,
            "book_valuer_per_share": 36.31,
            "book_valuer_per_share_4q_avg": 35.47,
            "equity": 8609383,
            "current_ratio": 144.85,
            "debt_ratio": 67.54,
            "inventory_turnover_ratio": 1.37,
            "account_receivable_turnover_ratio": 2.29,
            "reinvestment_rate": 19.77,
            "research_to_sale_ratio": 1.17,
            "price_fair": 211.63,
            "eps_avg_yearly": 6.05,
            "eps_latest_yearly": 5.48,
            "eps_growth_yearly": 210.06
        },
        "20204": {
            "year_quarter": 20204,
            "year": 2020,
            "quarter": 4,
            "eps": 1.36,
            "eps_growth_year": null,
            "eps_4q": 5.84,
            "eps_4q_growth_year": 191.1,
            "roe": 3.48,
            "roe_4q": 16.169999999999998,
            "gross_profit": 1102852,
            "gross_margin": 12.44,
            "gross_margin_4q_avg": 15.22,
            "net_income": 317263,
            "net_income_4q": null,
            "revenue": 8864040,
            "revenue_4q": null,
            "common_shares": 2363736,
            "book_valuer_per_share": 39,
            "book_valuer_per_share_4q_avg": 36.52,
            "equity": 9619637,
            "current_ratio": 138.55,
            "debt_ratio": 65.8,
            "inventory_turnover_ratio": 1.23,
            "account_receivable_turnover_ratio": 2.25,
            "reinvestment_rate": -16.56,
            "research_to_sale_ratio": 1.39,
            "price_fair": 186.08,
            "eps_avg_yearly": 5.32,
            "eps_latest_yearly": 5.44,
            "eps_growth_yearly": 171.43
        },
        "20211": {
            "year_quarter": 20211,
            "year": 2021,
            "quarter": 1,
            "eps": 2.94,
            "eps_growth_year": 42.72,
            "eps_4q": 6.45,
            "eps_4q_growth_year": 93.24,
            "roe": 6.94,
            "roe_4q": 17.549999999999997,
            "gross_profit": 1734941,
            "gross_margin": 19.07,
            "gross_margin_4q_avg": 14.05,
            "net_income": 707208,
            "net_income_4q": null,
            "revenue": 9095815,
            "revenue_4q": null,
            "common_shares": 2487492,
            "book_valuer_per_share": 41.51,
            "book_valuer_per_share_4q_avg": 37.85,
            "equity": 10752289,
            "current_ratio": 154.2,
            "debt_ratio": 66.22,
            "inventory_turnover_ratio": 0.86,
            "account_receivable_turnover_ratio": 2.12,
            "reinvestment_rate": -22.81,
            "research_to_sale_ratio": 1.69,
            "price_fair": 178.15,
            "eps_avg_yearly": 5.09,
            "eps_latest_yearly": 11.76,
            "eps_growth_yearly": 209.5
        },
        "20212": {
            "year_quarter": 20212,
            "year": 2021,
            "quarter": 2,
            "eps": 6.05,
            "eps_growth_year": 404.17,
            "eps_4q": 11.06,
            "eps_4q_growth_year": 169.62,
            "roe": 13.16,
            "roe_4q": 27.290000000000003,
            "gross_profit": 1935320,
            "gross_margin": 18.2,
            "gross_margin_4q_avg": 15.06,
            "net_income": 1553248,
            "net_income_4q": null,
            "revenue": 10631613,
            "revenue_4q": null,
            "common_shares": 2573508,
            "book_valuer_per_share": 48.11,
            "book_valuer_per_share_4q_avg": 41.23,
            "equity": 12862008,
            "current_ratio": 154.34,
            "debt_ratio": 63.09,
            "inventory_turnover_ratio": 0.8,
            "account_receivable_turnover_ratio": 2.06,
            "reinvestment_rate": -18.81,
            "research_to_sale_ratio": 1.62,
            "price_fair": 232.17,
            "eps_avg_yearly": 6.63,
            "eps_latest_yearly": 24.2,
            "eps_growth_yearly": 265.02
        },
        "20213": {
            "year_quarter": 20213,
            "year": 2021,
            "quarter": 3,
            "eps": 0.14,
            "eps_growth_year": -89.78,
            "eps_4q": 9.8,
            "eps_4q_growth_year": 176.45,
            "roe": -0.03,
            "roe_4q": 23.55,
            "gross_profit": 1016634,
            "gross_margin": 10.5,
            "gross_margin_4q_avg": 15.05,
            "net_income": -3628,
            "net_income_4q": null,
            "revenue": 9684155,
            "revenue_4q": null,
            "common_shares": 2611072,
            "book_valuer_per_share": 45.78,
            "book_valuer_per_share_4q_avg": 43.6,
            "equity": 12442064,
            "current_ratio": 138.3,
            "debt_ratio": 63.65,
            "inventory_turnover_ratio": 0.79,
            "account_receivable_turnover_ratio": 1.83,
            "reinvestment_rate": -32.98,
            "research_to_sale_ratio": 0.65,
            "price_fair": 193.55,
            "eps_avg_yearly": 5.53,
            "eps_latest_yearly": 0.56,
            "eps_growth_yearly": 184.8
        },
        "20214": {
            "year_quarter": 20214,
            "year": 2021,
            "quarter": 4,
            "eps": 0.21,
            "eps_growth_year": -84.84,
            "eps_4q": 8.7,
            "eps_4q_growth_year": 49.03,
            "roe": 0.81,
            "roe_4q": 20.88,
            "gross_profit": 1084293,
            "gross_margin": 10.65,
            "gross_margin_4q_avg": 14.61,
            "net_income": 101546,
            "net_income_4q": null,
            "revenue": 10182181,
            "revenue_4q": null,
            "common_shares": 2636713,
            "book_valuer_per_share": 46.12,
            "book_valuer_per_share_4q_avg": 45.38,
            "equity": 12661809,
            "current_ratio": 145.07,
            "debt_ratio": 61.39,
            "inventory_turnover_ratio": 0.93,
            "account_receivable_turnover_ratio": 1.98,
            "reinvestment_rate": -23.04,
            "research_to_sale_ratio": 1.25,
            "price_fair": 195.18,
            "eps_avg_yearly": 5.58,
            "eps_latest_yearly": 0.84,
            "eps_growth_yearly": 234.13
        },
        "20221": {
            "year_quarter": 20221,
            "year": 2022,
            "quarter": 1,
            "eps": 1.82,
            "eps_growth_year": -38.1,
            "eps_4q": 7.78,
            "eps_4q_growth_year": 20.55,
            "roe": 3.73,
            "roe_4q": 17.67,
            "gross_profit": 1518408,
            "gross_margin": 15.5,
            "gross_margin_4q_avg": 13.71,
            "net_income": 494694,
            "net_income_4q": null,
            "revenue": 9794717,
            "revenue_4q": null,
            "common_shares": 2667607,
            "book_valuer_per_share": 49.7,
            "book_valuer_per_share_4q_avg": 47.43,
            "equity": 13876983,
            "current_ratio": 149.11,
            "debt_ratio": 63.38,
            "inventory_turnover_ratio": 0.83,
            "account_receivable_turnover_ratio": 1.87,
            "reinvestment_rate": 91.32,
            "research_to_sale_ratio": 1.62,
            "price_fair": 213.27,
            "eps_avg_yearly": 6.09,
            "eps_latest_yearly": 7.28,
            "eps_growth_yearly": 394.44
        },
        "20222": {
            "year_quarter": 20222,
            "year": 2022,
            "quarter": 2,
            "eps": 0.14,
            "eps_growth_year": -97.69,
            "eps_4q": 2.28,
            "eps_4q_growth_year": -79.41,
            "roe": 0.11,
            "roe_4q": 4.62,
            "gross_profit": 944458,
            "gross_margin": 10.8,
            "gross_margin_4q_avg": 11.86,
            "net_income": 14386,
            "net_income_4q": null,
            "revenue": 8748635,
            "revenue_4q": null,
            "common_shares": 2667959,
            "book_valuer_per_share": 43.53,
            "book_valuer_per_share_4q_avg": 46.28,
            "equity": 12220746,
            "current_ratio": 131.12,
            "debt_ratio": 65.92,
            "inventory_turnover_ratio": 0.78,
            "account_receivable_turnover_ratio": 1.72,
            "reinvestment_rate": 106.5,
            "research_to_sale_ratio": 1.46,
            "price_fair": 208.83,
            "eps_avg_yearly": 5.97,
            "eps_latest_yearly": 0.56,
            "eps_growth_yearly": 332.81
        },
        "20223": {
            "year_quarter": 20223,
            "year": 2022,
            "quarter": 3,
            "eps": 0.55,
            "eps_growth_year": 292.86,
            "eps_4q": 2.68,
            "eps_4q_growth_year": -72.65,
            "roe": 1.38,
            "roe_4q": 6.029999999999999,
            "gross_profit": 1099006,
            "gross_margin": 12.32,
            "gross_margin_4q_avg": 12.32,
            "net_income": 171831,
            "net_income_4q": null,
            "revenue": 8920568,
            "revenue_4q": null,
            "common_shares": 2674454,
            "book_valuer_per_share": 44.52,
            "book_valuer_per_share_4q_avg": 45.97,
            "equity": 12666275,
            "current_ratio": 165.64,
            "debt_ratio": 63.91,
            "inventory_turnover_ratio": 0.99,
            "account_receivable_turnover_ratio": 1.72,
            "reinvestment_rate": 109.85,
            "research_to_sale_ratio": 1.85,
            "price_fair": 212.92,
            "eps_avg_yearly": 6.08,
            "eps_latest_yearly": 2.2,
            "eps_growth_yearly": 450.94
        },
        "20224": {
            "year_quarter": 20224,
            "year": 2022,
            "quarter": 4,
            "eps": 0.68,
            "eps_growth_year": 230.64,
            "eps_4q": 3.16,
            "eps_4q_growth_year": -63.69,
            "roe": 1.62,
            "roe_4q": 6.84,
            "gross_profit": 828074,
            "gross_margin": 11.1,
            "gross_margin_4q_avg": 12.43,
            "net_income": 204676,
            "net_income_4q": null,
            "revenue": 7463021,
            "revenue_4q": null,
            "common_shares": 2674264,
            "book_valuer_per_share": 44.7,
            "book_valuer_per_share_4q_avg": 45.61,
            "equity": 12627847,
            "current_ratio": 175.93,
            "debt_ratio": 64.85,
            "inventory_turnover_ratio": 1.02,
            "account_receivable_turnover_ratio": 1.52,
            "reinvestment_rate": 111.18,
            "research_to_sale_ratio": 2,
            "price_fair": 203.86,
            "eps_avg_yearly": 5.82,
            "eps_latest_yearly": 2.72,
            "eps_growth_yearly": 423.53
        },
        "20231": {
            "year_quarter": 20231,
            "year": 2023,
            "quarter": 1,
            "eps": 0.09,
            "eps_growth_year": -95.05,
            "eps_4q": 1.46,
            "eps_4q_growth_year": -81.26,
            "roe": 0.46,
            "roe_4q": 3.57,
            "gross_profit": 831340,
            "gross_margin": 11.53,
            "gross_margin_4q_avg": 11.44,
            "net_income": 56906,
            "net_income_4q": null,
            "revenue": 7210599,
            "revenue_4q": null,
            "common_shares": 2674264,
            "book_valuer_per_share": 42.97,
            "book_valuer_per_share_4q_avg": 43.93,
            "equity": 12212358,
            "current_ratio": 148.58,
            "debt_ratio": 64.18,
            "inventory_turnover_ratio": 0.94,
            "account_receivable_turnover_ratio": 1.77,
            "reinvestment_rate": 124.68,
            "research_to_sale_ratio": 1.36,
            "price_fair": 190.2,
            "eps_avg_yearly": 5.43,
            "eps_latest_yearly": 0.36,
            "eps_growth_yearly": 368.49
        },
        "20232": {
            "year_quarter": 20232,
            "year": 2023,
            "quarter": 2,
            "eps": 1.02,
            "eps_growth_year": 628.57,
            "eps_4q": 2.33,
            "eps_4q_growth_year": 2.41,
            "roe": 2.3,
            "roe_4q": 5.76,
            "gross_profit": 1058462,
            "gross_margin": 15.46,
            "gross_margin_4q_avg": 12.6,
            "net_income": 283896,
            "net_income_4q": null,
            "revenue": 6848055,
            "revenue_4q": null,
            "common_shares": 2674264,
            "book_valuer_per_share": 43.6,
            "book_valuer_per_share_4q_avg": 43.95,
            "equity": 12428590,
            "current_ratio": 139.18,
            "debt_ratio": 67.92,
            "inventory_turnover_ratio": 0.62,
            "account_receivable_turnover_ratio": 1.76,
            "reinvestment_rate": 112.74,
            "research_to_sale_ratio": 2.1,
            "price_fair": 195.1,
            "eps_avg_yearly": 5.57,
            "eps_latest_yearly": 4.08,
            "eps_growth_yearly": 671.26
        },
        "20233": {
            "year_quarter": 20233,
            "year": 2023,
            "quarter": 3,
            "eps": 1.57,
            "eps_growth_year": 185.45,
            "eps_4q": 3.02,
            "eps_4q_growth_year": 12.79,
            "roe": 3.1,
            "roe_4q": 7.48,
            "gross_profit": 1592306,
            "gross_margin": 18.51,
            "gross_margin_4q_avg": 14.15,
            "net_income": 425736,
            "net_income_4q": null,
            "revenue": 8603259,
            "revenue_4q": null,
            "common_shares": 2934654,
            "book_valuer_per_share": 47.95,
            "book_valuer_per_share_4q_avg": 44.81,
            "equity": 15023807,
            "current_ratio": 151.08,
            "debt_ratio": 66.45,
            "inventory_turnover_ratio": 0.54,
            "account_receivable_turnover_ratio": 1.89,
            "reinvestment_rate": 124.88,
            "research_to_sale_ratio": 2.22,
            "price_fair": 191.4,
            "eps_avg_yearly": 5.47,
            "eps_latest_yearly": 6.28,
            "eps_growth_yearly": 610.66
        },
        "20234": {
            "year_quarter": 20234,
            "year": 2023,
            "quarter": 4,
            "eps": 2.39,
            "eps_growth_year": 249.47,
            "eps_4q": 4.77,
            "eps_4q_growth_year": 51.19,
            "roe": 4.76,
            "roe_4q": 10.620000000000001,
            "gross_profit": 2175827,
            "gross_margin": 19.74,
            "gross_margin_4q_avg": 16.31,
            "net_income": 727737,
            "net_income_4q": null,
            "revenue": 11022869,
            "revenue_4q": null,
            "common_shares": 2959654,
            "book_valuer_per_share": 49.28,
            "book_valuer_per_share_4q_avg": 45.95,
            "equity": 15554862,
            "current_ratio": 144.43,
            "debt_ratio": 65.16,
            "inventory_turnover_ratio": 0.6,
            "account_receivable_turnover_ratio": 2.3,
            "reinvestment_rate": 108.32,
            "research_to_sale_ratio": 1.52,
            "price_fair": 200.95,
            "eps_avg_yearly": 5.74,
            "eps_latest_yearly": 9.56,
            "eps_growth_yearly": 583.88
        }
    },
    "months": {
        "2003-12": {
            "month": "2003-12",
            "price": "187.62",
            "revenue": 1518765
        },
        "2004-01": {
            "month": "2004-01",
            "price": "189.75",
            "revenue": 1758963
        },
        "2004-02": {
            "month": "2004-02",
            "price": "208.50",
            "revenue": 1563319
        },
        "2004-03": {
            "month": "2004-03",
            "price": "219.05",
            "revenue": 2035621
        },
        "2004-04": {
            "month": "2004-04",
            "price": "247.14",
            "revenue": 1547085
        },
        "2004-05": {
            "month": "2004-05",
            "price": "249.13",
            "revenue": 1581160
        },
        "2004-06": {
            "month": "2004-06",
            "price": "238.67",
            "revenue": 1826404
        },
        "2004-07": {
            "month": "2004-07",
            "price": "150.58",
            "revenue": 2075985
        },
        "2004-08": {
            "month": "2004-08",
            "price": "116.83",
            "revenue": 2280128
        },
        "2004-09": {
            "month": "2004-09",
            "price": "105.36",
            "revenue": 2588961
        },
        "2004-10": {
            "month": "2004-10",
            "price": "87.30",
            "revenue": 2751651
        },
        "2004-11": {
            "month": "2004-11",
            "price": "72.93",
            "revenue": 2871560
        },
        "2004-12": {
            "month": "2004-12",
            "price": "75.65",
            "revenue": 3291025
        },
        "2005-01": {
            "month": "2005-01",
            "price": "79.88",
            "revenue": 3832341
        },
        "2005-02": {
            "month": "2005-02",
            "price": "101.15",
            "revenue": 1968498
        },
        "2005-03": {
            "month": "2005-03",
            "price": "132.15",
            "revenue": 2611334
        },
        "2005-04": {
            "month": "2005-04",
            "price": "127.28",
            "revenue": 2768899
        },
        "2005-05": {
            "month": "2005-05",
            "price": "116.90",
            "revenue": 2241440
        },
        "2005-06": {
            "month": "2005-06",
            "price": "122.77",
            "revenue": 2079045
        },
        "2005-07": {
            "month": "2005-07",
            "price": "133.10",
            "revenue": 2614052
        },
        "2005-08": {
            "month": "2005-08",
            "price": "127.43",
            "revenue": 2165415
        },
        "2005-09": {
            "month": "2005-09",
            "price": "115.57",
            "revenue": 3036874
        },
        "2005-10": {
            "month": "2005-10",
            "price": "113.66",
            "revenue": 2670198
        },
        "2005-11": {
            "month": "2005-11",
            "price": "92.73",
            "revenue": 2990057
        },
        "2005-12": {
            "month": "2005-12",
            "price": "98.12",
            "revenue": 2987932
        },
        "2006-01": {
            "month": "2006-01",
            "price": "112.67",
            "revenue": 2810013
        },
        "2006-02": {
            "month": "2006-02",
            "price": "99.84",
            "revenue": 1930133
        },
        "2006-03": {
            "month": "2006-03",
            "price": "92.78",
            "revenue": 2601083
        },
        "2006-04": {
            "month": "2006-04",
            "price": "103.52",
            "revenue": 2821084
        },
        "2006-05": {
            "month": "2006-05",
            "price": "110.12",
            "revenue": 2707425
        },
        "2006-06": {
            "month": "2006-06",
            "price": "100.19",
            "revenue": 3142138
        },
        "2006-07": {
            "month": "2006-07",
            "price": "107.86",
            "revenue": 3593604
        },
        "2006-08": {
            "month": "2006-08",
            "price": "111.01",
            "revenue": 4122361
        },
        "2006-09": {
            "month": "2006-09",
            "price": "118.19",
            "revenue": 5760403
        },
        "2006-10": {
            "month": "2006-10",
            "price": "115.00",
            "revenue": 4038791
        },
        "2006-11": {
            "month": "2006-11",
            "price": "114.50",
            "revenue": 5632033
        },
        "2006-12": {
            "month": "2006-12",
            "price": "135.48",
            "revenue": 4989662
        },
        "2007-01": {
            "month": "2007-01",
            "price": "140.98",
            "revenue": 3721053
        },
        "2007-02": {
            "month": "2007-02",
            "price": "120.92",
            "revenue": 3396896
        },
        "2007-03": {
            "month": "2007-03",
            "price": "131.65",
            "revenue": 5206519
        },
        "2007-04": {
            "month": "2007-04",
            "price": "128.98",
            "revenue": 3281285
        },
        "2007-05": {
            "month": "2007-05",
            "price": "120.05",
            "revenue": 3090079
        },
        "2007-06": {
            "month": "2007-06",
            "price": "128.32",
            "revenue": 3522733
        },
        "2007-07": {
            "month": "2007-07",
            "price": "136.73",
            "revenue": 4063489
        },
        "2007-08": {
            "month": "2007-08",
            "price": "117.02",
            "revenue": 3923413
        },
        "2007-09": {
            "month": "2007-09",
            "price": "86.94",
            "revenue": 3646666
        },
        "2007-10": {
            "month": "2007-10",
            "price": "77.20",
            "revenue": 3509209
        },
        "2007-11": {
            "month": "2007-11",
            "price": "60.30",
            "revenue": 3380648
        },
        "2007-12": {
            "month": "2007-12",
            "price": "61.11",
            "revenue": 2553080
        },
        "2008-01": {
            "month": "2008-01",
            "price": "53.42",
            "revenue": 3087142
        },
        "2008-02": {
            "month": "2008-02",
            "price": "43.56",
            "revenue": 2104663
        },
        "2008-03": {
            "month": "2008-03",
            "price": "44.34",
            "revenue": 2881229
        },
        "2008-04": {
            "month": "2008-04",
            "price": "51.87",
            "revenue": 2837007
        },
        "2008-05": {
            "month": "2008-05",
            "price": "53.46",
            "revenue": 2622309
        },
        "2008-06": {
            "month": "2008-06",
            "price": "45.47",
            "revenue": 2375032
        },
        "2008-07": {
            "month": "2008-07",
            "price": "30.88",
            "revenue": 2560205
        },
        "2008-08": {
            "month": "2008-08",
            "price": "31.63",
            "revenue": 2229155
        },
        "2008-09": {
            "month": "2008-09",
            "price": "20.40",
            "revenue": 2281219
        },
        "2008-10": {
            "month": "2008-10",
            "price": "15.30",
            "revenue": 2218438
        },
        "2008-11": {
            "month": "2008-11",
            "price": "10.47",
            "revenue": 1721372
        },
        "2008-12": {
            "month": "2008-12",
            "price": "12.90",
            "revenue": 2099601
        },
        "2009-01": {
            "month": "2009-01",
            "price": "17.33",
            "revenue": 1697167
        },
        "2009-02": {
            "month": "2009-02",
            "price": "22.18",
            "revenue": 2124738
        },
        "2009-03": {
            "month": "2009-03",
            "price": "26.80",
            "revenue": 1990367
        },
        "2009-04": {
            "month": "2009-04",
            "price": "34.14",
            "revenue": 2340756
        },
        "2009-05": {
            "month": "2009-05",
            "price": "50.08",
            "revenue": 1650341
        },
        "2009-06": {
            "month": "2009-06",
            "price": "41.69",
            "revenue": 2054441
        },
        "2009-07": {
            "month": "2009-07",
            "price": "61.51",
            "revenue": 2587923
        },
        "2009-08": {
            "month": "2009-08",
            "price": "71.06",
            "revenue": 3175626
        },
        "2009-09": {
            "month": "2009-09",
            "price": "79.61",
            "revenue": 4085015
        },
        "2009-10": {
            "month": "2009-10",
            "price": "79.57",
            "revenue": 4365347
        },
        "2009-11": {
            "month": "2009-11",
            "price": "79.38",
            "revenue": 4478932
        },
        "2009-12": {
            "month": "2009-12",
            "price": "84.07",
            "revenue": 4293506
        },
        "2010-01": {
            "month": "2010-01",
            "price": "93.36",
            "revenue": 3693760
        },
        "2010-02": {
            "month": "2010-02",
            "price": "78.87",
            "revenue": 3197404
        },
        "2010-03": {
            "month": "2010-03",
            "price": "86.44",
            "revenue": 4834505
        },
        "2010-04": {
            "month": "2010-04",
            "price": "86.48",
            "revenue": 3709158
        },
        "2010-05": {
            "month": "2010-05",
            "price": "69.10",
            "revenue": 3250756
        },
        "2010-06": {
            "month": "2010-06",
            "price": "67.75",
            "revenue": 3564357
        },
        "2010-07": {
            "month": "2010-07",
            "price": "63.26",
            "revenue": 3538383
        },
        "2010-08": {
            "month": "2010-08",
            "price": "52.01",
            "revenue": 3390608
        },
        "2010-09": {
            "month": "2010-09",
            "price": "45.72",
            "revenue": 3449990
        },
        "2010-10": {
            "month": "2010-10",
            "price": "46.79",
            "revenue": 2859915
        },
        "2010-11": {
            "month": "2010-11",
            "price": "45.14",
            "revenue": 2694910
        },
        "2010-12": {
            "month": "2010-12",
            "price": "50.30",
            "revenue": 3073512
        },
        "2011-01": {
            "month": "2011-01",
            "price": "51.42",
            "revenue": 2803805
        },
        "2011-02": {
            "month": "2011-02",
            "price": "54.46",
            "revenue": 2056701
        },
        "2011-03": {
            "month": "2011-03",
            "price": "46.47",
            "revenue": 3138478
        },
        "2011-04": {
            "month": "2011-04",
            "price": "43.07",
            "revenue": 2534637
        },
        "2011-05": {
            "month": "2011-05",
            "price": "40.54",
            "revenue": 2348220
        },
        "2011-06": {
            "month": "2011-06",
            "price": "38.76",
            "revenue": 1656601
        },
        "2011-07": {
            "month": "2011-07",
            "price": "32.65",
            "revenue": 2145549
        },
        "2011-08": {
            "month": "2011-08",
            "price": "28.58",
            "revenue": 2466246
        },
        "2011-09": {
            "month": "2011-09",
            "price": "31.63",
            "revenue": 2613635
        },
        "2011-10": {
            "month": "2011-10",
            "price": "34.34",
            "revenue": 2639192
        },
        "2011-11": {
            "month": "2011-11",
            "price": "28.71",
            "revenue": 2744179
        },
        "2011-12": {
            "month": "2011-12",
            "price": "26.61",
            "revenue": 2770886
        },
        "2012-01": {
            "month": "2012-01",
            "price": "31.34",
            "revenue": 2112779
        },
        "2012-02": {
            "month": "2012-02",
            "price": "41.06",
            "revenue": 2445724
        },
        "2012-03": {
            "month": "2012-03",
            "price": "39.20",
            "revenue": 2659375
        },
        "2012-04": {
            "month": "2012-04",
            "price": "32.12",
            "revenue": 2226046
        },
        "2012-05": {
            "month": "2012-05",
            "price": "36.05",
            "revenue": 2342363
        },
        "2012-06": {
            "month": "2012-06",
            "price": "37.79",
            "revenue": 2276683
        },
        "2012-07": {
            "month": "2012-07",
            "price": "37.15",
            "revenue": 2470270
        },
        "2012-08": {
            "month": "2012-08",
            "price": "36.49",
            "revenue": 2100972
        },
        "2012-09": {
            "month": "2012-09",
            "price": "34.29",
            "revenue": 2368099
        },
        "2012-10": {
            "month": "2012-10",
            "price": "33.03",
            "revenue": 2271516
        },
        "2012-11": {
            "month": "2012-11",
            "price": "27.86",
            "revenue": 2189304
        },
        "2012-12": {
            "month": "2012-12",
            "price": "31.01",
            "revenue": 2512303
        },
        "2013-01": {
            "month": "2013-01",
            "price": "34.65",
            "revenue": 2649499
        },
        "2013-02": {
            "month": "2013-02",
            "price": "36.45",
            "revenue": 1687222
        },
        "2013-03": {
            "month": "2013-03",
            "price": "44.43",
            "revenue": 3304264
        },
        "2013-04": {
            "month": "2013-04",
            "price": "52.37",
            "revenue": 2259065
        },
        "2013-05": {
            "month": "2013-05",
            "price": "57.48",
            "revenue": 3547559
        },
        "2013-06": {
            "month": "2013-06",
            "price": "67.02",
            "revenue": 3308154
        },
        "2013-07": {
            "month": "2013-07",
            "price": "62.51",
            "revenue": 2877457
        },
        "2013-08": {
            "month": "2013-08",
            "price": "67.10",
            "revenue": 2671449
        },
        "2013-09": {
            "month": "2013-09",
            "price": "76.18",
            "revenue": 2726703
        },
        "2013-10": {
            "month": "2013-10",
            "price": "87.27",
            "revenue": 2998270
        },
        "2013-11": {
            "month": "2013-11",
            "price": "74.56",
            "revenue": 2602212
        },
        "2013-12": {
            "month": "2013-12",
            "price": "69.80",
            "revenue": 2892715
        },
        "2014-01": {
            "month": "2014-01",
            "price": "72.22",
            "revenue": 2775049
        },
        "2014-02": {
            "month": "2014-02",
            "price": "71.38",
            "revenue": 2076947
        },
        "2014-03": {
            "month": "2014-03",
            "price": "75.22",
            "revenue": 2380965
        },
        "2014-04": {
            "month": "2014-04",
            "price": "74.77",
            "revenue": 2513447
        },
        "2014-05": {
            "month": "2014-05",
            "price": "72.68",
            "revenue": 2412496
        },
        "2014-06": {
            "month": "2014-06",
            "price": "77.63",
            "revenue": 2647245
        },
        "2014-07": {
            "month": "2014-07",
            "price": "77.44",
            "revenue": 2666953
        },
        "2014-08": {
            "month": "2014-08",
            "price": "71.37",
            "revenue": 2326065
        },
        "2014-09": {
            "month": "2014-09",
            "price": "64.80",
            "revenue": 2447773
        },
        "2014-10": {
            "month": "2014-10",
            "price": "55.85",
            "revenue": 2273445
        },
        "2014-11": {
            "month": "2014-11",
            "price": "52.56",
            "revenue": 2200341
        },
        "2014-12": {
            "month": "2014-12",
            "price": "52.77",
            "revenue": 2374408
        },
        "2015-01": {
            "month": "2015-01",
            "price": "56.84",
            "revenue": 2006109
        },
        "2015-02": {
            "month": "2015-02",
            "price": "53.63",
            "revenue": 1373477
        },
        "2015-03": {
            "month": "2015-03",
            "price": "55.36",
            "revenue": 2072484
        },
        "2015-04": {
            "month": "2015-04",
            "price": "50.57",
            "revenue": 1715400
        },
        "2015-05": {
            "month": "2015-05",
            "price": "43.67",
            "revenue": 1454436
        },
        "2015-06": {
            "month": "2015-06",
            "price": "43.16",
            "revenue": 1496313
        },
        "2015-07": {
            "month": "2015-07",
            "price": "35.95",
            "revenue": 1554027
        },
        "2015-08": {
            "month": "2015-08",
            "price": "29.09",
            "revenue": 1661338
        },
        "2015-09": {
            "month": "2015-09",
            "price": "31.88",
            "revenue": 1642522
        },
        "2015-10": {
            "month": "2015-10",
            "price": "34.30",
            "revenue": 1672344
        },
        "2015-11": {
            "month": "2015-11",
            "price": "31.71",
            "revenue": 1714549
        },
        "2015-12": {
            "month": "2015-12",
            "price": "32.77",
            "revenue": 1829142
        },
        "2016-01": {
            "month": "2016-01",
            "price": "32.38",
            "revenue": 1824713
        },
        "2016-02": {
            "month": "2016-02",
            "price": "33.21",
            "revenue": 1337023
        },
        "2016-03": {
            "month": "2016-03",
            "price": "33.31",
            "revenue": 1719953
        },
        "2016-04": {
            "month": "2016-04",
            "price": "30.69",
            "revenue": 1641817
        },
        "2016-05": {
            "month": "2016-05",
            "price": "29.51",
            "revenue": 1533548
        },
        "2016-06": {
            "month": "2016-06",
            "price": "37.41",
            "revenue": 1880533
        },
        "2016-07": {
            "month": "2016-07",
            "price": "42.94",
            "revenue": 1804411
        },
        "2016-08": {
            "month": "2016-08",
            "price": "42.98",
            "revenue": 1879872
        },
        "2016-09": {
            "month": "2016-09",
            "price": "45.86",
            "revenue": 2176641
        },
        "2016-10": {
            "month": "2016-10",
            "price": "49.99",
            "revenue": 2588323
        },
        "2016-11": {
            "month": "2016-11",
            "price": "50.22",
            "revenue": 2564920
        },
        "2016-12": {
            "month": "2016-12",
            "price": "52.89",
            "revenue": 2265123
        },
        "2017-01": {
            "month": "2017-01",
            "price": "51.78",
            "revenue": 2508058
        },
        "2017-02": {
            "month": "2017-02",
            "price": "53.24",
            "revenue": 2701151
        },
        "2017-03": {
            "month": "2017-03",
            "price": "67.63",
            "revenue": 2794248
        },
        "2017-04": {
            "month": "2017-04",
            "price": "74.36",
            "revenue": 2533029
        },
        "2017-05": {
            "month": "2017-05",
            "price": "72.80",
            "revenue": 2546374
        },
        "2017-06": {
            "month": "2017-06",
            "price": "75.03",
            "revenue": 2754348
        },
        "2017-07": {
            "month": "2017-07",
            "price": "78.23",
            "revenue": 2624333
        },
        "2017-08": {
            "month": "2017-08",
            "price": "76.11",
            "revenue": 2609255
        },
        "2017-09": {
            "month": "2017-09",
            "price": "80.04",
            "revenue": 2926134
        },
        "2017-10": {
            "month": "2017-10",
            "price": "87.21",
            "revenue": 2733366
        },
        "2017-11": {
            "month": "2017-11",
            "price": "86.21",
            "revenue": 2943164
        },
        "2017-12": {
            "month": "2017-12",
            "price": "77.56",
            "revenue": 2551619
        },
        "2018-01": {
            "month": "2018-01",
            "price": "73.35",
            "revenue": 2641143
        },
        "2018-02": {
            "month": "2018-02",
            "price": "71.85",
            "revenue": 2060728
        },
        "2018-03": {
            "month": "2018-03",
            "price": "74.37",
            "revenue": 3253442
        },
        "2018-04": {
            "month": "2018-04",
            "price": "74.11",
            "revenue": 2460872
        },
        "2018-05": {
            "month": "2018-05",
            "price": "64.71",
            "revenue": 2962616
        },
        "2018-06": {
            "month": "2018-06",
            "price": "66.76",
            "revenue": 2513848
        },
        "2018-07": {
            "month": "2018-07",
            "price": "58.69",
            "revenue": 2727747
        },
        "2018-08": {
            "month": "2018-08",
            "price": "52.89",
            "revenue": 3381134
        },
        "2018-09": {
            "month": "2018-09",
            "price": "50.31",
            "revenue": 2636980
        },
        "2018-10": {
            "month": "2018-10",
            "price": "41.50",
            "revenue": 2395705
        },
        "2018-11": {
            "month": "2018-11",
            "price": "39.31",
            "revenue": 2329455
        },
        "2018-12": {
            "month": "2018-12",
            "price": "41.14",
            "revenue": 2084213
        },
        "2019-01": {
            "month": "2019-01",
            "price": "40.59",
            "revenue": 2093967
        },
        "2019-02": {
            "month": "2019-02",
            "price": "43.07",
            "revenue": 2044765
        },
        "2019-03": {
            "month": "2019-03",
            "price": "41.17",
            "revenue": 2268913
        },
        "2019-04": {
            "month": "2019-04",
            "price": "44.30",
            "revenue": 1832547
        },
        "2019-05": {
            "month": "2019-05",
            "price": "45.62",
            "revenue": 1801740
        },
        "2019-06": {
            "month": "2019-06",
            "price": "42.29",
            "revenue": 1936584
        },
        "2019-07": {
            "month": "2019-07",
            "price": "50.38",
            "revenue": 2062416
        },
        "2019-08": {
            "month": "2019-08",
            "price": "48.86",
            "revenue": 2352018
        },
        "2019-09": {
            "month": "2019-09",
            "price": "51.68",
            "revenue": 2078670
        },
        "2019-10": {
            "month": "2019-10",
            "price": "50.29",
            "revenue": 2119284
        },
        "2019-11": {
            "month": "2019-11",
            "price": "52.34",
            "revenue": 2510450
        },
        "2019-12": {
            "month": "2019-12",
            "price": "62.90",
            "revenue": 2480762
        },
        "2020-01": {
            "month": "2020-01",
            "price": "72.25",
            "revenue": 1880872
        },
        "2020-02": {
            "month": "2020-02",
            "price": "72.62",
            "revenue": 2446449
        },
        "2020-03": {
            "month": "2020-03",
            "price": "54.92",
            "revenue": 2857883
        },
        "2020-04": {
            "month": "2020-04",
            "price": "52.89",
            "revenue": 2033760
        },
        "2020-05": {
            "month": "2020-05",
            "price": "55.20",
            "revenue": 2568406
        },
        "2020-06": {
            "month": "2020-06",
            "price": "57.67",
            "revenue": 2729826
        },
        "2020-07": {
            "month": "2020-07",
            "price": "60.26",
            "revenue": 2716153
        },
        "2020-08": {
            "month": "2020-08",
            "price": "55.25",
            "revenue": 2682004
        },
        "2020-09": {
            "month": "2020-09",
            "price": "54.44",
            "revenue": 3199880
        },
        "2020-10": {
            "month": "2020-10",
            "price": "57.53",
            "revenue": 2890031
        },
        "2020-11": {
            "month": "2020-11",
            "price": "58.71",
            "revenue": 3122865
        },
        "2020-12": {
            "month": "2020-12",
            "price": "72.80",
            "revenue": 2797217
        },
        "2021-01": {
            "month": "2021-01",
            "price": "71.90",
            "revenue": 2931065
        },
        "2021-02": {
            "month": "2021-02",
            "price": "78.55",
            "revenue": 2811808
        },
        "2021-03": {
            "month": "2021-03",
            "price": "81.87",
            "revenue": 3353306
        },
        "2021-04": {
            "month": "2021-04",
            "price": "93.81",
            "revenue": 3602398
        },
        "2021-05": {
            "month": "2021-05",
            "price": "96.71",
            "revenue": 3633536
        },
        "2021-06": {
            "month": "2021-06",
            "price": "101.42",
            "revenue": 3385332
        },
        "2021-07": {
            "month": "2021-07",
            "price": "117.50",
            "revenue": 3268176
        },
        "2021-08": {
            "month": "2021-08",
            "price": "98.06",
            "revenue": 3218308
        },
        "2021-09": {
            "month": "2021-09",
            "price": "84.70",
            "revenue": 3203073
        },
        "2021-10": {
            "month": "2021-10",
            "price": "79.14",
            "revenue": 3321791
        },
        "2021-11": {
            "month": "2021-11",
            "price": "85.78",
            "revenue": 3576320
        },
        "2021-12": {
            "month": "2021-12",
            "price": "90.83",
            "revenue": 3267121
        },
        "2022-01": {
            "month": "2022-01",
            "price": "86.28",
            "revenue": 3321006
        },
        "2022-02": {
            "month": "2022-02",
            "price": "91.91",
            "revenue": 3185672
        },
        "2022-03": {
            "month": "2022-03",
            "price": "88.68",
            "revenue": 3254509
        },
        "2022-04": {
            "month": "2022-04",
            "price": "75.98",
            "revenue": 2906524
        },
        "2022-05": {
            "month": "2022-05",
            "price": "71.90",
            "revenue": 2805579
        },
        "2022-06": {
            "month": "2022-06",
            "price": "67.82",
            "revenue": 2999108
        },
        "2022-07": {
            "month": "2022-07",
            "price": "59.18",
            "revenue": 2666567
        },
        "2022-08": {
            "month": "2022-08",
            "price": "59.23",
            "revenue": 3004961
        },
        "2022-09": {
            "month": "2022-09",
            "price": "57.86",
            "revenue": 3215067
        },
        "2022-10": {
            "month": "2022-10",
            "price": "55.86",
            "revenue": 2715974
        },
        "2022-11": {
            "month": "2022-11",
            "price": "59.72",
            "revenue": 2621241
        },
        "2022-12": {
            "month": "2022-12",
            "price": "59.23",
            "revenue": 2355710
        },
        "2023-01": {
            "month": "2023-01",
            "price": "61.99",
            "revenue": 2177268
        },
        "2023-02": {
            "month": "2023-02",
            "price": "66.93",
            "revenue": 2493037
        },
        "2023-03": {
            "month": "2023-03",
            "price": "71.47",
            "revenue": 2538810
        },
        "2023-04": {
            "month": "2023-04",
            "price": "76.50",
            "revenue": 2128758
        },
        "2023-05": {
            "month": "2023-05",
            "price": "75.92",
            "revenue": 2453963
        },
        "2023-06": {
            "month": "2023-06",
            "price": "87.33",
            "revenue": 2283238
        },
        "2023-07": {
            "month": "2023-07",
            "price": "83.27",
            "revenue": 2278446
        },
        "2023-08": {
            "month": "2023-08",
            "price": "78.60",
            "revenue": 2971146
        },
        "2023-09": {
            "month": "2023-09",
            "price": "88.50",
            "revenue": 3342305
        },
        "2023-10": {
            "month": "2023-10",
            "price": "97.05",
            "revenue": 3791326
        },
        "2023-11": {
            "month": "2023-11",
            "price": "99.90",
            "revenue": 4094655
        },
        "2023-12": {
            "month": "2023-12",
            "price": "101.90",
            "revenue": 3145330
        },
        "2024-01": {
            "month": "2024-01",
            "price": "96.10",
            "revenue": 3565297
        },
        "2024-02": {
            "month": "2024-02",
            "price": "98.38",
            "revenue": 3340222
        }
    }
}
