{
    "summary": {
        "stock_name": "欣銓",
        "stock_id": "3264",
        "category": "半導體",
        "main_business": "記憶體IC之晶圓測試<br>數位訊號IC及混合訊號IC之晶圓及成品測試<br>晶圓型式之Burn in 之測試",
        "website_url": "http://www.ardentec.com",
        "ceo": "張季明",
        "pe_ratio": 7,
        "report_year_from": 2002,
        "report_year_to": 2023,
        "age": 21,
        "eps_negative_percentage": 1,
        "eps_growth_avg": {
            "last_all": 12.66,
            "last_2y": 47.2,
            "last_4y": 26.86,
            "last_8y": 20.91,
            "last_12y": 18.99,
            "last_16y": 10.67,
            "last_20y": null,
            "at_2006_last_3y": null,
            "at_2007_last_3y": 15.36,
            "at_2008_last_3y": -3.69,
            "at_2009_last_3y": -16.39,
            "at_2010_last_3y": 3.31,
            "at_2011_last_3y": -2.52,
            "at_2012_last_3y": -1.94,
            "at_2013_last_3y": 14.68,
            "at_2014_last_3y": 0.11,
            "at_2015_last_3y": 5.89,
            "at_2016_last_3y": 3.59,
            "at_2017_last_3y": 13.46,
            "at_2018_last_3y": 8.27,
            "at_2019_last_3y": 6.02,
            "at_2020_last_3y": 23.63,
            "at_2021_last_3y": 24.33,
            "at_2022_last_3y": 28.34,
            "at_2023_last_3y": 28.34,
            "at_2006_last_all": 26.82,
            "at_2007_last_all": 15.36,
            "at_2008_last_all": 11.61,
            "at_2009_last_all": -1.05,
            "at_2010_last_all": 13.39,
            "at_2011_last_all": 6.42,
            "at_2012_last_all": 5.59,
            "at_2013_last_all": 5.25,
            "at_2014_last_all": 8.56,
            "at_2015_last_all": 6.24,
            "at_2016_last_all": 4.97,
            "at_2017_last_all": 7.59,
            "at_2018_last_all": 8.48,
            "at_2019_last_all": 6.19,
            "at_2020_last_all": 9.36,
            "at_2021_last_all": 11.31,
            "at_2022_last_all": 12.66,
            "at_2023_last_all": 12.66
        },
        "latest_eps": 7.42,
        "latest_price": 53,
        "latest_roe": 22.05,
        "latest_gross_margin": 35.06,
        "latest_equity": 17147633,
        "latest_revenue": 3345331,
        "latest_gross_profit": 1172760,
        "latest_net_income": 618353,
        "latest_debt_ratio": 45.91,
        "latest_current_ratio": 159.87,
        "latest_account_receivable_turnover_ratio": 1.18,
        "latest_inventory_turnover_ratio": null,
        "latest_reinvestment_rate": 104.38,
        "latest_research_to_sale_ratio": 3.49
    },
    "eps_dividends": {
        "2001": {
            "cash": 0,
            "stock": 0,
            "eps": 0
        },
        "2002": {
            "cash": 0,
            "stock": 0,
            "eps": 0
        },
        "2003": {
            "cash": 0,
            "stock": 0,
            "eps": 1.8
        },
        "2004": {
            "cash": 0,
            "stock": 0,
            "eps": 3.11
        },
        "2005": {
            "cash": 1,
            "stock": 1,
            "eps": 2.69
        },
        "2006": {
            "cash": 1,
            "stock": 1,
            "eps": 3.26
        },
        "2007": {
            "cash": 2,
            "stock": 0,
            "eps": 2.64
        },
        "2008": {
            "cash": 2,
            "stock": 0,
            "eps": 2.55
        },
        "2009": {
            "cash": 1,
            "stock": 1,
            "eps": 0.91
        },
        "2010": {
            "cash": 1,
            "stock": 0,
            "eps": 3.21
        },
        "2011": {
            "cash": 2,
            "stock": 0,
            "eps": 1.85
        },
        "2012": {
            "cash": 1,
            "stock": 0,
            "eps": 1.83
        },
        "2013": {
            "cash": 1,
            "stock": 0,
            "eps": 1.87
        },
        "2014": {
            "cash": 1,
            "stock": 0,
            "eps": 2.65
        },
        "2015": {
            "cash": 2,
            "stock": 0,
            "eps": 2.14
        },
        "2016": {
            "cash": 1,
            "stock": 0,
            "eps": 1.92
        },
        "2017": {
            "cash": 1,
            "stock": 0,
            "eps": 2.72
        },
        "2018": {
            "cash": 2,
            "stock": 0,
            "eps": 3.29
        },
        "2019": {
            "cash": 2,
            "stock": 0,
            "eps": 2.36
        },
        "2020": {
            "cash": 1,
            "stock": 0,
            "eps": 3.78
        },
        "2021": {
            "cash": 2,
            "stock": 0,
            "eps": 5.46
        },
        "2022": {
            "cash": 3,
            "stock": 0,
            "eps": 7.48
        },
        "2023": {
            "cash": 4,
            "stock": 0,
            "eps": 1.3
        }
    },
    "dividends": {
        "2004-03-05": {
            "cash": 0,
            "stock": 0.42
        },
        "2005-03-11": {
            "cash": 0.5,
            "stock": 1
        },
        "2006-04-27": {
            "cash": 0.75,
            "stock": 0.78
        },
        "2007-04-19": {
            "cash": 1.78,
            "stock": 0.2
        },
        "2008-04-24": {
            "cash": 1.61,
            "stock": 0.14
        },
        "2009-04-21": {
            "cash": 0.6,
            "stock": 0.6
        },
        "2010-04-22": {
            "cash": 1.2,
            "stock": 0
        },
        "2011-04-28": {
            "cash": 2,
            "stock": 0.1
        },
        "2012-04-26": {
            "cash": 1.2,
            "stock": 0.1
        },
        "2013-06-25": {
            "cash": 1.1,
            "stock": 0.1
        },
        "2014-09-19": {
            "cash": 1.1,
            "stock": 0.1
        },
        "2015-09-23": {
            "cash": 1.6,
            "stock": 0.1
        },
        "2016-09-14": {
            "cash": 1.3,
            "stock": 0.1
        },
        "2017-09-22": {
            "cash": 1.25,
            "stock": 0
        },
        "2018-09-14": {
            "cash": 1.65,
            "stock": 0
        },
        "2019-09-12": {
            "cash": 1.6,
            "stock": 0
        },
        "2020-07-31": {
            "cash": 1.3,
            "stock": 0
        },
        "2021-10-13": {
            "cash": 2,
            "stock": 0
        },
        "2022-07-13": {
            "cash": 2.8,
            "stock": 0
        },
        "2023-02-23": {
            "cash": 3.5,
            "stock": 0
        }
    },
    "prices": {
        "200101": "無",
        "200102": "無",
        "200103": "無",
        "200104": "無",
        "200105": "無",
        "200106": "無",
        "200107": "無",
        "200108": "無",
        "200109": "無",
        "200110": "無",
        "200111": "無",
        "200112": "無",
        "200201": "無",
        "200202": "無",
        "200203": "無",
        "200204": "無",
        "200205": "無",
        "200206": "無",
        "200207": "無",
        "200208": "無",
        "200209": "無",
        "200210": "無",
        "200211": "無",
        "200212": "無",
        "200301": "無",
        "200302": "無",
        "200303": "無",
        "200304": "無",
        "200305": "無",
        "200306": "無",
        "200307": "無",
        "200308": "無",
        "200309": "無",
        "200310": "無",
        "200311": "無",
        "200312": "無",
        "200401": "無",
        "200402": "無",
        "200403": "25.09",
        "200404": "26.41",
        "200405": "24.72",
        "200406": "22.21",
        "200407": "22.41",
        "200408": "18.95",
        "200409": "18.52",
        "200410": "18.27",
        "200411": "16.89",
        "200412": "17.00",
        "200501": "15.61",
        "200502": "17.99",
        "200503": "18.86",
        "200504": "19.86",
        "200505": "18.24",
        "200506": "21.42",
        "200507": "24.47",
        "200508": "25.20",
        "200509": "24.75",
        "200510": "22.48",
        "200511": "21.10",
        "200512": "28.34",
        "200601": "31.51",
        "200602": "29.02",
        "200603": "31.16",
        "200604": "38.50",
        "200605": "35.95",
        "200606": "28.06",
        "200607": "27.00",
        "200608": "25.48",
        "200609": "25.74",
        "200610": "28.02",
        "200611": "27.41",
        "200612": "27.27",
        "200701": "30.27",
        "200702": "30.99",
        "200703": "32.18",
        "200704": "31.04",
        "200705": "29.33",
        "200706": "33.06",
        "200707": "34.98",
        "200708": "28.01",
        "200709": "27.71",
        "200710": "29.08",
        "200711": "24.86",
        "200712": "21.49",
        "200801": "19.20",
        "200802": "18.01",
        "200803": "20.67",
        "200804": "23.19",
        "200805": "24.75",
        "200806": "22.00",
        "200807": "20.92",
        "200808": "22.99",
        "200809": "19.64",
        "200810": "15.29",
        "200811": "12.62",
        "200812": "11.72",
        "200901": "11.57",
        "200902": "11.28",
        "200903": "13.84",
        "200904": "16.22",
        "200905": "15.65",
        "200906": "15.37",
        "200907": "16.11",
        "200908": "16.77",
        "200909": "18.03",
        "200910": "17.75",
        "200911": "17.64",
        "200912": "19.23",
        "201001": "21.12",
        "201002": "21.22",
        "201003": "23.63",
        "201004": "26.74",
        "201005": "25.23",
        "201006": "24.14",
        "201007": "25.32",
        "201008": "24.28",
        "201009": "23.97",
        "201010": "24.66",
        "201011": "26.26",
        "201012": "29.93",
        "201101": "32.62",
        "201102": "30.78",
        "201103": "26.45",
        "201104": "26.50",
        "201105": "27.52",
        "201106": "27.49",
        "201107": "24.07",
        "201108": "19.45",
        "201109": "18.48",
        "201110": "17.88",
        "201111": "19.47",
        "201112": "19.16",
        "201201": "19.95",
        "201202": "23.64",
        "201203": "22.88",
        "201204": "21.32",
        "201205": "20.23",
        "201206": "19.88",
        "201207": "21.11",
        "201208": "20.89",
        "201209": "20.65",
        "201210": "19.04",
        "201211": "18.41",
        "201212": "19.08",
        "201301": "19.71",
        "201302": "19.73",
        "201303": "19.78",
        "201304": "19.76",
        "201305": "20.19",
        "201306": "19.51",
        "201307": "19.14",
        "201308": "18.80",
        "201309": "18.44",
        "201310": "19.53",
        "201311": "20.07",
        "201312": "21.58",
        "201401": "23.61",
        "201402": "26.28",
        "201403": "25.85",
        "201404": "26.82",
        "201405": "25.59",
        "201406": "26.92",
        "201407": "27.40",
        "201408": "26.57",
        "201409": "27.48",
        "201410": "24.98",
        "201411": "24.36",
        "201412": "25.00",
        "201501": "27.17",
        "201502": "26.55",
        "201503": "28.93",
        "201504": "29.56",
        "201505": "28.36",
        "201506": "26.87",
        "201507": "24.08",
        "201508": "19.59",
        "201509": "20.39",
        "201510": "23.17",
        "201511": "23.83",
        "201512": "22.45",
        "201601": "21.11",
        "201602": "21.80",
        "201603": "22.40",
        "201604": "20.99",
        "201605": "18.80",
        "201606": "18.75",
        "201607": "20.00",
        "201608": "22.55",
        "201609": "23.72",
        "201610": "23.91",
        "201611": "22.57",
        "201612": "24.08",
        "201701": "23.88",
        "201702": "25.08",
        "201703": "25.47",
        "201704": "24.81",
        "201705": "25.50",
        "201706": "27.05",
        "201707": "27.48",
        "201708": "28.53",
        "201709": "27.50",
        "201710": "28.19",
        "201711": "37.70",
        "201712": "37.88",
        "201801": "39.25",
        "201802": "35.05",
        "201803": "37.32",
        "201804": "35.68",
        "201805": "34.66",
        "201806": "35.35",
        "201807": "35.10",
        "201808": "37.79",
        "201809": "37.32",
        "201810": "30.07",
        "201811": "28.84",
        "201812": "27.28",
        "201901": "27.36",
        "201902": "29.75",
        "201903": "29.27",
        "201904": "31.20",
        "201905": "28.17",
        "201906": "27.63",
        "201907": "29.97",
        "201908": "28.36",
        "201909": "28.16",
        "201910": "27.90",
        "201911": "27.94",
        "201912": "29.38",
        "202001": "29.34",
        "202002": "27.11",
        "202003": "23.26",
        "202004": "24.48",
        "202005": "28.02",
        "202006": "30.41",
        "202007": "31.76",
        "202008": "34.26",
        "202009": "32.96",
        "202010": "33.74",
        "202011": "35.21",
        "202012": "38.58",
        "202101": "41.01",
        "202102": "46.05",
        "202103": "44.41",
        "202104": "46.01",
        "202105": "40.55",
        "202106": "44.01",
        "202107": "52.81",
        "202108": "61.61",
        "202109": "63.28",
        "202110": "56.20",
        "202111": "57.62",
        "202112": "55.48",
        "202201": "53.01",
        "202202": "51.64",
        "202203": "50.17",
        "202204": "46.36",
        "202205": "45.06",
        "202206": "44.65",
        "202207": "37.47",
        "202208": "43.95",
        "202209": "43.80",
        "202210": "40.97",
        "202211": "47.93",
        "202212": "50.02",
        "202301": "50.74",
        "202302": "55.26",
        "202303": "57.36",
        "202304": "56.21",
        "202305": "53.56"
    },
    "quarters": {
        "20011": {
            "year_quarter": 20011,
            "year": 2001,
            "quarter": 1,
            "eps": null,
            "eps_growth_year": null,
            "eps_4q": null,
            "eps_4q_growth_year": null,
            "roe": null,
            "gross_profit": null,
            "gross_margin": null,
            "net_income": null,
            "revenue": null,
            "common_shares": null,
            "equity": null,
            "current_ratio": null,
            "debt_ratio": null,
            "inventory_turnover_ratio": null,
            "account_receivable_turnover_ratio": null,
            "reinvestment_rate": null,
            "research_to_sale_ratio": null,
            "price_fair": 0,
            "eps_avg_yearly": 0,
            "eps_latest_yearly": 0,
            "eps_growth_yearly": 0
        },
        "20012": {
            "year_quarter": 20012,
            "year": 2001,
            "quarter": 2,
            "eps": null,
            "eps_growth_year": null,
            "eps_4q": null,
            "eps_4q_growth_year": null,
            "roe": null,
            "gross_profit": null,
            "gross_margin": null,
            "net_income": null,
            "revenue": null,
            "common_shares": null,
            "equity": null,
            "current_ratio": null,
            "debt_ratio": null,
            "inventory_turnover_ratio": null,
            "account_receivable_turnover_ratio": null,
            "reinvestment_rate": null,
            "research_to_sale_ratio": null,
            "price_fair": 0,
            "eps_avg_yearly": 0,
            "eps_latest_yearly": 0,
            "eps_growth_yearly": 0
        },
        "20013": {
            "year_quarter": 20013,
            "year": 2001,
            "quarter": 3,
            "eps": null,
            "eps_growth_year": null,
            "eps_4q": null,
            "eps_4q_growth_year": null,
            "roe": null,
            "gross_profit": null,
            "gross_margin": null,
            "net_income": null,
            "revenue": null,
            "common_shares": null,
            "equity": null,
            "current_ratio": null,
            "debt_ratio": null,
            "inventory_turnover_ratio": null,
            "account_receivable_turnover_ratio": null,
            "reinvestment_rate": null,
            "research_to_sale_ratio": null,
            "price_fair": 0,
            "eps_avg_yearly": 0,
            "eps_latest_yearly": 0,
            "eps_growth_yearly": 0
        },
        "20014": {
            "year_quarter": 20014,
            "year": 2001,
            "quarter": 4,
            "eps": null,
            "eps_growth_year": null,
            "eps_4q": null,
            "eps_4q_growth_year": null,
            "roe": null,
            "gross_profit": null,
            "gross_margin": null,
            "net_income": null,
            "revenue": null,
            "common_shares": 2036340,
            "equity": 1870377,
            "current_ratio": 138.44,
            "debt_ratio": 41.16,
            "inventory_turnover_ratio": null,
            "account_receivable_turnover_ratio": null,
            "reinvestment_rate": null,
            "research_to_sale_ratio": null,
            "price_fair": 0,
            "eps_avg_yearly": 0,
            "eps_latest_yearly": 0,
            "eps_growth_yearly": 0
        },
        "20021": {
            "year_quarter": 20021,
            "year": 2002,
            "quarter": 1,
            "eps": null,
            "eps_growth_year": null,
            "eps_4q": null,
            "eps_4q_growth_year": null,
            "roe": null,
            "gross_profit": null,
            "gross_margin": null,
            "net_income": null,
            "revenue": null,
            "common_shares": null,
            "equity": null,
            "current_ratio": null,
            "debt_ratio": null,
            "inventory_turnover_ratio": null,
            "account_receivable_turnover_ratio": null,
            "reinvestment_rate": null,
            "research_to_sale_ratio": null,
            "price_fair": 0,
            "eps_avg_yearly": 0,
            "eps_latest_yearly": 0,
            "eps_growth_yearly": 0
        },
        "20022": {
            "year_quarter": 20022,
            "year": 2002,
            "quarter": 2,
            "eps": null,
            "eps_growth_year": null,
            "eps_4q": null,
            "eps_4q_growth_year": null,
            "roe": null,
            "gross_profit": null,
            "gross_margin": null,
            "net_income": null,
            "revenue": null,
            "common_shares": null,
            "equity": null,
            "current_ratio": null,
            "debt_ratio": null,
            "inventory_turnover_ratio": null,
            "account_receivable_turnover_ratio": null,
            "reinvestment_rate": null,
            "research_to_sale_ratio": null,
            "price_fair": 0,
            "eps_avg_yearly": 0,
            "eps_latest_yearly": 0,
            "eps_growth_yearly": 0
        },
        "20023": {
            "year_quarter": 20023,
            "year": 2002,
            "quarter": 3,
            "eps": null,
            "eps_growth_year": null,
            "eps_4q": null,
            "eps_4q_growth_year": null,
            "roe": null,
            "gross_profit": null,
            "gross_margin": null,
            "net_income": null,
            "revenue": null,
            "common_shares": null,
            "equity": null,
            "current_ratio": null,
            "debt_ratio": null,
            "inventory_turnover_ratio": null,
            "account_receivable_turnover_ratio": null,
            "reinvestment_rate": null,
            "research_to_sale_ratio": null,
            "price_fair": 0,
            "eps_avg_yearly": 0,
            "eps_latest_yearly": 0,
            "eps_growth_yearly": 0
        },
        "20024": {
            "year_quarter": 20024,
            "year": 2002,
            "quarter": 4,
            "eps": null,
            "eps_growth_year": null,
            "eps_4q": null,
            "eps_4q_growth_year": null,
            "roe": null,
            "gross_profit": null,
            "gross_margin": null,
            "net_income": null,
            "revenue": null,
            "common_shares": 2036340,
            "equity": 1743297,
            "current_ratio": 172.14,
            "debt_ratio": 51,
            "inventory_turnover_ratio": null,
            "account_receivable_turnover_ratio": null,
            "reinvestment_rate": null,
            "research_to_sale_ratio": null,
            "price_fair": 0,
            "eps_avg_yearly": 0,
            "eps_latest_yearly": 0,
            "eps_growth_yearly": 0
        },
        "20031": {
            "year_quarter": 20031,
            "year": 2003,
            "quarter": 1,
            "eps": 0.1,
            "eps_growth_year": null,
            "eps_4q": null,
            "eps_4q_growth_year": null,
            "roe": 1.14,
            "gross_profit": 69172,
            "gross_margin": 24.87,
            "net_income": 19928,
            "revenue": 278172,
            "common_shares": 2036340,
            "equity": 1763225,
            "current_ratio": 94.87,
            "debt_ratio": 56.13,
            "inventory_turnover_ratio": null,
            "account_receivable_turnover_ratio": null,
            "reinvestment_rate": null,
            "research_to_sale_ratio": null,
            "price_fair": 0,
            "eps_avg_yearly": 0,
            "eps_latest_yearly": 0,
            "eps_growth_yearly": 0
        },
        "20032": {
            "year_quarter": 20032,
            "year": 2003,
            "quarter": 2,
            "eps": 0.57,
            "eps_growth_year": null,
            "eps_4q": null,
            "eps_4q_growth_year": null,
            "roe": 5.97,
            "gross_profit": 110659,
            "gross_margin": 34.89,
            "net_income": 108407,
            "revenue": 317136,
            "common_shares": 2036340,
            "equity": 1871299,
            "current_ratio": 113.06,
            "debt_ratio": 54.09,
            "inventory_turnover_ratio": null,
            "account_receivable_turnover_ratio": null,
            "reinvestment_rate": null,
            "research_to_sale_ratio": null,
            "price_fair": 79.8,
            "eps_avg_yearly": 2.28,
            "eps_latest_yearly": 2.28,
            "eps_growth_yearly": 1880
        },
        "20033": {
            "year_quarter": 20033,
            "year": 2003,
            "quarter": 3,
            "eps": 0.38,
            "eps_growth_year": null,
            "eps_4q": null,
            "eps_4q_growth_year": null,
            "roe": 3.91,
            "gross_profit": 118975,
            "gross_margin": 35.45,
            "net_income": 79641,
            "revenue": 335585,
            "common_shares": 2286340,
            "equity": 2200941,
            "current_ratio": 183.81,
            "debt_ratio": 48.45,
            "inventory_turnover_ratio": null,
            "account_receivable_turnover_ratio": null,
            "reinvestment_rate": null,
            "research_to_sale_ratio": null,
            "price_fair": 66.5,
            "eps_avg_yearly": 1.9,
            "eps_latest_yearly": 1.52,
            "eps_growth_yearly": 873.33
        },
        "20034": {
            "year_quarter": 20034,
            "year": 2003,
            "quarter": 4,
            "eps": 0.75,
            "eps_growth_year": null,
            "eps_4q": 1.78,
            "eps_4q_growth_year": null,
            "roe": 6.68,
            "gross_profit": 135092,
            "gross_margin": 35.64,
            "net_income": 152069,
            "revenue": 379013,
            "common_shares": 2286340,
            "equity": 2355095,
            "current_ratio": 173.31,
            "debt_ratio": 46.45,
            "inventory_turnover_ratio": null,
            "account_receivable_turnover_ratio": null,
            "reinvestment_rate": null,
            "research_to_sale_ratio": null,
            "price_fair": 79.33,
            "eps_avg_yearly": 2.27,
            "eps_latest_yearly": 3,
            "eps_growth_yearly": 712.05
        },
        "20041": {
            "year_quarter": 20041,
            "year": 2004,
            "quarter": 1,
            "eps": 0.58,
            "eps_growth_year": 480,
            "eps_4q": 1.99,
            "eps_4q_growth_year": null,
            "roe": 5.22,
            "gross_profit": 183833,
            "gross_margin": 40.36,
            "net_income": 139845,
            "revenue": 455450,
            "common_shares": 2586340,
            "equity": 3001360,
            "current_ratio": 265.65,
            "debt_ratio": 38.81,
            "inventory_turnover_ratio": null,
            "account_receivable_turnover_ratio": null,
            "reinvestment_rate": null,
            "research_to_sale_ratio": null,
            "price_fair": 79.8,
            "eps_avg_yearly": 2.28,
            "eps_latest_yearly": 2.32,
            "eps_growth_yearly": 511.37
        },
        "20042": {
            "year_quarter": 20042,
            "year": 2004,
            "quarter": 2,
            "eps": 0.99,
            "eps_growth_year": 73.68,
            "eps_4q": 2.55,
            "eps_4q_growth_year": null,
            "roe": 7.56,
            "gross_profit": 270455,
            "gross_margin": 50.58,
            "net_income": 235672,
            "revenue": 534692,
            "common_shares": 2586340,
            "equity": 3232361,
            "current_ratio": 202.96,
            "debt_ratio": 37.96,
            "inventory_turnover_ratio": null,
            "account_receivable_turnover_ratio": null,
            "reinvestment_rate": null,
            "research_to_sale_ratio": null,
            "price_fair": 91.56,
            "eps_avg_yearly": 2.62,
            "eps_latest_yearly": 3.96,
            "eps_growth_yearly": 465.65
        },
        "20043": {
            "year_quarter": 20043,
            "year": 2004,
            "quarter": 3,
            "eps": 0.93,
            "eps_growth_year": 144.74,
            "eps_4q": 2.98,
            "eps_4q_growth_year": null,
            "roe": 7.12,
            "gross_profit": 282077,
            "gross_margin": 48.16,
            "net_income": 238839,
            "revenue": 585738,
            "common_shares": 2745023,
            "equity": 3472718,
            "current_ratio": 172.88,
            "debt_ratio": 36.44,
            "inventory_turnover_ratio": null,
            "account_receivable_turnover_ratio": null,
            "reinvestment_rate": null,
            "research_to_sale_ratio": null,
            "price_fair": 98,
            "eps_avg_yearly": 2.8,
            "eps_latest_yearly": 3.72,
            "eps_growth_yearly": 384
        },
        "20044": {
            "year_quarter": 20044,
            "year": 2004,
            "quarter": 4,
            "eps": 0.61,
            "eps_growth_year": -18.67,
            "eps_4q": 2.98,
            "eps_4q_growth_year": 67.89,
            "roe": 4.36,
            "gross_profit": 224059,
            "gross_margin": 41.29,
            "net_income": 158046,
            "revenue": 542671,
            "common_shares": 2847992,
            "equity": 3779211,
            "current_ratio": 225.55,
            "debt_ratio": 31.33,
            "inventory_turnover_ratio": null,
            "account_receivable_turnover_ratio": null,
            "reinvestment_rate": null,
            "research_to_sale_ratio": null,
            "price_fair": 96.2,
            "eps_avg_yearly": 2.75,
            "eps_latest_yearly": 2.44,
            "eps_growth_yearly": 309.48
        },
        "20051": {
            "year_quarter": 20051,
            "year": 2005,
            "quarter": 1,
            "eps": 0.3,
            "eps_growth_year": -48.28,
            "eps_4q": 2.61,
            "eps_4q_growth_year": 31.19,
            "roe": 2.15,
            "gross_profit": 133798,
            "gross_margin": 28.55,
            "net_income": 82096,
            "revenue": 468580,
            "common_shares": 2854037,
            "equity": 3866777,
            "current_ratio": 253.66,
            "debt_ratio": 29.25,
            "inventory_turnover_ratio": null,
            "account_receivable_turnover_ratio": null,
            "reinvestment_rate": null,
            "research_to_sale_ratio": null,
            "price_fair": 89.43,
            "eps_avg_yearly": 2.56,
            "eps_latest_yearly": 1.2,
            "eps_growth_yearly": 245.38
        },
        "20052": {
            "year_quarter": 20052,
            "year": 2005,
            "quarter": 2,
            "eps": 0.37,
            "eps_growth_year": -62.63,
            "eps_4q": 2.1,
            "eps_4q_growth_year": -17.74,
            "roe": 2.68,
            "gross_profit": 190163,
            "gross_margin": 36.01,
            "net_income": 102535,
            "revenue": 528103,
            "common_shares": 2855602,
            "equity": 3783711,
            "current_ratio": 193.2,
            "debt_ratio": 31.31,
            "inventory_turnover_ratio": null,
            "account_receivable_turnover_ratio": null,
            "reinvestment_rate": null,
            "research_to_sale_ratio": null,
            "price_fair": 85.24,
            "eps_avg_yearly": 2.44,
            "eps_latest_yearly": 1.48,
            "eps_growth_yearly": 228.49
        },
        "20053": {
            "year_quarter": 20053,
            "year": 2005,
            "quarter": 3,
            "eps": 0.82,
            "eps_growth_year": -11.83,
            "eps_4q": 1.94,
            "eps_4q_growth_year": -34.96,
            "roe": 6.41,
            "gross_profit": 293636,
            "gross_margin": 44.15,
            "net_income": 250687,
            "revenue": 665096,
            "common_shares": 3197928,
            "equity": 4037656,
            "current_ratio": 169.93,
            "debt_ratio": 29.37,
            "inventory_turnover_ratio": null,
            "account_receivable_turnover_ratio": null,
            "reinvestment_rate": null,
            "research_to_sale_ratio": null,
            "price_fair": 88.2,
            "eps_avg_yearly": 2.52,
            "eps_latest_yearly": 3.28,
            "eps_growth_yearly": 254.29
        },
        "20054": {
            "year_quarter": 20054,
            "year": 2005,
            "quarter": 4,
            "eps": 1.2,
            "eps_growth_year": 96.72,
            "eps_4q": 2.62,
            "eps_4q_growth_year": -11.95,
            "roe": 8.57,
            "gross_profit": 403296,
            "gross_margin": 48.5,
            "net_income": 366619,
            "revenue": 831586,
            "common_shares": 3249561,
            "equity": 4514287,
            "current_ratio": 178.45,
            "debt_ratio": 35.88,
            "inventory_turnover_ratio": null,
            "account_receivable_turnover_ratio": null,
            "reinvestment_rate": null,
            "research_to_sale_ratio": null,
            "price_fair": 95.45,
            "eps_avg_yearly": 2.73,
            "eps_latest_yearly": 4.8,
            "eps_growth_yearly": 248.02
        },
        "20061": {
            "year_quarter": 20061,
            "year": 2006,
            "quarter": 1,
            "eps": 0.81,
            "eps_growth_year": 170,
            "eps_4q": 3.11,
            "eps_4q_growth_year": 19.22,
            "roe": 5.39,
            "gross_profit": 365311,
            "gross_margin": 44.49,
            "net_income": 253114,
            "revenue": 821109,
            "common_shares": 3302782,
            "equity": 4885502,
            "current_ratio": 141.42,
            "debt_ratio": 33.53,
            "inventory_turnover_ratio": null,
            "account_receivable_turnover_ratio": null,
            "reinvestment_rate": null,
            "research_to_sale_ratio": null,
            "price_fair": 96.95,
            "eps_avg_yearly": 2.77,
            "eps_latest_yearly": 3.24,
            "eps_growth_yearly": 216.52
        },
        "20062": {
            "year_quarter": 20062,
            "year": 2006,
            "quarter": 2,
            "eps": 0.99,
            "eps_growth_year": 167.57,
            "eps_4q": 3.71,
            "eps_4q_growth_year": 76.96,
            "roe": 6.25,
            "gross_profit": 409752,
            "gross_margin": 44.52,
            "net_income": 316418,
            "revenue": 920294,
            "common_shares": 3445018,
            "equity": 5240589,
            "current_ratio": 132.63,
            "debt_ratio": 34.65,
            "inventory_turnover_ratio": null,
            "account_receivable_turnover_ratio": null,
            "reinvestment_rate": null,
            "research_to_sale_ratio": null,
            "price_fair": 100.15,
            "eps_avg_yearly": 2.86,
            "eps_latest_yearly": 3.96,
            "eps_growth_yearly": 206.7
        },
        "20063": {
            "year_quarter": 20063,
            "year": 2006,
            "quarter": 3,
            "eps": 0.8,
            "eps_growth_year": -2.44,
            "eps_4q": 3.46,
            "eps_4q_growth_year": 78.46,
            "roe": 5.22,
            "gross_profit": 382096,
            "gross_margin": 42.32,
            "net_income": 281155,
            "revenue": 902770,
            "common_shares": 3762052,
            "equity": 5527266,
            "current_ratio": 218.09,
            "debt_ratio": 30.97,
            "inventory_turnover_ratio": null,
            "account_receivable_turnover_ratio": null,
            "reinvestment_rate": null,
            "research_to_sale_ratio": null,
            "price_fair": 101,
            "eps_avg_yearly": 2.89,
            "eps_latest_yearly": 3.2,
            "eps_growth_yearly": 186.46
        },
        "20064": {
            "year_quarter": 20064,
            "year": 2006,
            "quarter": 4,
            "eps": 0.66,
            "eps_growth_year": -45,
            "eps_4q": 3.05,
            "eps_4q_growth_year": 16.32,
            "roe": 4.15,
            "gross_profit": 329951,
            "gross_margin": 37.39,
            "net_income": 234601,
            "revenue": 882354,
            "common_shares": 3768482,
            "equity": 5782317,
            "current_ratio": 239.81,
            "debt_ratio": 29.56,
            "inventory_turnover_ratio": null,
            "account_receivable_turnover_ratio": null,
            "reinvestment_rate": 96.27,
            "research_to_sale_ratio": null,
            "price_fair": 100.43,
            "eps_avg_yearly": 2.87,
            "eps_latest_yearly": 2.64,
            "eps_growth_yearly": 169.36
        },
        "20071": {
            "year_quarter": 20071,
            "year": 2007,
            "quarter": 1,
            "eps": 0.31,
            "eps_growth_year": -61.73,
            "eps_4q": 2.6,
            "eps_4q_growth_year": -16.39,
            "roe": 1.92,
            "gross_profit": 178636,
            "gross_margin": 24.43,
            "net_income": 112491,
            "revenue": 731347,
            "common_shares": 3801998,
            "equity": 5963166,
            "current_ratio": 247.84,
            "debt_ratio": 26.9,
            "inventory_turnover_ratio": null,
            "account_receivable_turnover_ratio": null,
            "reinvestment_rate": 67.79,
            "research_to_sale_ratio": null,
            "price_fair": 96.86,
            "eps_avg_yearly": 2.77,
            "eps_latest_yearly": 1.24,
            "eps_growth_yearly": 145.52
        },
        "20072": {
            "year_quarter": 20072,
            "year": 2007,
            "quarter": 2,
            "eps": 0.52,
            "eps_growth_year": -47.47,
            "eps_4q": 2.17,
            "eps_4q_growth_year": -41.45,
            "roe": 3.48,
            "gross_profit": 290819,
            "gross_margin": 34.97,
            "net_income": 197510,
            "revenue": 831513,
            "common_shares": 3810086,
            "equity": 5401635,
            "current_ratio": 148.75,
            "debt_ratio": 38.38,
            "inventory_turnover_ratio": null,
            "account_receivable_turnover_ratio": null,
            "reinvestment_rate": 64.9,
            "research_to_sale_ratio": null,
            "price_fair": 96.43,
            "eps_avg_yearly": 2.76,
            "eps_latest_yearly": 2.08,
            "eps_growth_yearly": 44.95
        },
        "20073": {
            "year_quarter": 20073,
            "year": 2007,
            "quarter": 3,
            "eps": 0.9,
            "eps_growth_year": 12.5,
            "eps_4q": 2.34,
            "eps_4q_growth_year": -32.55,
            "roe": 6.06,
            "gross_profit": 478780,
            "gross_margin": 45.66,
            "net_income": 341234,
            "revenue": 1048679,
            "common_shares": 3991665,
            "equity": 5858320,
            "current_ratio": 226.3,
            "debt_ratio": 34.31,
            "inventory_turnover_ratio": null,
            "account_receivable_turnover_ratio": null,
            "reinvestment_rate": 62.38,
            "research_to_sale_ratio": null,
            "price_fair": 100.98,
            "eps_avg_yearly": 2.89,
            "eps_latest_yearly": 3.6,
            "eps_growth_yearly": 71.55
        },
        "20074": {
            "year_quarter": 20074,
            "year": 2007,
            "quarter": 4,
            "eps": 0.91,
            "eps_growth_year": 37.88,
            "eps_4q": 2.61,
            "eps_4q_growth_year": -14.56,
            "roe": 5.76,
            "gross_profit": 474602,
            "gross_margin": 45.64,
            "net_income": 348885,
            "revenue": 1039833,
            "common_shares": 4008020,
            "equity": 6250811,
            "current_ratio": 213.53,
            "debt_ratio": 32.06,
            "inventory_turnover_ratio": null,
            "account_receivable_turnover_ratio": null,
            "reinvestment_rate": 79.18,
            "research_to_sale_ratio": null,
            "price_fair": 102.38,
            "eps_avg_yearly": 2.93,
            "eps_latest_yearly": 3.64,
            "eps_growth_yearly": 47.49
        },
        "20081": {
            "year_quarter": 20081,
            "year": 2008,
            "quarter": 1,
            "eps": 0.83,
            "eps_growth_year": 167.74,
            "eps_4q": 3.13,
            "eps_4q_growth_year": 20.26,
            "roe": 5,
            "gross_profit": 468875,
            "gross_margin": 42.32,
            "net_income": 320232,
            "revenue": 1107994,
            "common_shares": 4015605,
            "equity": 6560012,
            "current_ratio": 225.87,
            "debt_ratio": 29.52,
            "inventory_turnover_ratio": null,
            "account_receivable_turnover_ratio": null,
            "reinvestment_rate": 72.07,
            "research_to_sale_ratio": null,
            "price_fair": 104.56,
            "eps_avg_yearly": 2.99,
            "eps_latest_yearly": 3.32,
            "eps_growth_yearly": 50.96
        },
        "20082": {
            "year_quarter": 20082,
            "year": 2008,
            "quarter": 2,
            "eps": 0.6,
            "eps_growth_year": 15.38,
            "eps_4q": 3.2,
            "eps_4q_growth_year": 47.2,
            "roe": 3.69,
            "gross_profit": 360228,
            "gross_margin": 35.09,
            "net_income": 233146,
            "revenue": 1026618,
            "common_shares": 4020910,
            "equity": 6082495,
            "current_ratio": 163.9,
            "debt_ratio": 34.17,
            "inventory_turnover_ratio": null,
            "account_receivable_turnover_ratio": null,
            "reinvestment_rate": 64.01,
            "research_to_sale_ratio": null,
            "price_fair": 101.15,
            "eps_avg_yearly": 2.89,
            "eps_latest_yearly": 2.4,
            "eps_growth_yearly": 26.36
        },
        "20083": {
            "year_quarter": 20083,
            "year": 2008,
            "quarter": 3,
            "eps": 0.89,
            "eps_growth_year": -1.11,
            "eps_4q": 3.1,
            "eps_4q_growth_year": 32.71,
            "roe": 5.78,
            "gross_profit": 527805,
            "gross_margin": 44.47,
            "net_income": 363253,
            "revenue": 1186909,
            "common_shares": 4132335,
            "equity": 6480290,
            "current_ratio": 181.67,
            "debt_ratio": 31.25,
            "inventory_turnover_ratio": null,
            "account_receivable_turnover_ratio": null,
            "reinvestment_rate": 65.41,
            "research_to_sale_ratio": null,
            "price_fair": 100.8,
            "eps_avg_yearly": 2.88,
            "eps_latest_yearly": 3.56,
            "eps_growth_yearly": 39.96
        },
        "20084": {
            "year_quarter": 20084,
            "year": 2008,
            "quarter": 4,
            "eps": 0.23,
            "eps_growth_year": -74.73,
            "eps_4q": 2.51,
            "eps_4q_growth_year": -3.63,
            "roe": 1.41,
            "gross_profit": 162593,
            "gross_margin": 20.17,
            "net_income": 92313,
            "revenue": 806044,
            "common_shares": 4133600,
            "equity": 6585863,
            "current_ratio": 249.56,
            "debt_ratio": 27.92,
            "inventory_turnover_ratio": null,
            "account_receivable_turnover_ratio": 2.91,
            "reinvestment_rate": 60.79,
            "research_to_sale_ratio": null,
            "price_fair": 97.48,
            "eps_avg_yearly": 2.79,
            "eps_latest_yearly": 0.92,
            "eps_growth_yearly": 30.02
        },
        "20091": {
            "year_quarter": 20091,
            "year": 2009,
            "quarter": 1,
            "eps": -0.52,
            "eps_growth_year": -162.65,
            "eps_4q": 1.17,
            "eps_4q_growth_year": -62.76,
            "roe": -3.2,
            "gross_profit": -186830,
            "gross_margin": -52.16,
            "net_income": -206829,
            "revenue": 358165,
            "common_shares": 4133600,
            "equity": 6360511,
            "current_ratio": 278.36,
            "debt_ratio": 25.85,
            "inventory_turnover_ratio": null,
            "account_receivable_turnover_ratio": 0.79,
            "reinvestment_rate": 56.76,
            "research_to_sale_ratio": null,
            "price_fair": 101.17,
            "eps_avg_yearly": 2.89,
            "eps_latest_yearly": 0.92,
            "eps_growth_yearly": 45.57
        },
        "20092": {
            "year_quarter": 20092,
            "year": 2009,
            "quarter": 2,
            "eps": 0.16,
            "eps_growth_year": -73.33,
            "eps_4q": 0.76,
            "eps_4q_growth_year": -76.39,
            "roe": 1.06,
            "gross_profit": 163855,
            "gross_margin": 22.05,
            "net_income": 66818,
            "revenue": 743125,
            "common_shares": 4136053,
            "equity": 6251692,
            "current_ratio": 252.53,
            "debt_ratio": 26.69,
            "inventory_turnover_ratio": null,
            "account_receivable_turnover_ratio": 1.52,
            "reinvestment_rate": 52.76,
            "research_to_sale_ratio": null,
            "price_fair": 104.7,
            "eps_avg_yearly": 2.99,
            "eps_latest_yearly": 0.92,
            "eps_growth_yearly": 42.16
        },
        "20093": {
            "year_quarter": 20093,
            "year": 2009,
            "quarter": 3,
            "eps": 0.53,
            "eps_growth_year": -40.45,
            "eps_4q": 0.42,
            "eps_4q_growth_year": -86.51,
            "roe": 3.55,
            "gross_profit": 351398,
            "gross_margin": 34.48,
            "net_income": 225965,
            "revenue": 1019189,
            "common_shares": 4424459,
            "equity": 6490758,
            "current_ratio": 344.13,
            "debt_ratio": 24.3,
            "inventory_turnover_ratio": null,
            "account_receivable_turnover_ratio": 1.43,
            "reinvestment_rate": 42.23,
            "research_to_sale_ratio": null,
            "price_fair": 101.8,
            "eps_avg_yearly": 2.91,
            "eps_latest_yearly": 2.12,
            "eps_growth_yearly": 73.48
        },
        "20094": {
            "year_quarter": 20094,
            "year": 2009,
            "quarter": 4,
            "eps": 0.74,
            "eps_growth_year": 221.74,
            "eps_4q": 0.93,
            "eps_4q_growth_year": -62.83,
            "roe": 4.71,
            "gross_profit": 439942,
            "gross_margin": 39.06,
            "net_income": 313155,
            "revenue": 1126414,
            "common_shares": 4424459,
            "equity": 6808121,
            "current_ratio": 321.07,
            "debt_ratio": 23.64,
            "inventory_turnover_ratio": null,
            "account_receivable_turnover_ratio": 2.7,
            "reinvestment_rate": 55.37,
            "research_to_sale_ratio": null,
            "price_fair": 97.2,
            "eps_avg_yearly": 2.78,
            "eps_latest_yearly": 2.96,
            "eps_growth_yearly": 71.56
        },
        "20101": {
            "year_quarter": 20101,
            "year": 2010,
            "quarter": 1,
            "eps": 0.77,
            "eps_growth_year": null,
            "eps_4q": 2.18,
            "eps_4q_growth_year": 87.32,
            "roe": 4.7,
            "gross_profit": 465223,
            "gross_margin": 39.35,
            "net_income": 327460,
            "revenue": 1182291,
            "common_shares": 4427459,
            "equity": 7136482,
            "current_ratio": 252.82,
            "debt_ratio": 24.62,
            "inventory_turnover_ratio": null,
            "account_receivable_turnover_ratio": 1.37,
            "reinvestment_rate": 48.88,
            "research_to_sale_ratio": 3.2,
            "price_fair": 96.8,
            "eps_avg_yearly": 2.77,
            "eps_latest_yearly": 3.08,
            "eps_growth_yearly": 82.01
        },
        "20102": {
            "year_quarter": 20102,
            "year": 2010,
            "quarter": 2,
            "eps": 0.91,
            "eps_growth_year": 469.34,
            "eps_4q": 2.93,
            "eps_4q_growth_year": 287.8,
            "roe": 5.51,
            "gross_profit": 531571,
            "gross_margin": 40.8,
            "net_income": 390925,
            "revenue": 1303022,
            "common_shares": 4444509,
            "equity": 7045944,
            "current_ratio": 188.74,
            "debt_ratio": 30.18,
            "inventory_turnover_ratio": null,
            "account_receivable_turnover_ratio": 1.34,
            "reinvestment_rate": 45.19,
            "research_to_sale_ratio": 3.16,
            "price_fair": 96,
            "eps_avg_yearly": 2.74,
            "eps_latest_yearly": 3.64,
            "eps_growth_yearly": 80.85
        },
        "20103": {
            "year_quarter": 20103,
            "year": 2010,
            "quarter": 3,
            "eps": 0.82,
            "eps_growth_year": 54.1,
            "eps_4q": 3.22,
            "eps_4q_growth_year": 669.22,
            "roe": 4.84,
            "gross_profit": 504531,
            "gross_margin": 38.37,
            "net_income": 351101,
            "revenue": 1314935,
            "common_shares": 4451979,
            "equity": 7467011,
            "current_ratio": 295.15,
            "debt_ratio": 28.39,
            "inventory_turnover_ratio": null,
            "account_receivable_turnover_ratio": 1.27,
            "reinvestment_rate": 52.34,
            "research_to_sale_ratio": 3.23,
            "price_fair": 96.2,
            "eps_avg_yearly": 2.75,
            "eps_latest_yearly": 3.28,
            "eps_growth_yearly": 83.51
        },
        "20104": {
            "year_quarter": 20104,
            "year": 2010,
            "quarter": 4,
            "eps": 0.71,
            "eps_growth_year": -4.23,
            "eps_4q": 3.18,
            "eps_4q_growth_year": 240.11,
            "roe": 4.03,
            "gross_profit": 459933,
            "gross_margin": 35.82,
            "net_income": 306947,
            "revenue": 1283943,
            "common_shares": 4484374,
            "equity": 7779696,
            "current_ratio": 256.84,
            "debt_ratio": 30.05,
            "inventory_turnover_ratio": null,
            "account_receivable_turnover_ratio": 1.28,
            "reinvestment_rate": 62.54,
            "research_to_sale_ratio": 3.21,
            "price_fair": 96.7,
            "eps_avg_yearly": 2.76,
            "eps_latest_yearly": 2.84,
            "eps_growth_yearly": 84.68
        },
        "20111": {
            "year_quarter": 20111,
            "year": 2011,
            "quarter": 1,
            "eps": 0.51,
            "eps_growth_year": -33.77,
            "eps_4q": 2.92,
            "eps_4q_growth_year": 33.88,
            "roe": 2.8,
            "gross_profit": 369428,
            "gross_margin": 31.22,
            "net_income": 222407,
            "revenue": 1183207,
            "common_shares": 4501759,
            "equity": 8082524,
            "current_ratio": 248.97,
            "debt_ratio": 27.51,
            "inventory_turnover_ratio": null,
            "account_receivable_turnover_ratio": 1.25,
            "reinvestment_rate": 97.19,
            "research_to_sale_ratio": 3.36,
            "price_fair": 98.7,
            "eps_avg_yearly": 2.82,
            "eps_latest_yearly": 2.04,
            "eps_growth_yearly": 91.78
        },
        "20112": {
            "year_quarter": 20112,
            "year": 2011,
            "quarter": 2,
            "eps": 0.48,
            "eps_growth_year": -47.29,
            "eps_4q": 2.48,
            "eps_4q_growth_year": -15.24,
            "roe": 2.73,
            "gross_profit": 384107,
            "gross_margin": 31.81,
            "net_income": 211015,
            "revenue": 1207616,
            "common_shares": 4502809,
            "equity": 7396131,
            "current_ratio": 141.33,
            "debt_ratio": 34.54,
            "inventory_turnover_ratio": null,
            "account_receivable_turnover_ratio": 1.3,
            "reinvestment_rate": 108.51,
            "research_to_sale_ratio": 3.36,
            "price_fair": 98.3,
            "eps_avg_yearly": 2.81,
            "eps_latest_yearly": 1.92,
            "eps_growth_yearly": 70.75
        },
        "20113": {
            "year_quarter": 20113,
            "year": 2011,
            "quarter": 3,
            "eps": 0.39,
            "eps_growth_year": -52.35,
            "eps_4q": 2.02,
            "eps_4q_growth_year": -37.3,
            "roe": 2.36,
            "gross_profit": 339667,
            "gross_margin": 28.36,
            "net_income": 177054,
            "revenue": 1197660,
            "common_shares": 4549612,
            "equity": 7593409,
            "current_ratio": 218.93,
            "debt_ratio": 33.13,
            "inventory_turnover_ratio": null,
            "account_receivable_turnover_ratio": 1.23,
            "reinvestment_rate": 113.48,
            "research_to_sale_ratio": 3.4,
            "price_fair": 93.2,
            "eps_avg_yearly": 2.66,
            "eps_latest_yearly": 1.56,
            "eps_growth_yearly": 44.51
        },
        "20114": {
            "year_quarter": 20114,
            "year": 2011,
            "quarter": 4,
            "eps": 0.47,
            "eps_growth_year": -33.02,
            "eps_4q": 1.86,
            "eps_4q_growth_year": -41.36,
            "roe": 2.71,
            "gross_profit": 361951,
            "gross_margin": 27.52,
            "net_income": 208606,
            "revenue": 1315345,
            "common_shares": 4549632,
            "equity": 7785616,
            "current_ratio": 219.36,
            "debt_ratio": 32.57,
            "inventory_turnover_ratio": null,
            "account_receivable_turnover_ratio": 1.34,
            "reinvestment_rate": 91.98,
            "research_to_sale_ratio": 3.15,
            "price_fair": 88.8,
            "eps_avg_yearly": 2.54,
            "eps_latest_yearly": 1.88,
            "eps_growth_yearly": 50.05
        },
        "20121": {
            "year_quarter": 20121,
            "year": 2012,
            "quarter": 1,
            "eps": 0.35,
            "eps_growth_year": -31.37,
            "eps_4q": 1.71,
            "eps_4q_growth_year": -41.65,
            "roe": 1.97,
            "gross_profit": 303366,
            "gross_margin": 24.63,
            "net_income": 155072,
            "revenue": 1231567,
            "common_shares": 4561322,
            "equity": 7968076,
            "current_ratio": 247.78,
            "debt_ratio": 34.24,
            "inventory_turnover_ratio": null,
            "account_receivable_turnover_ratio": 1.31,
            "reinvestment_rate": 90.35,
            "research_to_sale_ratio": 3.61,
            "price_fair": 84,
            "eps_avg_yearly": 2.4,
            "eps_latest_yearly": 1.4,
            "eps_growth_yearly": 45.27
        },
        "20122": {
            "year_quarter": 20122,
            "year": 2012,
            "quarter": 2,
            "eps": 0.5,
            "eps_growth_year": 3.36,
            "eps_4q": 1.71,
            "eps_4q_growth_year": -31.16,
            "roe": 2.83,
            "gross_profit": 409947,
            "gross_margin": 30.98,
            "net_income": 221133,
            "revenue": 1323109,
            "common_shares": 4564942,
            "equity": 7650638,
            "current_ratio": 194.4,
            "debt_ratio": 37.08,
            "inventory_turnover_ratio": null,
            "account_receivable_turnover_ratio": 1.36,
            "reinvestment_rate": 92,
            "research_to_sale_ratio": 3.45,
            "price_fair": 83,
            "eps_avg_yearly": 2.37,
            "eps_latest_yearly": 2,
            "eps_growth_yearly": 65.43
        },
        "20123": {
            "year_quarter": 20123,
            "year": 2012,
            "quarter": 3,
            "eps": 0.55,
            "eps_growth_year": 41.14,
            "eps_4q": 1.86,
            "eps_4q_growth_year": -7.71,
            "roe": 3.14,
            "gross_profit": 432885,
            "gross_margin": 31.33,
            "net_income": 244852,
            "revenue": 1381537,
            "common_shares": 4613955,
            "equity": 7942849,
            "current_ratio": 189.06,
            "debt_ratio": 32.01,
            "inventory_turnover_ratio": null,
            "account_receivable_turnover_ratio": 1.34,
            "reinvestment_rate": 95.92,
            "research_to_sale_ratio": 3.3,
            "price_fair": 79.6,
            "eps_avg_yearly": 2.27,
            "eps_latest_yearly": 2.2,
            "eps_growth_yearly": 54.48
        },
        "20124": {
            "year_quarter": 20124,
            "year": 2012,
            "quarter": 4,
            "eps": 0.43,
            "eps_growth_year": -8.47,
            "eps_4q": 1.83,
            "eps_4q_growth_year": -2.02,
            "roe": 2.41,
            "gross_profit": 347068,
            "gross_margin": 28.39,
            "net_income": 193892,
            "revenue": 1222609,
            "common_shares": 4619015,
            "equity": 8154583,
            "current_ratio": 242.57,
            "debt_ratio": 30.17,
            "inventory_turnover_ratio": null,
            "account_receivable_turnover_ratio": 1.22,
            "reinvestment_rate": 91.35,
            "research_to_sale_ratio": 2.98,
            "price_fair": 81.6,
            "eps_avg_yearly": 2.33,
            "eps_latest_yearly": 1.72,
            "eps_growth_yearly": 69.43
        },
        "20131": {
            "year_quarter": 20131,
            "year": 2013,
            "quarter": 1,
            "eps": 0.29,
            "eps_growth_year": -17.14,
            "eps_4q": 1.77,
            "eps_4q_growth_year": 3.58,
            "roe": 1.57,
            "gross_profit": 251217,
            "gross_margin": 22.69,
            "net_income": 128672,
            "revenue": 1107348,
            "common_shares": 4619015,
            "equity": 8263993,
            "current_ratio": 216.52,
            "debt_ratio": 30.97,
            "inventory_turnover_ratio": null,
            "account_receivable_turnover_ratio": 1.17,
            "reinvestment_rate": 40.54,
            "research_to_sale_ratio": 3.73,
            "price_fair": 78.87,
            "eps_avg_yearly": 2.25,
            "eps_latest_yearly": 1.16,
            "eps_growth_yearly": 56.12
        },
        "20132": {
            "year_quarter": 20132,
            "year": 2013,
            "quarter": 2,
            "eps": 0.43,
            "eps_growth_year": -13.35,
            "eps_4q": 1.69,
            "eps_4q_growth_year": -1.29,
            "roe": 2.39,
            "gross_profit": 356092,
            "gross_margin": 29.61,
            "net_income": 193577,
            "revenue": 1202603,
            "common_shares": 4619015,
            "equity": 7924216,
            "current_ratio": 177.24,
            "debt_ratio": 38,
            "inventory_turnover_ratio": null,
            "account_receivable_turnover_ratio": 1.28,
            "reinvestment_rate": 49.78,
            "research_to_sale_ratio": 3.47,
            "price_fair": 77.7,
            "eps_avg_yearly": 2.22,
            "eps_latest_yearly": 1.72,
            "eps_growth_yearly": 64.68
        },
        "20133": {
            "year_quarter": 20133,
            "year": 2013,
            "quarter": 3,
            "eps": 0.6,
            "eps_growth_year": 9.24,
            "eps_4q": 1.75,
            "eps_4q_growth_year": -5.98,
            "roe": 3.38,
            "gross_profit": 432912,
            "gross_margin": 31.79,
            "net_income": 272570,
            "revenue": 1361668,
            "common_shares": 4665205,
            "equity": 8223891,
            "current_ratio": 145.48,
            "debt_ratio": 32.62,
            "inventory_turnover_ratio": null,
            "account_receivable_turnover_ratio": 1.34,
            "reinvestment_rate": 57.83,
            "research_to_sale_ratio": 3.39,
            "price_fair": 59.87,
            "eps_avg_yearly": 2.24,
            "eps_latest_yearly": 2.4,
            "eps_growth_yearly": 16.76
        },
        "20134": {
            "year_quarter": 20134,
            "year": 2013,
            "quarter": 4,
            "eps": 0.55,
            "eps_growth_year": 26.27,
            "eps_4q": 1.87,
            "eps_4q_growth_year": 2.31,
            "roe": 2.96,
            "gross_profit": 414211,
            "gross_margin": 31.15,
            "net_income": 247275,
            "revenue": 1329568,
            "common_shares": 4665205,
            "equity": 8485382,
            "current_ratio": 187.44,
            "debt_ratio": 33.94,
            "inventory_turnover_ratio": null,
            "account_receivable_turnover_ratio": 1.26,
            "reinvestment_rate": 40.88,
            "research_to_sale_ratio": 3.4,
            "price_fair": 32.34,
            "eps_avg_yearly": 2.19,
            "eps_latest_yearly": 2.2,
            "eps_growth_yearly": 4.77
        },
        "20141": {
            "year_quarter": 20141,
            "year": 2014,
            "quarter": 1,
            "eps": 0.38,
            "eps_growth_year": 31.03,
            "eps_4q": 1.96,
            "eps_4q_growth_year": 11.07,
            "roe": 1.99,
            "gross_profit": 306539,
            "gross_margin": 24.9,
            "net_income": 171146,
            "revenue": 1231029,
            "common_shares": 4665205,
            "equity": 8696165,
            "current_ratio": 192.54,
            "debt_ratio": 32.36,
            "inventory_turnover_ratio": null,
            "account_receivable_turnover_ratio": 1.2,
            "reinvestment_rate": 37.73,
            "research_to_sale_ratio": 3.53,
            "price_fair": 6.28,
            "eps_avg_yearly": 2.09,
            "eps_latest_yearly": 1.52,
            "eps_growth_yearly": -3.97
        },
        "20142": {
            "year_quarter": 20142,
            "year": 2014,
            "quarter": 2,
            "eps": 0.68,
            "eps_growth_year": 58.14,
            "eps_4q": 2.18,
            "eps_4q_growth_year": 28.98,
            "roe": 3.57,
            "gross_profit": 473719,
            "gross_margin": 32.12,
            "net_income": 307185,
            "revenue": 1474998,
            "common_shares": 4696655,
            "equity": 8502730,
            "current_ratio": 144.21,
            "debt_ratio": 37.97,
            "inventory_turnover_ratio": null,
            "account_receivable_turnover_ratio": 1.33,
            "reinvestment_rate": 52.54,
            "research_to_sale_ratio": 3.55,
            "price_fair": 43.18,
            "eps_avg_yearly": 2.04,
            "eps_latest_yearly": 2.72,
            "eps_growth_yearly": 11.22
        },
        "20143": {
            "year_quarter": 20143,
            "year": 2014,
            "quarter": 3,
            "eps": 0.81,
            "eps_growth_year": 35,
            "eps_4q": 2.38,
            "eps_4q_growth_year": 35.89,
            "roe": 4.24,
            "gross_profit": 528753,
            "gross_margin": 33.54,
            "net_income": 368771,
            "revenue": 1576688,
            "common_shares": 4761707,
            "equity": 8893965,
            "current_ratio": 214.33,
            "debt_ratio": 37.05,
            "inventory_turnover_ratio": null,
            "account_receivable_turnover_ratio": 1.26,
            "reinvestment_rate": 52.19,
            "research_to_sale_ratio": 3.48,
            "price_fair": 57.86,
            "eps_avg_yearly": 2.03,
            "eps_latest_yearly": 3.24,
            "eps_growth_yearly": 18.47
        },
        "20144": {
            "year_quarter": 20144,
            "year": 2014,
            "quarter": 4,
            "eps": 0.78,
            "eps_growth_year": 42.44,
            "eps_4q": 2.62,
            "eps_4q_growth_year": 40.35,
            "roe": 3.96,
            "gross_profit": 521713,
            "gross_margin": 33.63,
            "net_income": 359628,
            "revenue": 1551284,
            "common_shares": 4761707,
            "equity": 9274380,
            "current_ratio": 241.27,
            "debt_ratio": 33.03,
            "inventory_turnover_ratio": null,
            "account_receivable_turnover_ratio": 1.27,
            "reinvestment_rate": 37.75,
            "research_to_sale_ratio": 3.3,
            "price_fair": 63.34,
            "eps_avg_yearly": 2.05,
            "eps_latest_yearly": 3.12,
            "eps_growth_yearly": 20.9
        },
        "20151": {
            "year_quarter": 20151,
            "year": 2015,
            "quarter": 1,
            "eps": 0.67,
            "eps_growth_year": 76.32,
            "eps_4q": 2.92,
            "eps_4q_growth_year": 48.58,
            "roe": 3.26,
            "gross_profit": 485832,
            "gross_margin": 32.05,
            "net_income": 306408,
            "revenue": 1516016,
            "common_shares": 4761707,
            "equity": 9537606,
            "current_ratio": 225.43,
            "debt_ratio": 31.71,
            "inventory_turnover_ratio": null,
            "account_receivable_turnover_ratio": 1.32,
            "reinvestment_rate": 1.57,
            "research_to_sale_ratio": 3.2,
            "price_fair": 71.93,
            "eps_avg_yearly": 2.09,
            "eps_latest_yearly": 2.68,
            "eps_growth_yearly": 24.41
        },
        "20152": {
            "year_quarter": 20152,
            "year": 2015,
            "quarter": 2,
            "eps": 0.46,
            "eps_growth_year": -32.35,
            "eps_4q": 2.68,
            "eps_4q_growth_year": 23.01,
            "roe": 2.27,
            "gross_profit": 426183,
            "gross_margin": 28.6,
            "net_income": 210351,
            "revenue": 1490234,
            "common_shares": 4761707,
            "equity": 8990009,
            "current_ratio": 166.41,
            "debt_ratio": 35.09,
            "inventory_turnover_ratio": null,
            "account_receivable_turnover_ratio": 1.3,
            "reinvestment_rate": -9.27,
            "research_to_sale_ratio": 3.32,
            "price_fair": 58.48,
            "eps_avg_yearly": 2.09,
            "eps_latest_yearly": 1.84,
            "eps_growth_yearly": 18.05
        },
        "20153": {
            "year_quarter": 20153,
            "year": 2015,
            "quarter": 3,
            "eps": 0.66,
            "eps_growth_year": -18.52,
            "eps_4q": 2.54,
            "eps_4q_growth_year": 6.96,
            "roe": 3.34,
            "gross_profit": 477904,
            "gross_margin": 30.13,
            "net_income": 305721,
            "revenue": 1586111,
            "common_shares": 4808902,
            "equity": 9334484,
            "current_ratio": 214.54,
            "debt_ratio": 31.14,
            "inventory_turnover_ratio": null,
            "account_receivable_turnover_ratio": 1.34,
            "reinvestment_rate": -8.61,
            "research_to_sale_ratio": 3.35,
            "price_fair": 75.34,
            "eps_avg_yearly": 2.15,
            "eps_latest_yearly": 2.64,
            "eps_growth_yearly": 33.61
        },
        "20154": {
            "year_quarter": 20154,
            "year": 2015,
            "quarter": 4,
            "eps": 0.35,
            "eps_growth_year": -54.72,
            "eps_4q": 2.12,
            "eps_4q_growth_year": -19.02,
            "roe": 1.75,
            "gross_profit": 306742,
            "gross_margin": 23.03,
            "net_income": 164468,
            "revenue": 1332141,
            "common_shares": 4808902,
            "equity": 9508710,
            "current_ratio": 221.3,
            "debt_ratio": 28.86,
            "inventory_turnover_ratio": null,
            "account_receivable_turnover_ratio": 1.21,
            "reinvestment_rate": -6.5,
            "research_to_sale_ratio": 4.06,
            "price_fair": 56.75,
            "eps_avg_yearly": 2.12,
            "eps_latest_yearly": 1.4,
            "eps_growth_yearly": 16.74
        },
        "20161": {
            "year_quarter": 20161,
            "year": 2016,
            "quarter": 1,
            "eps": 0.23,
            "eps_growth_year": -65.67,
            "eps_4q": 1.69,
            "eps_4q_growth_year": -41.94,
            "roe": 1.11,
            "gross_profit": 255121,
            "gross_margin": 19.92,
            "net_income": 106311,
            "revenue": 1280557,
            "common_shares": 4808902,
            "equity": 9650297,
            "current_ratio": 260.07,
            "debt_ratio": 27.61,
            "inventory_turnover_ratio": null,
            "account_receivable_turnover_ratio": 1.33,
            "reinvestment_rate": -12.36,
            "research_to_sale_ratio": 3.61,
            "price_fair": 51.36,
            "eps_avg_yearly": 2.09,
            "eps_latest_yearly": 0.92,
            "eps_growth_yearly": 14.55
        },
        "20162": {
            "year_quarter": 20162,
            "year": 2016,
            "quarter": 2,
            "eps": 0.49,
            "eps_growth_year": 6.52,
            "eps_4q": 1.71,
            "eps_4q_growth_year": -36.18,
            "roe": 2.39,
            "gross_profit": 410590,
            "gross_margin": 28.46,
            "net_income": 226094,
            "revenue": 1442813,
            "common_shares": 4808902,
            "equity": 9257843,
            "current_ratio": 199.13,
            "debt_ratio": 29.58,
            "inventory_turnover_ratio": null,
            "account_receivable_turnover_ratio": 1.41,
            "reinvestment_rate": -22.39,
            "research_to_sale_ratio": 3.35,
            "price_fair": 73.15,
            "eps_avg_yearly": 2.09,
            "eps_latest_yearly": 1.96,
            "eps_growth_yearly": 32.09
        },
        "20163": {
            "year_quarter": 20163,
            "year": 2016,
            "quarter": 3,
            "eps": 0.61,
            "eps_growth_year": -7.58,
            "eps_4q": 1.67,
            "eps_4q_growth_year": -34.46,
            "roe": 2.99,
            "gross_profit": 519371,
            "gross_margin": 30.64,
            "net_income": 291711,
            "revenue": 1695130,
            "common_shares": 4855873,
            "equity": 10258329,
            "current_ratio": 227.32,
            "debt_ratio": 31.85,
            "inventory_turnover_ratio": null,
            "account_receivable_turnover_ratio": 1.32,
            "reinvestment_rate": -1.06,
            "research_to_sale_ratio": 3.19,
            "price_fair": 73.68,
            "eps_avg_yearly": 2.11,
            "eps_latest_yearly": 2.44,
            "eps_growth_yearly": 35.72
        },
        "20164": {
            "year_quarter": 20164,
            "year": 2016,
            "quarter": 4,
            "eps": 0.59,
            "eps_growth_year": 65.79,
            "eps_4q": 1.9,
            "eps_4q_growth_year": -10.37,
            "roe": 2.74,
            "gross_profit": 495222,
            "gross_margin": 26.89,
            "net_income": 283997,
            "revenue": 1841922,
            "common_shares": 4855753,
            "equity": 10485768,
            "current_ratio": 214.2,
            "debt_ratio": 32.64,
            "inventory_turnover_ratio": null,
            "account_receivable_turnover_ratio": 1.22,
            "reinvestment_rate": -1.66,
            "research_to_sale_ratio": 3.39,
            "price_fair": 75.08,
            "eps_avg_yearly": 2.15,
            "eps_latest_yearly": 2.36,
            "eps_growth_yearly": 40.35
        },
        "20171": {
            "year_quarter": 20171,
            "year": 2017,
            "quarter": 1,
            "eps": 0.49,
            "eps_growth_year": 113.04,
            "eps_4q": 2.16,
            "eps_4q_growth_year": 27.66,
            "roe": 2.16,
            "gross_profit": 486692,
            "gross_margin": 27.02,
            "net_income": 228441,
            "revenue": 1801394,
            "common_shares": 4855663,
            "equity": 10684541,
            "current_ratio": 181.17,
            "debt_ratio": 30.44,
            "inventory_turnover_ratio": null,
            "account_receivable_turnover_ratio": 1.2,
            "reinvestment_rate": 41.43,
            "research_to_sale_ratio": 3.41,
            "price_fair": 76.83,
            "eps_avg_yearly": 2.2,
            "eps_latest_yearly": 1.96,
            "eps_growth_yearly": 44.25
        },
        "20172": {
            "year_quarter": 20172,
            "year": 2017,
            "quarter": 2,
            "eps": 0.54,
            "eps_growth_year": 10.2,
            "eps_4q": 2.22,
            "eps_4q_growth_year": 29.63,
            "roe": 2.27,
            "gross_profit": 531233,
            "gross_margin": 28.43,
            "net_income": 238628,
            "revenue": 1868509,
            "common_shares": 4855663,
            "equity": 10382633,
            "current_ratio": 163.03,
            "debt_ratio": 35.25,
            "inventory_turnover_ratio": null,
            "account_receivable_turnover_ratio": 1.24,
            "reinvestment_rate": 40.99,
            "research_to_sale_ratio": 3.35,
            "price_fair": 77.79,
            "eps_avg_yearly": 2.22,
            "eps_latest_yearly": 2.16,
            "eps_growth_yearly": 34.74
        },
        "20173": {
            "year_quarter": 20173,
            "year": 2017,
            "quarter": 3,
            "eps": 0.87,
            "eps_growth_year": 42.62,
            "eps_4q": 2.48,
            "eps_4q_growth_year": 48.6,
            "roe": 4.07,
            "gross_profit": 708366,
            "gross_margin": 33.98,
            "net_income": 410418,
            "revenue": 2084649,
            "common_shares": 4854613,
            "equity": 9782642,
            "current_ratio": 196.91,
            "debt_ratio": 38.84,
            "inventory_turnover_ratio": null,
            "account_receivable_turnover_ratio": 1.29,
            "reinvestment_rate": 35.79,
            "research_to_sale_ratio": 3.15,
            "price_fair": 80.15,
            "eps_avg_yearly": 2.29,
            "eps_latest_yearly": 3.48,
            "eps_growth_yearly": 40.13
        },
        "20174": {
            "year_quarter": 20174,
            "year": 2017,
            "quarter": 4,
            "eps": 0.82,
            "eps_growth_year": 40.35,
            "eps_4q": 2.7,
            "eps_4q_growth_year": 41.63,
            "roe": 3.91,
            "gross_profit": 731350,
            "gross_margin": 34.74,
            "net_income": 390084,
            "revenue": 2105463,
            "common_shares": 4900361,
            "equity": 10177739,
            "current_ratio": 201.5,
            "debt_ratio": 37.47,
            "inventory_turnover_ratio": null,
            "account_receivable_turnover_ratio": 1.26,
            "reinvestment_rate": 27.62,
            "research_to_sale_ratio": 3.2,
            "price_fair": 82.51,
            "eps_avg_yearly": 2.36,
            "eps_latest_yearly": 3.28,
            "eps_growth_yearly": 40.78
        },
        "20181": {
            "year_quarter": 20181,
            "year": 2018,
            "quarter": 1,
            "eps": 0.65,
            "eps_growth_year": 32.65,
            "eps_4q": 2.86,
            "eps_4q_growth_year": 32.25,
            "roe": 2.94,
            "gross_profit": 569515,
            "gross_margin": 29.46,
            "net_income": 304419,
            "revenue": 1933229,
            "common_shares": 4899962,
            "equity": 10502368,
            "current_ratio": 185.61,
            "debt_ratio": 36.26,
            "inventory_turnover_ratio": null,
            "account_receivable_turnover_ratio": 1.16,
            "reinvestment_rate": 34.53,
            "research_to_sale_ratio": 3.58,
            "price_fair": 84.88,
            "eps_avg_yearly": 2.43,
            "eps_latest_yearly": 2.6,
            "eps_growth_yearly": 43.32
        },
        "20182": {
            "year_quarter": 20182,
            "year": 2018,
            "quarter": 2,
            "eps": 0.78,
            "eps_growth_year": 44.44,
            "eps_4q": 3.09,
            "eps_4q_growth_year": 39.7,
            "roe": 3.55,
            "gross_profit": 653396,
            "gross_margin": 32.23,
            "net_income": 365017,
            "revenue": 2027185,
            "common_shares": 4903962,
            "equity": 10083151,
            "current_ratio": 141.01,
            "debt_ratio": 39.59,
            "inventory_turnover_ratio": null,
            "account_receivable_turnover_ratio": 1.19,
            "reinvestment_rate": 24.67,
            "research_to_sale_ratio": 3.57,
            "price_fair": 85.75,
            "eps_avg_yearly": 2.45,
            "eps_latest_yearly": 3.12,
            "eps_growth_yearly": 28.58
        },
        "20183": {
            "year_quarter": 20183,
            "year": 2018,
            "quarter": 3,
            "eps": 0.96,
            "eps_growth_year": 10.34,
            "eps_4q": 3.19,
            "eps_4q_growth_year": 28.72,
            "roe": 4.38,
            "gross_profit": 854806,
            "gross_margin": 37.31,
            "net_income": 452202,
            "revenue": 2291109,
            "common_shares": 4903962,
            "equity": 10545545,
            "current_ratio": 211.91,
            "debt_ratio": 37.62,
            "inventory_turnover_ratio": null,
            "account_receivable_turnover_ratio": 1.2,
            "reinvestment_rate": 28.55,
            "research_to_sale_ratio": 4.88,
            "price_fair": 87.06,
            "eps_avg_yearly": 2.49,
            "eps_latest_yearly": 3.84,
            "eps_growth_yearly": 29.57
        },
        "20184": {
            "year_quarter": 20184,
            "year": 2018,
            "quarter": 4,
            "eps": 0.9,
            "eps_growth_year": 9.37,
            "eps_4q": 3.27,
            "eps_4q_growth_year": 21.19,
            "roe": 3.96,
            "gross_profit": 763435,
            "gross_margin": 34.82,
            "net_income": 426904,
            "revenue": 2192281,
            "common_shares": 4903252,
            "equity": 11002700,
            "current_ratio": 143.27,
            "debt_ratio": 37.71,
            "inventory_turnover_ratio": null,
            "account_receivable_turnover_ratio": 1.15,
            "reinvestment_rate": 33.42,
            "research_to_sale_ratio": 4.11,
            "price_fair": 88.11,
            "eps_avg_yearly": 2.52,
            "eps_latest_yearly": 3.6,
            "eps_growth_yearly": 28.94
        },
        "20191": {
            "year_quarter": 20191,
            "year": 2019,
            "quarter": 1,
            "eps": 0.39,
            "eps_growth_year": -40,
            "eps_4q": 3.01,
            "eps_4q_growth_year": 5.21,
            "roe": 1.63,
            "gross_profit": 440547,
            "gross_margin": 24.84,
            "net_income": 181375,
            "revenue": 1773873,
            "common_shares": 4903252,
            "equity": 11231249,
            "current_ratio": 136.12,
            "debt_ratio": 39.73,
            "inventory_turnover_ratio": null,
            "account_receivable_turnover_ratio": 1.06,
            "reinvestment_rate": 44.62,
            "research_to_sale_ratio": 4.42,
            "price_fair": 69.25,
            "eps_avg_yearly": 2.45,
            "eps_latest_yearly": 1.56,
            "eps_growth_yearly": 18.3
        },
        "20192": {
            "year_quarter": 20192,
            "year": 2019,
            "quarter": 2,
            "eps": 0.56,
            "eps_growth_year": -28.21,
            "eps_4q": 2.79,
            "eps_4q_growth_year": -9.92,
            "roe": 2.38,
            "gross_profit": 635147,
            "gross_margin": 32.07,
            "net_income": 261218,
            "revenue": 1980542,
            "common_shares": 4903252,
            "equity": 10715106,
            "current_ratio": 138.43,
            "debt_ratio": 42.11,
            "inventory_turnover_ratio": null,
            "account_receivable_turnover_ratio": 1.22,
            "reinvestment_rate": 43.24,
            "research_to_sale_ratio": 5,
            "price_fair": 86.54,
            "eps_avg_yearly": 2.47,
            "eps_latest_yearly": 2.24,
            "eps_growth_yearly": 37.03
        },
        "20193": {
            "year_quarter": 20193,
            "year": 2019,
            "quarter": 3,
            "eps": 0.74,
            "eps_growth_year": -22.92,
            "eps_4q": 2.57,
            "eps_4q_growth_year": -19.31,
            "roe": 3.22,
            "gross_profit": 723145,
            "gross_margin": 33.57,
            "net_income": 349946,
            "revenue": 2154068,
            "common_shares": 4902592,
            "equity": 11031098,
            "current_ratio": 158.65,
            "debt_ratio": 41.04,
            "inventory_turnover_ratio": null,
            "account_receivable_turnover_ratio": 1.22,
            "reinvestment_rate": 41.56,
            "research_to_sale_ratio": 4.55,
            "price_fair": 87.24,
            "eps_avg_yearly": 2.49,
            "eps_latest_yearly": 2.96,
            "eps_growth_yearly": 34.19
        },
        "20194": {
            "year_quarter": 20194,
            "year": 2019,
            "quarter": 4,
            "eps": 0.67,
            "eps_growth_year": -25.72,
            "eps_4q": 2.34,
            "eps_4q_growth_year": -28.34,
            "roe": 2.84,
            "gross_profit": 741574,
            "gross_margin": 34.63,
            "net_income": 317057,
            "revenue": 2141656,
            "common_shares": 4902592,
            "equity": 11330294,
            "current_ratio": 159.34,
            "debt_ratio": 39.01,
            "inventory_turnover_ratio": null,
            "account_receivable_turnover_ratio": 1.21,
            "reinvestment_rate": 44.82,
            "research_to_sale_ratio": 4.27,
            "price_fair": 90.04,
            "eps_avg_yearly": 2.57,
            "eps_latest_yearly": 2.68,
            "eps_growth_yearly": 43.57
        },
        "20201": {
            "year_quarter": 20201,
            "year": 2020,
            "quarter": 1,
            "eps": 0.68,
            "eps_growth_year": 74.36,
            "eps_4q": 2.64,
            "eps_4q_growth_year": -12.35,
            "roe": 2.8,
            "gross_profit": 649002,
            "gross_margin": 31.22,
            "net_income": 321016,
            "revenue": 2078823,
            "common_shares": 4902592,
            "equity": 11582499,
            "current_ratio": 144.4,
            "debt_ratio": 39.44,
            "inventory_turnover_ratio": null,
            "account_receivable_turnover_ratio": 1.17,
            "reinvestment_rate": 52.95,
            "research_to_sale_ratio": 4.48,
            "price_fair": 93.98,
            "eps_avg_yearly": 2.69,
            "eps_latest_yearly": 2.72,
            "eps_growth_yearly": 52.52
        },
        "20202": {
            "year_quarter": 20202,
            "year": 2020,
            "quarter": 2,
            "eps": 0.97,
            "eps_growth_year": 73.21,
            "eps_4q": 3.05,
            "eps_4q_growth_year": 9.32,
            "roe": 3.97,
            "gross_profit": 797547,
            "gross_margin": 35.06,
            "net_income": 456677,
            "revenue": 2275126,
            "common_shares": 4902592,
            "equity": 11395364,
            "current_ratio": 122.4,
            "debt_ratio": 44.51,
            "inventory_turnover_ratio": null,
            "account_receivable_turnover_ratio": 1.22,
            "reinvestment_rate": 84.25,
            "research_to_sale_ratio": 4.3,
            "price_fair": 98.18,
            "eps_avg_yearly": 2.81,
            "eps_latest_yearly": 3.88,
            "eps_growth_yearly": 34.92
        },
        "20203": {
            "year_quarter": 20203,
            "year": 2020,
            "quarter": 3,
            "eps": 0.97,
            "eps_growth_year": 31.08,
            "eps_4q": 3.27,
            "eps_4q_growth_year": 27.16,
            "roe": 3.92,
            "gross_profit": 910425,
            "gross_margin": 36.07,
            "net_income": 455909,
            "revenue": 2524183,
            "common_shares": 4902592,
            "equity": 11892353,
            "current_ratio": 160.41,
            "debt_ratio": 45.7,
            "inventory_turnover_ratio": null,
            "account_receivable_turnover_ratio": 1.29,
            "reinvestment_rate": 72.53,
            "research_to_sale_ratio": 4.34,
            "price_fair": 101.33,
            "eps_avg_yearly": 2.9,
            "eps_latest_yearly": 3.88,
            "eps_growth_yearly": 28.8
        },
        "20204": {
            "year_quarter": 20204,
            "year": 2020,
            "quarter": 4,
            "eps": 1.16,
            "eps_growth_year": 73.12,
            "eps_4q": 3.76,
            "eps_4q_growth_year": 60.65,
            "roe": 4.5,
            "gross_profit": 1048453,
            "gross_margin": 37.49,
            "net_income": 548896,
            "revenue": 2796817,
            "common_shares": 4902520,
            "equity": 12486629,
            "current_ratio": 165.09,
            "debt_ratio": 44.32,
            "inventory_turnover_ratio": null,
            "account_receivable_turnover_ratio": 1.32,
            "reinvestment_rate": 80.16,
            "research_to_sale_ratio": 3.93,
            "price_fair": 106.31,
            "eps_avg_yearly": 3.04,
            "eps_latest_yearly": 4.64,
            "eps_growth_yearly": 34.51
        },
        "20211": {
            "year_quarter": 20211,
            "year": 2021,
            "quarter": 1,
            "eps": 1.03,
            "eps_growth_year": 51.47,
            "eps_4q": 4.11,
            "eps_4q_growth_year": 55.78,
            "roe": 3.81,
            "gross_profit": 872443,
            "gross_margin": 33.26,
            "net_income": 484305,
            "revenue": 2622937,
            "common_shares": 4901920,
            "equity": 12936071,
            "current_ratio": 136.26,
            "debt_ratio": 44.38,
            "inventory_turnover_ratio": null,
            "account_receivable_turnover_ratio": 1.21,
            "reinvestment_rate": 94.27,
            "research_to_sale_ratio": 3.69,
            "price_fair": 111.04,
            "eps_avg_yearly": 3.17,
            "eps_latest_yearly": 4.12,
            "eps_growth_yearly": 35.95
        },
        "20212": {
            "year_quarter": 20212,
            "year": 2021,
            "quarter": 2,
            "eps": 1.35,
            "eps_growth_year": 39.18,
            "eps_4q": 4.49,
            "eps_4q_growth_year": 47.21,
            "roe": 4.81,
            "gross_profit": 1057027,
            "gross_margin": 36.79,
            "net_income": 637244,
            "revenue": 2873204,
            "common_shares": 4901701,
            "equity": 13536444,
            "current_ratio": 152.21,
            "debt_ratio": 45.23,
            "inventory_turnover_ratio": null,
            "account_receivable_turnover_ratio": 1.3,
            "reinvestment_rate": 99.93,
            "research_to_sale_ratio": 3.77,
            "price_fair": 118.13,
            "eps_avg_yearly": 3.38,
            "eps_latest_yearly": 5.4,
            "eps_growth_yearly": 41.16
        },
        "20213": {
            "year_quarter": 20213,
            "year": 2021,
            "quarter": 3,
            "eps": 1.64,
            "eps_growth_year": 69.07,
            "eps_4q": 5.16,
            "eps_4q_growth_year": 57.7,
            "roe": 5.76,
            "gross_profit": 1327045,
            "gross_margin": 40.46,
            "net_income": 774513,
            "revenue": 3279771,
            "common_shares": 4901701,
            "equity": 13339243,
            "current_ratio": 128.71,
            "debt_ratio": 47.51,
            "inventory_turnover_ratio": null,
            "account_receivable_turnover_ratio": 1.37,
            "reinvestment_rate": 110.4,
            "research_to_sale_ratio": 3.64,
            "price_fair": 124.86,
            "eps_avg_yearly": 3.57,
            "eps_latest_yearly": 6.56,
            "eps_growth_yearly": 31.26
        },
        "20214": {
            "year_quarter": 20214,
            "year": 2021,
            "quarter": 4,
            "eps": 1.44,
            "eps_growth_year": 24.68,
            "eps_4q": 5.44,
            "eps_4q_growth_year": 44.78,
            "roe": 5,
            "gross_profit": 1174078,
            "gross_margin": 37.27,
            "net_income": 684232,
            "revenue": 3149959,
            "common_shares": 4901701,
            "equity": 14005597,
            "current_ratio": 163.89,
            "debt_ratio": 46.78,
            "inventory_turnover_ratio": null,
            "account_receivable_turnover_ratio": 1.25,
            "reinvestment_rate": 109.74,
            "research_to_sale_ratio": 4,
            "price_fair": 130.29,
            "eps_avg_yearly": 3.72,
            "eps_latest_yearly": 5.76,
            "eps_growth_yearly": 29.64
        },
        "20221": {
            "year_quarter": 20221,
            "year": 2022,
            "quarter": 1,
            "eps": 1.37,
            "eps_growth_year": 33.01,
            "eps_4q": 5.79,
            "eps_4q_growth_year": 41.02,
            "roe": 4.51,
            "gross_profit": 1117082,
            "gross_margin": 35.98,
            "net_income": 647914,
            "revenue": 3105166,
            "common_shares": 4901701,
            "equity": 14744448,
            "current_ratio": 176.57,
            "debt_ratio": 45.79,
            "inventory_turnover_ratio": null,
            "account_receivable_turnover_ratio": 1.24,
            "reinvestment_rate": 103.14,
            "research_to_sale_ratio": 3.77,
            "price_fair": 136.59,
            "eps_avg_yearly": 3.9,
            "eps_latest_yearly": 5.48,
            "eps_growth_yearly": 33.61
        },
        "20222": {
            "year_quarter": 20222,
            "year": 2022,
            "quarter": 2,
            "eps": 1.88,
            "eps_growth_year": 39.26,
            "eps_4q": 6.33,
            "eps_4q_growth_year": 41.01,
            "roe": 6.14,
            "gross_profit": 1465973,
            "gross_margin": 40.85,
            "net_income": 891730,
            "revenue": 3588340,
            "common_shares": 4901701,
            "equity": 14315470,
            "current_ratio": 140.52,
            "debt_ratio": 48.56,
            "inventory_turnover_ratio": null,
            "account_receivable_turnover_ratio": 1.36,
            "reinvestment_rate": 97.34,
            "research_to_sale_ratio": 3.73,
            "price_fair": 146.21,
            "eps_avg_yearly": 4.18,
            "eps_latest_yearly": 7.52,
            "eps_growth_yearly": 37.92
        },
        "20223": {
            "year_quarter": 20223,
            "year": 2022,
            "quarter": 3,
            "eps": 2.38,
            "eps_growth_year": 45.12,
            "eps_4q": 7.07,
            "eps_4q_growth_year": 37.13,
            "roe": 7.56,
            "gross_profit": 1748052,
            "gross_margin": 43.97,
            "net_income": 1128843,
            "revenue": 3975251,
            "common_shares": 4901701,
            "equity": 15556424,
            "current_ratio": 197.35,
            "debt_ratio": 47.75,
            "inventory_turnover_ratio": null,
            "account_receivable_turnover_ratio": 1.3,
            "reinvestment_rate": 95.7,
            "research_to_sale_ratio": 3.59,
            "price_fair": 158.64,
            "eps_avg_yearly": 4.53,
            "eps_latest_yearly": 9.52,
            "eps_growth_yearly": 38.8
        },
        "20224": {
            "year_quarter": 20224,
            "year": 2022,
            "quarter": 4,
            "eps": 1.85,
            "eps_growth_year": 28.2,
            "eps_4q": 7.48,
            "eps_4q_growth_year": 37.41,
            "roe": 5.47,
            "gross_profit": 1588796,
            "gross_margin": 41.48,
            "net_income": 877212,
            "revenue": 3830398,
            "common_shares": 4901701,
            "equity": 16532122,
            "current_ratio": 184.67,
            "debt_ratio": 46.72,
            "inventory_turnover_ratio": null,
            "account_receivable_turnover_ratio": 1.21,
            "reinvestment_rate": 100.51,
            "research_to_sale_ratio": 3.44,
            "price_fair": 166.95,
            "eps_avg_yearly": 4.77,
            "eps_latest_yearly": 7.4,
            "eps_growth_yearly": 34.79
        },
        "20231": {
            "year_quarter": 20231,
            "year": 2023,
            "quarter": 1,
            "eps": 1.3,
            "eps_growth_year": -5.11,
            "eps_4q": 7.42,
            "eps_4q_growth_year": 28.14,
            "roe": 3.67,
            "gross_profit": 1172760,
            "gross_margin": 35.06,
            "net_income": 618353,
            "revenue": 3345331,
            "common_shares": 4901701,
            "equity": 17147633,
            "current_ratio": 159.87,
            "debt_ratio": 45.91,
            "inventory_turnover_ratio": null,
            "account_receivable_turnover_ratio": 1.18,
            "reinvestment_rate": 104.38,
            "research_to_sale_ratio": 3.49,
            "price_fair": 174.91,
            "eps_avg_yearly": 5,
            "eps_latest_yearly": 5.2,
            "eps_growth_yearly": 41.53
        }
    },
    "months": {
        "2004-03": {
            "month": "2004-03",
            "price": "25.09",
            "revenue": 169049
        },
        "2004-04": {
            "month": "2004-04",
            "price": "26.41",
            "revenue": 171889
        },
        "2004-05": {
            "month": "2004-05",
            "price": "24.72",
            "revenue": 176360
        },
        "2004-06": {
            "month": "2004-06",
            "price": "22.21",
            "revenue": 186444
        },
        "2004-07": {
            "month": "2004-07",
            "price": "22.41",
            "revenue": 197380
        },
        "2004-08": {
            "month": "2004-08",
            "price": "18.95",
            "revenue": 198092
        },
        "2004-09": {
            "month": "2004-09",
            "price": "18.52",
            "revenue": 190266
        },
        "2004-10": {
            "month": "2004-10",
            "price": "18.27",
            "revenue": 185564
        },
        "2004-11": {
            "month": "2004-11",
            "price": "16.89",
            "revenue": 182537
        },
        "2004-12": {
            "month": "2004-12",
            "price": "17.00",
            "revenue": 174570
        },
        "2005-01": {
            "month": "2005-01",
            "price": "15.61",
            "revenue": 157621
        },
        "2005-02": {
            "month": "2005-02",
            "price": "17.99",
            "revenue": 148373
        },
        "2005-03": {
            "month": "2005-03",
            "price": "18.86",
            "revenue": 162585
        },
        "2005-04": {
            "month": "2005-04",
            "price": "19.86",
            "revenue": 168195
        },
        "2005-05": {
            "month": "2005-05",
            "price": "18.24",
            "revenue": 170370
        },
        "2005-06": {
            "month": "2005-06",
            "price": "21.42",
            "revenue": 189539
        },
        "2005-07": {
            "month": "2005-07",
            "price": "24.47",
            "revenue": 204362
        },
        "2005-08": {
            "month": "2005-08",
            "price": "25.20",
            "revenue": 220050
        },
        "2005-09": {
            "month": "2005-09",
            "price": "24.75",
            "revenue": 240684
        },
        "2005-10": {
            "month": "2005-10",
            "price": "22.48",
            "revenue": 264205
        },
        "2005-11": {
            "month": "2005-11",
            "price": "21.10",
            "revenue": 275169
        },
        "2005-12": {
            "month": "2005-12",
            "price": "28.34",
            "revenue": 291991
        },
        "2006-01": {
            "month": "2006-01",
            "price": "31.51",
            "revenue": 275016
        },
        "2006-02": {
            "month": "2006-02",
            "price": "29.02",
            "revenue": 250493
        },
        "2006-03": {
            "month": "2006-03",
            "price": "31.16",
            "revenue": 295599
        },
        "2006-04": {
            "month": "2006-04",
            "price": "38.50",
            "revenue": 303166
        },
        "2006-05": {
            "month": "2006-05",
            "price": "35.95",
            "revenue": 313887
        },
        "2006-06": {
            "month": "2006-06",
            "price": "28.06",
            "revenue": 303242
        },
        "2006-07": {
            "month": "2006-07",
            "price": "27.00",
            "revenue": 301150
        },
        "2006-08": {
            "month": "2006-08",
            "price": "25.48",
            "revenue": 300464
        },
        "2006-09": {
            "month": "2006-09",
            "price": "25.74",
            "revenue": 301156
        },
        "2006-10": {
            "month": "2006-10",
            "price": "28.02",
            "revenue": 292081
        },
        "2006-11": {
            "month": "2006-11",
            "price": "27.41",
            "revenue": 303856
        },
        "2006-12": {
            "month": "2006-12",
            "price": "27.27",
            "revenue": 286417
        },
        "2007-01": {
            "month": "2007-01",
            "price": "30.27",
            "revenue": 260568
        },
        "2007-02": {
            "month": "2007-02",
            "price": "30.99",
            "revenue": 224442
        },
        "2007-03": {
            "month": "2007-03",
            "price": "32.18",
            "revenue": 251784
        },
        "2007-04": {
            "month": "2007-04",
            "price": "31.04",
            "revenue": 265090
        },
        "2007-05": {
            "month": "2007-05",
            "price": "29.33",
            "revenue": 289661
        },
        "2007-06": {
            "month": "2007-06",
            "price": "33.06",
            "revenue": 304176
        },
        "2007-07": {
            "month": "2007-07",
            "price": "34.98",
            "revenue": 343970
        },
        "2007-08": {
            "month": "2007-08",
            "price": "28.01",
            "revenue": 375755
        },
        "2007-09": {
            "month": "2007-09",
            "price": "27.71",
            "revenue": 387889
        },
        "2007-10": {
            "month": "2007-10",
            "price": "29.08",
            "revenue": 350054
        },
        "2007-11": {
            "month": "2007-11",
            "price": "24.86",
            "revenue": 373826
        },
        "2007-12": {
            "month": "2007-12",
            "price": "21.49",
            "revenue": 385255
        },
        "2008-01": {
            "month": "2008-01",
            "price": "19.20",
            "revenue": 383316
        },
        "2008-02": {
            "month": "2008-02",
            "price": "18.01",
            "revenue": 362452
        },
        "2008-03": {
            "month": "2008-03",
            "price": "20.67",
            "revenue": 362165
        },
        "2008-04": {
            "month": "2008-04",
            "price": "23.19",
            "revenue": 336306
        },
        "2008-05": {
            "month": "2008-05",
            "price": "24.75",
            "revenue": 342400
        },
        "2008-06": {
            "month": "2008-06",
            "price": "22.00",
            "revenue": 347857
        },
        "2008-07": {
            "month": "2008-07",
            "price": "20.92",
            "revenue": 382564
        },
        "2008-08": {
            "month": "2008-08",
            "price": "22.99",
            "revenue": 398879
        },
        "2008-09": {
            "month": "2008-09",
            "price": "19.64",
            "revenue": 406419
        },
        "2008-10": {
            "month": "2008-10",
            "price": "15.29",
            "revenue": 378041
        },
        "2008-11": {
            "month": "2008-11",
            "price": "12.62",
            "revenue": 239760
        },
        "2008-12": {
            "month": "2008-12",
            "price": "11.72",
            "revenue": 188203
        },
        "2009-01": {
            "month": "2009-01",
            "price": "11.57",
            "revenue": 110432
        },
        "2009-02": {
            "month": "2009-02",
            "price": "11.28",
            "revenue": 115839
        },
        "2009-03": {
            "month": "2009-03",
            "price": "13.84",
            "revenue": 132485
        },
        "2009-04": {
            "month": "2009-04",
            "price": "16.22",
            "revenue": 179466
        },
        "2009-05": {
            "month": "2009-05",
            "price": "15.65",
            "revenue": 266544
        },
        "2009-06": {
            "month": "2009-06",
            "price": "15.37",
            "revenue": 297189
        },
        "2009-07": {
            "month": "2009-07",
            "price": "16.11",
            "revenue": 323909
        },
        "2009-08": {
            "month": "2009-08",
            "price": "16.77",
            "revenue": 336325
        },
        "2009-09": {
            "month": "2009-09",
            "price": "18.03",
            "revenue": 359554
        },
        "2009-10": {
            "month": "2009-10",
            "price": "17.75",
            "revenue": 362535
        },
        "2009-11": {
            "month": "2009-11",
            "price": "17.64",
            "revenue": 366527
        },
        "2009-12": {
            "month": "2009-12",
            "price": "19.23",
            "revenue": 398731
        },
        "2010-01": {
            "month": "2010-01",
            "price": "21.12",
            "revenue": 393932
        },
        "2010-02": {
            "month": "2010-02",
            "price": "21.22",
            "revenue": 374425
        },
        "2010-03": {
            "month": "2010-03",
            "price": "23.63",
            "revenue": 413946
        },
        "2010-04": {
            "month": "2010-04",
            "price": "26.74",
            "revenue": 423131
        },
        "2010-05": {
            "month": "2010-05",
            "price": "25.23",
            "revenue": 431893
        },
        "2010-06": {
            "month": "2010-06",
            "price": "24.14",
            "revenue": 448007
        },
        "2010-07": {
            "month": "2010-07",
            "price": "25.32",
            "revenue": 438303
        },
        "2010-08": {
            "month": "2010-08",
            "price": "24.28",
            "revenue": 433596
        },
        "2010-09": {
            "month": "2010-09",
            "price": "23.97",
            "revenue": 443328
        },
        "2010-10": {
            "month": "2010-10",
            "price": "24.66",
            "revenue": 419811
        },
        "2010-11": {
            "month": "2010-11",
            "price": "26.26",
            "revenue": 427893
        },
        "2010-12": {
            "month": "2010-12",
            "price": "29.93",
            "revenue": 436283
        },
        "2011-01": {
            "month": "2011-01",
            "price": "32.62",
            "revenue": 406185
        },
        "2011-02": {
            "month": "2011-02",
            "price": "30.78",
            "revenue": 373861
        },
        "2011-03": {
            "month": "2011-03",
            "price": "26.45",
            "revenue": 403119
        },
        "2011-04": {
            "month": "2011-04",
            "price": "26.50",
            "revenue": 389864
        },
        "2011-05": {
            "month": "2011-05",
            "price": "27.52",
            "revenue": 413644
        },
        "2011-06": {
            "month": "2011-06",
            "price": "27.49",
            "revenue": 404795
        },
        "2011-07": {
            "month": "2011-07",
            "price": "24.07",
            "revenue": 383974
        },
        "2011-08": {
            "month": "2011-08",
            "price": "19.45",
            "revenue": 409446
        },
        "2011-09": {
            "month": "2011-09",
            "price": "18.48",
            "revenue": 400117
        },
        "2011-10": {
            "month": "2011-10",
            "price": "17.88",
            "revenue": 432649
        },
        "2011-11": {
            "month": "2011-11",
            "price": "19.47",
            "revenue": 448053
        },
        "2011-12": {
            "month": "2011-12",
            "price": "19.16",
            "revenue": 438382
        },
        "2012-01": {
            "month": "2012-01",
            "price": "19.95",
            "revenue": 408803
        },
        "2012-02": {
            "month": "2012-02",
            "price": "23.64",
            "revenue": 412508
        },
        "2012-03": {
            "month": "2012-03",
            "price": "22.88",
            "revenue": 410256
        },
        "2012-04": {
            "month": "2012-04",
            "price": "21.32",
            "revenue": 409625
        },
        "2012-05": {
            "month": "2012-05",
            "price": "20.23",
            "revenue": 447277
        },
        "2012-06": {
            "month": "2012-06",
            "price": "19.88",
            "revenue": 466207
        },
        "2012-07": {
            "month": "2012-07",
            "price": "21.11",
            "revenue": 458303
        },
        "2012-08": {
            "month": "2012-08",
            "price": "20.89",
            "revenue": 466247
        },
        "2012-09": {
            "month": "2012-09",
            "price": "20.65",
            "revenue": 456987
        },
        "2012-10": {
            "month": "2012-10",
            "price": "19.04",
            "revenue": 433720
        },
        "2012-11": {
            "month": "2012-11",
            "price": "18.41",
            "revenue": 415580
        },
        "2012-12": {
            "month": "2012-12",
            "price": "19.08",
            "revenue": 373309
        },
        "2013-01": {
            "month": "2013-01",
            "price": "19.71",
            "revenue": 373860
        },
        "2013-02": {
            "month": "2013-02",
            "price": "19.73",
            "revenue": 355627
        },
        "2013-03": {
            "month": "2013-03",
            "price": "19.78",
            "revenue": 377861
        },
        "2013-04": {
            "month": "2013-04",
            "price": "19.76",
            "revenue": 383373
        },
        "2013-05": {
            "month": "2013-05",
            "price": "20.19",
            "revenue": 393891
        },
        "2013-06": {
            "month": "2013-06",
            "price": "19.51",
            "revenue": 425339
        },
        "2013-07": {
            "month": "2013-07",
            "price": "19.14",
            "revenue": 457662
        },
        "2013-08": {
            "month": "2013-08",
            "price": "18.80",
            "revenue": 443793
        },
        "2013-09": {
            "month": "2013-09",
            "price": "18.44",
            "revenue": 460213
        },
        "2013-10": {
            "month": "2013-10",
            "price": "19.53",
            "revenue": 459441
        },
        "2013-11": {
            "month": "2013-11",
            "price": "20.07",
            "revenue": 434828
        },
        "2013-12": {
            "month": "2013-12",
            "price": "21.58",
            "revenue": 435298
        },
        "2014-01": {
            "month": "2014-01",
            "price": "23.61",
            "revenue": 413010
        },
        "2014-02": {
            "month": "2014-02",
            "price": "26.28",
            "revenue": 394494
        },
        "2014-03": {
            "month": "2014-03",
            "price": "25.85",
            "revenue": 423525
        },
        "2014-04": {
            "month": "2014-04",
            "price": "26.82",
            "revenue": 454482
        },
        "2014-05": {
            "month": "2014-05",
            "price": "25.59",
            "revenue": 508269
        },
        "2014-06": {
            "month": "2014-06",
            "price": "26.92",
            "revenue": 512247
        },
        "2014-07": {
            "month": "2014-07",
            "price": "27.40",
            "revenue": 542109
        },
        "2014-08": {
            "month": "2014-08",
            "price": "26.57",
            "revenue": 510343
        },
        "2014-09": {
            "month": "2014-09",
            "price": "27.48",
            "revenue": 524236
        },
        "2014-10": {
            "month": "2014-10",
            "price": "24.98",
            "revenue": 525111
        },
        "2014-11": {
            "month": "2014-11",
            "price": "24.36",
            "revenue": 512024
        },
        "2014-12": {
            "month": "2014-12",
            "price": "25.00",
            "revenue": 514148
        },
        "2015-01": {
            "month": "2015-01",
            "price": "27.17",
            "revenue": 501654
        },
        "2015-02": {
            "month": "2015-02",
            "price": "26.55",
            "revenue": 475284
        },
        "2015-03": {
            "month": "2015-03",
            "price": "28.93",
            "revenue": 539078
        },
        "2015-04": {
            "month": "2015-04",
            "price": "29.56",
            "revenue": 510531
        },
        "2015-05": {
            "month": "2015-05",
            "price": "28.36",
            "revenue": 501492
        },
        "2015-06": {
            "month": "2015-06",
            "price": "26.87",
            "revenue": 478211
        },
        "2015-07": {
            "month": "2015-07",
            "price": "24.08",
            "revenue": 525206
        },
        "2015-08": {
            "month": "2015-08",
            "price": "19.59",
            "revenue": 554600
        },
        "2015-09": {
            "month": "2015-09",
            "price": "20.39",
            "revenue": 506305
        },
        "2015-10": {
            "month": "2015-10",
            "price": "23.17",
            "revenue": 461789
        },
        "2015-11": {
            "month": "2015-11",
            "price": "23.83",
            "revenue": 433340
        },
        "2015-12": {
            "month": "2015-12",
            "price": "22.45",
            "revenue": 437012
        },
        "2016-01": {
            "month": "2016-01",
            "price": "21.11",
            "revenue": 429411
        },
        "2016-02": {
            "month": "2016-02",
            "price": "21.80",
            "revenue": 398519
        },
        "2016-03": {
            "month": "2016-03",
            "price": "22.40",
            "revenue": 452627
        },
        "2016-04": {
            "month": "2016-04",
            "price": "20.99",
            "revenue": 457777
        },
        "2016-05": {
            "month": "2016-05",
            "price": "18.80",
            "revenue": 489116
        },
        "2016-06": {
            "month": "2016-06",
            "price": "18.75",
            "revenue": 495920
        },
        "2016-07": {
            "month": "2016-07",
            "price": "20.00",
            "revenue": 510386
        },
        "2016-08": {
            "month": "2016-08",
            "price": "22.55",
            "revenue": 549638
        },
        "2016-09": {
            "month": "2016-09",
            "price": "23.72",
            "revenue": 635106
        },
        "2016-10": {
            "month": "2016-10",
            "price": "23.91",
            "revenue": 604291
        },
        "2016-11": {
            "month": "2016-11",
            "price": "22.57",
            "revenue": 633678
        },
        "2016-12": {
            "month": "2016-12",
            "price": "24.08",
            "revenue": 603952
        },
        "2017-01": {
            "month": "2017-01",
            "price": "23.88",
            "revenue": 593286
        },
        "2017-02": {
            "month": "2017-02",
            "price": "25.08",
            "revenue": 574978
        },
        "2017-03": {
            "month": "2017-03",
            "price": "25.47",
            "revenue": 633130
        },
        "2017-04": {
            "month": "2017-04",
            "price": "24.81",
            "revenue": 587195
        },
        "2017-05": {
            "month": "2017-05",
            "price": "25.50",
            "revenue": 649594
        },
        "2017-06": {
            "month": "2017-06",
            "price": "27.05",
            "revenue": 631720
        },
        "2017-07": {
            "month": "2017-07",
            "price": "27.48",
            "revenue": 666539
        },
        "2017-08": {
            "month": "2017-08",
            "price": "28.53",
            "revenue": 713455
        },
        "2017-09": {
            "month": "2017-09",
            "price": "27.50",
            "revenue": 704655
        },
        "2017-10": {
            "month": "2017-10",
            "price": "28.19",
            "revenue": 709062
        },
        "2017-11": {
            "month": "2017-11",
            "price": "37.70",
            "revenue": 700219
        },
        "2017-12": {
            "month": "2017-12",
            "price": "37.88",
            "revenue": 696183
        },
        "2018-01": {
            "month": "2018-01",
            "price": "39.25",
            "revenue": 662211
        },
        "2018-02": {
            "month": "2018-02",
            "price": "35.05",
            "revenue": 620792
        },
        "2018-03": {
            "month": "2018-03",
            "price": "37.32",
            "revenue": 650226
        },
        "2018-04": {
            "month": "2018-04",
            "price": "35.68",
            "revenue": 643197
        },
        "2018-05": {
            "month": "2018-05",
            "price": "34.66",
            "revenue": 685561
        },
        "2018-06": {
            "month": "2018-06",
            "price": "35.35",
            "revenue": 698427
        },
        "2018-07": {
            "month": "2018-07",
            "price": "35.10",
            "revenue": 746961
        },
        "2018-08": {
            "month": "2018-08",
            "price": "37.79",
            "revenue": 801363
        },
        "2018-09": {
            "month": "2018-09",
            "price": "37.32",
            "revenue": 742785
        },
        "2018-10": {
            "month": "2018-10",
            "price": "30.07",
            "revenue": 777549
        },
        "2018-11": {
            "month": "2018-11",
            "price": "28.84",
            "revenue": 731408
        },
        "2018-12": {
            "month": "2018-12",
            "price": "27.28",
            "revenue": 683324
        },
        "2019-01": {
            "month": "2019-01",
            "price": "27.36",
            "revenue": 613222
        },
        "2019-02": {
            "month": "2019-02",
            "price": "29.75",
            "revenue": 523644
        },
        "2019-03": {
            "month": "2019-03",
            "price": "29.27",
            "revenue": 637007
        },
        "2019-04": {
            "month": "2019-04",
            "price": "31.20",
            "revenue": 631927
        },
        "2019-05": {
            "month": "2019-05",
            "price": "28.17",
            "revenue": 668487
        },
        "2019-06": {
            "month": "2019-06",
            "price": "27.63",
            "revenue": 680128
        },
        "2019-07": {
            "month": "2019-07",
            "price": "29.97",
            "revenue": 705884
        },
        "2019-08": {
            "month": "2019-08",
            "price": "28.36",
            "revenue": 724403
        },
        "2019-09": {
            "month": "2019-09",
            "price": "28.16",
            "revenue": 723781
        },
        "2019-10": {
            "month": "2019-10",
            "price": "27.90",
            "revenue": 716205
        },
        "2019-11": {
            "month": "2019-11",
            "price": "27.94",
            "revenue": 708353
        },
        "2019-12": {
            "month": "2019-12",
            "price": "29.38",
            "revenue": 717098
        },
        "2020-01": {
            "month": "2020-01",
            "price": "29.34",
            "revenue": 657768
        },
        "2020-02": {
            "month": "2020-02",
            "price": "27.11",
            "revenue": 694729
        },
        "2020-03": {
            "month": "2020-03",
            "price": "23.26",
            "revenue": 726326
        },
        "2020-04": {
            "month": "2020-04",
            "price": "24.48",
            "revenue": 733262
        },
        "2020-05": {
            "month": "2020-05",
            "price": "28.02",
            "revenue": 751770
        },
        "2020-06": {
            "month": "2020-06",
            "price": "30.41",
            "revenue": 790094
        },
        "2020-07": {
            "month": "2020-07",
            "price": "31.76",
            "revenue": 819226
        },
        "2020-08": {
            "month": "2020-08",
            "price": "34.26",
            "revenue": 840116
        },
        "2020-09": {
            "month": "2020-09",
            "price": "32.96",
            "revenue": 864841
        },
        "2020-10": {
            "month": "2020-10",
            "price": "33.74",
            "revenue": 902314
        },
        "2020-11": {
            "month": "2020-11",
            "price": "35.21",
            "revenue": 931248
        },
        "2020-12": {
            "month": "2020-12",
            "price": "38.58",
            "revenue": 963255
        },
        "2021-01": {
            "month": "2021-01",
            "price": "41.01",
            "revenue": 919410
        },
        "2021-02": {
            "month": "2021-02",
            "price": "46.05",
            "revenue": 826208
        },
        "2021-03": {
            "month": "2021-03",
            "price": "44.41",
            "revenue": 877319
        },
        "2021-04": {
            "month": "2021-04",
            "price": "46.01",
            "revenue": 941468
        },
        "2021-05": {
            "month": "2021-05",
            "price": "40.55",
            "revenue": 945400
        },
        "2021-06": {
            "month": "2021-06",
            "price": "44.01",
            "revenue": 986336
        },
        "2021-07": {
            "month": "2021-07",
            "price": "52.81",
            "revenue": 1069812
        },
        "2021-08": {
            "month": "2021-08",
            "price": "61.61",
            "revenue": 1134672
        },
        "2021-09": {
            "month": "2021-09",
            "price": "63.28",
            "revenue": 1075287
        },
        "2021-10": {
            "month": "2021-10",
            "price": "56.20",
            "revenue": 1059922
        },
        "2021-11": {
            "month": "2021-11",
            "price": "57.62",
            "revenue": 1048297
        },
        "2021-12": {
            "month": "2021-12",
            "price": "55.48",
            "revenue": 1041740
        },
        "2022-01": {
            "month": "2022-01",
            "price": "53.01",
            "revenue": 1036755
        },
        "2022-02": {
            "month": "2022-02",
            "price": "51.64",
            "revenue": 961432
        },
        "2022-03": {
            "month": "2022-03",
            "price": "50.17",
            "revenue": 1106979
        },
        "2022-04": {
            "month": "2022-04",
            "price": "46.36",
            "revenue": 1119775
        },
        "2022-05": {
            "month": "2022-05",
            "price": "45.06",
            "revenue": 1202420
        },
        "2022-06": {
            "month": "2022-06",
            "price": "44.65",
            "revenue": 1266145
        },
        "2022-07": {
            "month": "2022-07",
            "price": "37.47",
            "revenue": 1310146
        },
        "2022-08": {
            "month": "2022-08",
            "price": "43.95",
            "revenue": 1330859
        },
        "2022-09": {
            "month": "2022-09",
            "price": "43.80",
            "revenue": 1334246
        },
        "2022-10": {
            "month": "2022-10",
            "price": "40.97",
            "revenue": 1320161
        },
        "2022-11": {
            "month": "2022-11",
            "price": "47.93",
            "revenue": 1274882
        },
        "2022-12": {
            "month": "2022-12",
            "price": "50.02",
            "revenue": 1235355
        },
        "2023-01": {
            "month": "2023-01",
            "price": "50.74",
            "revenue": 1151077
        },
        "2023-02": {
            "month": "2023-02",
            "price": "55.26",
            "revenue": 1055430
        },
        "2023-03": {
            "month": "2023-03",
            "price": "57.36",
            "revenue": 1138824
        },
        "2023-04": {
            "month": "2023-04",
            "price": "56.21",
            "revenue": 1068611
        }
    }
}
