{
    "summary": {
        "stock_name": "台星科",
        "stock_id": "3265",
        "category": "半導體",
        "main_business": "積體電路,IC 及其測試機組之研發及測試<br>資訊軟體服務業<br>電子零組件製造業",
        "website_url": "http://www.winstek.com.tw",
        "ceo": "翁志立",
        "pe_ratio": 11,
        "report_year_from": 2002,
        "report_year_to": 2023,
        "age": 21,
        "eps_negative_percentage": 5,
        "eps_growth_avg": {
            "last_all": 15.06,
            "last_2y": 41.89,
            "last_4y": 28.47,
            "last_8y": 6.7,
            "last_12y": 18.34,
            "last_16y": 10.54,
            "last_20y": null,
            "at_2006_last_3y": null,
            "at_2007_last_3y": null,
            "at_2008_last_3y": 19.16,
            "at_2009_last_3y": -12.86,
            "at_2010_last_3y": -6.4,
            "at_2011_last_3y": 10.97,
            "at_2012_last_3y": 28.71,
            "at_2013_last_3y": 41.61,
            "at_2014_last_3y": 14.69,
            "at_2015_last_3y": -17.52,
            "at_2016_last_3y": -32.22,
            "at_2017_last_3y": -29.59,
            "at_2018_last_3y": -45.19,
            "at_2019_last_3y": 11.88,
            "at_2020_last_3y": -6.9,
            "at_2021_last_3y": 10.59,
            "at_2022_last_3y": 49.22,
            "at_2023_last_3y": 49.22,
            "at_2006_last_all": 80.83,
            "at_2007_last_all": 40.33,
            "at_2008_last_all": 19.16,
            "at_2009_last_all": 7.21,
            "at_2010_last_all": 22.68,
            "at_2011_last_all": 23.56,
            "at_2012_last_all": 23.93,
            "at_2013_last_all": 22.5,
            "at_2014_last_all": 19.48,
            "at_2015_last_all": 8.62,
            "at_2016_last_all": 8.62,
            "at_2017_last_all": 9.48,
            "at_2018_last_all": 4.56,
            "at_2019_last_all": 9.32,
            "at_2020_last_all": 4.48,
            "at_2021_last_all": 9.76,
            "at_2022_last_all": 15.06,
            "at_2023_last_all": 15.06
        },
        "latest_eps": 6.38,
        "latest_price": 70.4,
        "latest_roe": 17.03,
        "latest_gross_margin": 29.22,
        "latest_equity": 5317792,
        "latest_revenue": 857799,
        "latest_gross_profit": 250643,
        "latest_net_income": 179676,
        "latest_debt_ratio": 29.78,
        "latest_current_ratio": 295.3,
        "latest_account_receivable_turnover_ratio": 0.98,
        "latest_inventory_turnover_ratio": 6.21,
        "latest_reinvestment_rate": 47.49,
        "latest_research_to_sale_ratio": 0.39
    },
    "eps_dividends": {
        "2001": {
            "cash": 0,
            "stock": 0,
            "eps": 0
        },
        "2002": {
            "cash": 0,
            "stock": 0,
            "eps": 0
        },
        "2003": {
            "cash": 0,
            "stock": 0,
            "eps": 0
        },
        "2004": {
            "cash": 0,
            "stock": 0.79,
            "eps": 0.64
        },
        "2005": {
            "cash": 0,
            "stock": 0,
            "eps": 1.2
        },
        "2006": {
            "cash": 0.7,
            "stock": 0.3,
            "eps": 2.09
        },
        "2007": {
            "cash": 1.3,
            "stock": 0.32,
            "eps": 1.24
        },
        "2008": {
            "cash": 1,
            "stock": 0,
            "eps": 0.69
        },
        "2009": {
            "cash": 0.55,
            "stock": 0,
            "eps": 0.41
        },
        "2010": {
            "cash": 0.42,
            "stock": 0,
            "eps": 2.22
        },
        "2011": {
            "cash": 1.66,
            "stock": 0,
            "eps": 2.86
        },
        "2012": {
            "cash": 2.35,
            "stock": 0,
            "eps": 3.62
        },
        "2013": {
            "cash": 2.35,
            "stock": 0,
            "eps": 4.02
        },
        "2014": {
            "cash": 2.53,
            "stock": 0,
            "eps": 3.71
        },
        "2015": {
            "cash": 2.26,
            "stock": 0,
            "eps": -1.2
        },
        "2016": {
            "cash": 0.25,
            "stock": 0,
            "eps": 4.49
        },
        "2017": {
            "cash": 0.85,
            "stock": 0,
            "eps": 5.34
        },
        "2018": {
            "cash": 1.3,
            "stock": 0,
            "eps": 2.43
        },
        "2019": {
            "cash": 1.2,
            "stock": 0,
            "eps": 4.16
        },
        "2020": {
            "cash": 1.5,
            "stock": 0,
            "eps": 1.53
        },
        "2021": {
            "cash": 1.23,
            "stock": 0,
            "eps": 2.89
        },
        "2022": {
            "cash": 2.3,
            "stock": 0,
            "eps": 6.73
        },
        "2023": {
            "cash": 5,
            "stock": 0,
            "eps": 1.32
        }
    },
    "dividends": {
        "2004-01-19": {
            "cash": 0,
            "stock": 0.79
        },
        "2006-03-28": {
            "cash": 0.7,
            "stock": 0.3
        },
        "2007-04-20": {
            "cash": 1.3,
            "stock": 0.32
        },
        "2008-04-24": {
            "cash": 1,
            "stock": 0
        },
        "2009-04-23": {
            "cash": 0.55,
            "stock": 0
        },
        "2010-04-28": {
            "cash": 0.42,
            "stock": 0
        },
        "2011-03-04": {
            "cash": 1.66,
            "stock": 0
        },
        "2012-03-19": {
            "cash": 2.35,
            "stock": 0
        },
        "2013-06-06": {
            "cash": 2.35,
            "stock": 0
        },
        "2014-06-06": {
            "cash": 2.53,
            "stock": 0
        },
        "2015-05-22": {
            "cash": 2.26,
            "stock": 0
        },
        "2016-07-28": {
            "cash": 0.25,
            "stock": 0
        },
        "2017-08-10": {
            "cash": 0.85,
            "stock": 0
        },
        "2018-08-17": {
            "cash": 1.3,
            "stock": 0
        },
        "2019-03-06": {
            "cash": 1.2,
            "stock": 0
        },
        "2020-08-20": {
            "cash": 1.5,
            "stock": 0
        },
        "2021-08-20": {
            "cash": 1.23,
            "stock": 0
        },
        "2022-08-10": {
            "cash": 2.3,
            "stock": 0
        },
        "2023-08-11": {
            "cash": 5,
            "stock": 0
        }
    },
    "prices": {
        "200101": "無",
        "200102": "無",
        "200103": "無",
        "200104": "無",
        "200105": "無",
        "200106": "無",
        "200107": "無",
        "200108": "無",
        "200109": "無",
        "200110": "無",
        "200111": "無",
        "200112": "無",
        "200201": "無",
        "200202": "無",
        "200203": "無",
        "200204": "無",
        "200205": "無",
        "200206": "無",
        "200207": "無",
        "200208": "無",
        "200209": "無",
        "200210": "無",
        "200211": "無",
        "200212": "無",
        "200301": "無",
        "200302": "無",
        "200303": "無",
        "200304": "無",
        "200305": "無",
        "200306": "無",
        "200307": "無",
        "200308": "無",
        "200309": "無",
        "200310": "無",
        "200311": "無",
        "200312": "無",
        "200401": "24.65",
        "200402": "25.53",
        "200403": "24.24",
        "200404": "23.86",
        "200405": "20.10",
        "200406": "18.15",
        "200407": "16.19",
        "200408": "14.23",
        "200409": "13.98",
        "200410": "11.63",
        "200411": "11.39",
        "200412": "11.61",
        "200501": "11.15",
        "200502": "11.90",
        "200503": "12.22",
        "200504": "12.20",
        "200505": "12.14",
        "200506": "12.36",
        "200507": "14.43",
        "200508": "15.15",
        "200509": "13.78",
        "200510": "13.67",
        "200511": "12.89",
        "200512": "19.22",
        "200601": "20.62",
        "200602": "17.82",
        "200603": "21.45",
        "200604": "26.91",
        "200605": "24.94",
        "200606": "21.38",
        "200607": "19.39",
        "200608": "18.95",
        "200609": "20.15",
        "200610": "22.98",
        "200611": "23.32",
        "200612": "23.02",
        "200701": "24.23",
        "200702": "24.02",
        "200703": "28.32",
        "200704": "28.25",
        "200705": "25.97",
        "200706": "27.72",
        "200707": "28.57",
        "200708": "21.20",
        "200709": "19.30",
        "200710": "20.30",
        "200711": "16.04",
        "200712": "14.12",
        "200801": "11.95",
        "200802": "11.72",
        "200803": "12.34",
        "200804": "12.78",
        "200805": "13.98",
        "200806": "12.79",
        "200807": "10.98",
        "200808": "10.94",
        "200809": "9.35",
        "200810": "7.86",
        "200811": "7.01",
        "200812": "6.58",
        "200901": "6.54",
        "200902": "6.39",
        "200903": "7.86",
        "200904": "8.80",
        "200905": "9.13",
        "200906": "9.09",
        "200907": "9.09",
        "200908": "9.47",
        "200909": "9.81",
        "200910": "10.43",
        "200911": "10.37",
        "200912": "12.14",
        "201001": "15.45",
        "201002": "15.73",
        "201003": "17.57",
        "201004": "17.71",
        "201005": "16.00",
        "201006": "15.06",
        "201007": "16.58",
        "201008": "16.36",
        "201009": "15.89",
        "201010": "16.10",
        "201011": "16.83",
        "201012": "19.66",
        "201101": "22.79",
        "201102": "22.96",
        "201103": "19.03",
        "201104": "18.89",
        "201105": "20.09",
        "201106": "25.92",
        "201107": "26.12",
        "201108": "19.62",
        "201109": "19.92",
        "201110": "19.96",
        "201111": "22.42",
        "201112": "20.45",
        "201201": "22.07",
        "201202": "30.26",
        "201203": "33.94",
        "201204": "30.79",
        "201205": "33.05",
        "201206": "32.89",
        "201207": "32.32",
        "201208": "33.33",
        "201209": "34.46",
        "201210": "31.96",
        "201211": "32.15",
        "201212": "36.16",
        "201301": "41.50",
        "201302": "41.91",
        "201303": "40.16",
        "201304": "39.59",
        "201305": "39.55",
        "201306": "37.39",
        "201307": "37.65",
        "201308": "35.28",
        "201309": "37.57",
        "201310": "38.60",
        "201311": "43.64",
        "201312": "45.02",
        "201401": "46.63",
        "201402": "44.15",
        "201403": "48.18",
        "201404": "48.53",
        "201405": "42.90",
        "201406": "42.95",
        "201407": "40.40",
        "201408": "37.60",
        "201409": "37.43",
        "201410": "32.51",
        "201411": "32.78",
        "201412": "33.62",
        "201501": "39.26",
        "201502": "43.51",
        "201503": "45.14",
        "201504": "43.96",
        "201505": "40.42",
        "201506": "35.14",
        "201507": "26.15",
        "201508": "21.64",
        "201509": "23.34",
        "201510": "27.85",
        "201511": "24.37",
        "201512": "21.21",
        "201601": "18.68",
        "201602": "18.09",
        "201603": "19.61",
        "201604": "20.23",
        "201605": "20.20",
        "201606": "22.88",
        "201607": "24.28",
        "201608": "26.98",
        "201609": "26.69",
        "201610": "25.74",
        "201611": "24.63",
        "201612": "23.10",
        "201701": "23.78",
        "201702": "27.75",
        "201703": "28.28",
        "201704": "25.70",
        "201705": "25.55",
        "201706": "24.86",
        "201707": "24.13",
        "201708": "22.30",
        "201709": "22.55",
        "201710": "23.08",
        "201711": "26.43",
        "201712": "28.83",
        "201801": "30.11",
        "201802": "29.19",
        "201803": "34.89",
        "201804": "40.00",
        "201805": "35.06",
        "201806": "34.74",
        "201807": "29.88",
        "201808": "30.53",
        "201809": "31.36",
        "201810": "24.17",
        "201811": "23.42",
        "201812": "23.30",
        "201901": "22.20",
        "201902": "24.58",
        "201903": "25.05",
        "201904": "26.05",
        "201905": "24.61",
        "201906": "24.17",
        "201907": "25.34",
        "201908": "25.82",
        "201909": "26.98",
        "201910": "26.38",
        "201911": "27.51",
        "201912": "27.75",
        "202001": "26.94",
        "202002": "25.85",
        "202003": "22.57",
        "202004": "23.30",
        "202005": "23.93",
        "202006": "24.13",
        "202007": "25.19",
        "202008": "23.72",
        "202009": "23.59",
        "202010": "23.68",
        "202011": "25.55",
        "202012": "28.85",
        "202101": "28.32",
        "202102": "28.64",
        "202103": "29.22",
        "202104": "33.53",
        "202105": "27.43",
        "202106": "28.00",
        "202107": "29.89",
        "202108": "30.95",
        "202109": "32.84",
        "202110": "29.81",
        "202111": "32.05",
        "202112": "31.61",
        "202201": "30.81",
        "202202": "31.33",
        "202203": "32.87",
        "202204": "36.79",
        "202205": "48.22",
        "202206": "52.85",
        "202207": "45.67",
        "202208": "47.30",
        "202209": "41.59",
        "202210": "39.04",
        "202211": "46.37",
        "202212": "47.75",
        "202301": "47.35",
        "202302": "49.89",
        "202303": "58.11",
        "202304": "56.04",
        "202305": "59.04",
        "202306": "68.69"
    },
    "quarters": {
        "20011": {
            "year_quarter": 20011,
            "year": 2001,
            "quarter": 1,
            "eps": null,
            "eps_growth_year": null,
            "eps_4q": null,
            "eps_4q_growth_year": null,
            "roe": null,
            "roe_4q": 0,
            "gross_profit": null,
            "gross_margin": null,
            "gross_margin_4q_avg": 0,
            "net_income": null,
            "revenue": null,
            "common_shares": null,
            "book_valuer_per_share": null,
            "book_valuer_per_share_4q_avg": 0,
            "equity": null,
            "current_ratio": null,
            "debt_ratio": null,
            "inventory_turnover_ratio": null,
            "account_receivable_turnover_ratio": null,
            "reinvestment_rate": null,
            "research_to_sale_ratio": null,
            "price_fair": 0,
            "eps_avg_yearly": 0,
            "eps_latest_yearly": 0,
            "eps_growth_yearly": 0
        },
        "20012": {
            "year_quarter": 20012,
            "year": 2001,
            "quarter": 2,
            "eps": null,
            "eps_growth_year": null,
            "eps_4q": null,
            "eps_4q_growth_year": null,
            "roe": null,
            "roe_4q": 0,
            "gross_profit": null,
            "gross_margin": null,
            "gross_margin_4q_avg": 0,
            "net_income": null,
            "revenue": null,
            "common_shares": null,
            "book_valuer_per_share": null,
            "book_valuer_per_share_4q_avg": 0,
            "equity": null,
            "current_ratio": null,
            "debt_ratio": null,
            "inventory_turnover_ratio": null,
            "account_receivable_turnover_ratio": null,
            "reinvestment_rate": null,
            "research_to_sale_ratio": null,
            "price_fair": 0,
            "eps_avg_yearly": 0,
            "eps_latest_yearly": 0,
            "eps_growth_yearly": 0
        },
        "20013": {
            "year_quarter": 20013,
            "year": 2001,
            "quarter": 3,
            "eps": null,
            "eps_growth_year": null,
            "eps_4q": null,
            "eps_4q_growth_year": null,
            "roe": null,
            "roe_4q": 0,
            "gross_profit": null,
            "gross_margin": null,
            "gross_margin_4q_avg": 0,
            "net_income": null,
            "revenue": null,
            "common_shares": null,
            "book_valuer_per_share": null,
            "book_valuer_per_share_4q_avg": 0,
            "equity": null,
            "current_ratio": null,
            "debt_ratio": null,
            "inventory_turnover_ratio": null,
            "account_receivable_turnover_ratio": null,
            "reinvestment_rate": null,
            "research_to_sale_ratio": null,
            "price_fair": 0,
            "eps_avg_yearly": 0,
            "eps_latest_yearly": 0,
            "eps_growth_yearly": 0
        },
        "20014": {
            "year_quarter": 20014,
            "year": 2001,
            "quarter": 4,
            "eps": null,
            "eps_growth_year": null,
            "eps_4q": null,
            "eps_4q_growth_year": null,
            "roe": null,
            "roe_4q": 0,
            "gross_profit": null,
            "gross_margin": null,
            "gross_margin_4q_avg": 0,
            "net_income": null,
            "revenue": null,
            "common_shares": 1840000,
            "book_valuer_per_share": 10.22,
            "book_valuer_per_share_4q_avg": 2.56,
            "equity": 1881386,
            "current_ratio": 289.89,
            "debt_ratio": 16.13,
            "inventory_turnover_ratio": null,
            "account_receivable_turnover_ratio": null,
            "reinvestment_rate": null,
            "research_to_sale_ratio": null,
            "price_fair": 0,
            "eps_avg_yearly": 0,
            "eps_latest_yearly": 0,
            "eps_growth_yearly": 0
        },
        "20021": {
            "year_quarter": 20021,
            "year": 2002,
            "quarter": 1,
            "eps": null,
            "eps_growth_year": null,
            "eps_4q": null,
            "eps_4q_growth_year": null,
            "roe": null,
            "roe_4q": 0,
            "gross_profit": null,
            "gross_margin": null,
            "gross_margin_4q_avg": 0,
            "net_income": null,
            "revenue": null,
            "common_shares": null,
            "book_valuer_per_share": null,
            "book_valuer_per_share_4q_avg": 2.56,
            "equity": null,
            "current_ratio": null,
            "debt_ratio": null,
            "inventory_turnover_ratio": null,
            "account_receivable_turnover_ratio": null,
            "reinvestment_rate": null,
            "research_to_sale_ratio": null,
            "price_fair": 0,
            "eps_avg_yearly": 0,
            "eps_latest_yearly": 0,
            "eps_growth_yearly": 0
        },
        "20022": {
            "year_quarter": 20022,
            "year": 2002,
            "quarter": 2,
            "eps": null,
            "eps_growth_year": null,
            "eps_4q": null,
            "eps_4q_growth_year": null,
            "roe": null,
            "roe_4q": 0,
            "gross_profit": null,
            "gross_margin": null,
            "gross_margin_4q_avg": 0,
            "net_income": null,
            "revenue": null,
            "common_shares": null,
            "book_valuer_per_share": null,
            "book_valuer_per_share_4q_avg": 2.56,
            "equity": null,
            "current_ratio": null,
            "debt_ratio": null,
            "inventory_turnover_ratio": null,
            "account_receivable_turnover_ratio": null,
            "reinvestment_rate": null,
            "research_to_sale_ratio": null,
            "price_fair": 0,
            "eps_avg_yearly": 0,
            "eps_latest_yearly": 0,
            "eps_growth_yearly": 0
        },
        "20023": {
            "year_quarter": 20023,
            "year": 2002,
            "quarter": 3,
            "eps": null,
            "eps_growth_year": null,
            "eps_4q": null,
            "eps_4q_growth_year": null,
            "roe": null,
            "roe_4q": 0,
            "gross_profit": null,
            "gross_margin": null,
            "gross_margin_4q_avg": 0,
            "net_income": null,
            "revenue": null,
            "common_shares": null,
            "book_valuer_per_share": null,
            "book_valuer_per_share_4q_avg": 2.56,
            "equity": null,
            "current_ratio": null,
            "debt_ratio": null,
            "inventory_turnover_ratio": null,
            "account_receivable_turnover_ratio": null,
            "reinvestment_rate": null,
            "research_to_sale_ratio": null,
            "price_fair": 0,
            "eps_avg_yearly": 0,
            "eps_latest_yearly": 0,
            "eps_growth_yearly": 0
        },
        "20024": {
            "year_quarter": 20024,
            "year": 2002,
            "quarter": 4,
            "eps": null,
            "eps_growth_year": null,
            "eps_4q": null,
            "eps_4q_growth_year": null,
            "roe": null,
            "roe_4q": 0,
            "gross_profit": null,
            "gross_margin": null,
            "gross_margin_4q_avg": 0,
            "net_income": null,
            "revenue": null,
            "common_shares": 1840000,
            "book_valuer_per_share": 10.93,
            "book_valuer_per_share_4q_avg": 2.73,
            "equity": 2011959,
            "current_ratio": 110.01,
            "debt_ratio": 34.84,
            "inventory_turnover_ratio": null,
            "account_receivable_turnover_ratio": null,
            "reinvestment_rate": null,
            "research_to_sale_ratio": null,
            "price_fair": 0,
            "eps_avg_yearly": 0,
            "eps_latest_yearly": 0,
            "eps_growth_yearly": 0
        },
        "20031": {
            "year_quarter": 20031,
            "year": 2003,
            "quarter": 1,
            "eps": null,
            "eps_growth_year": null,
            "eps_4q": null,
            "eps_4q_growth_year": null,
            "roe": null,
            "roe_4q": 0,
            "gross_profit": null,
            "gross_margin": null,
            "gross_margin_4q_avg": 0,
            "net_income": null,
            "revenue": null,
            "common_shares": null,
            "book_valuer_per_share": null,
            "book_valuer_per_share_4q_avg": 2.73,
            "equity": null,
            "current_ratio": null,
            "debt_ratio": null,
            "inventory_turnover_ratio": null,
            "account_receivable_turnover_ratio": null,
            "reinvestment_rate": null,
            "research_to_sale_ratio": null,
            "price_fair": 0,
            "eps_avg_yearly": 0,
            "eps_latest_yearly": 0,
            "eps_growth_yearly": 0
        },
        "20032": {
            "year_quarter": 20032,
            "year": 2003,
            "quarter": 2,
            "eps": null,
            "eps_growth_year": null,
            "eps_4q": null,
            "eps_4q_growth_year": null,
            "roe": null,
            "roe_4q": 0,
            "gross_profit": null,
            "gross_margin": null,
            "gross_margin_4q_avg": 0,
            "net_income": null,
            "revenue": null,
            "common_shares": null,
            "book_valuer_per_share": null,
            "book_valuer_per_share_4q_avg": 2.73,
            "equity": null,
            "current_ratio": null,
            "debt_ratio": null,
            "inventory_turnover_ratio": null,
            "account_receivable_turnover_ratio": null,
            "reinvestment_rate": null,
            "research_to_sale_ratio": null,
            "price_fair": 0,
            "eps_avg_yearly": 0,
            "eps_latest_yearly": 0,
            "eps_growth_yearly": 0
        },
        "20033": {
            "year_quarter": 20033,
            "year": 2003,
            "quarter": 3,
            "eps": null,
            "eps_growth_year": null,
            "eps_4q": null,
            "eps_4q_growth_year": null,
            "roe": null,
            "roe_4q": 0,
            "gross_profit": null,
            "gross_margin": null,
            "gross_margin_4q_avg": 0,
            "net_income": null,
            "revenue": null,
            "common_shares": null,
            "book_valuer_per_share": null,
            "book_valuer_per_share_4q_avg": 2.73,
            "equity": null,
            "current_ratio": null,
            "debt_ratio": null,
            "inventory_turnover_ratio": null,
            "account_receivable_turnover_ratio": null,
            "reinvestment_rate": null,
            "research_to_sale_ratio": null,
            "price_fair": 0,
            "eps_avg_yearly": 0,
            "eps_latest_yearly": 0,
            "eps_growth_yearly": 0
        },
        "20034": {
            "year_quarter": 20034,
            "year": 2003,
            "quarter": 4,
            "eps": null,
            "eps_growth_year": null,
            "eps_4q": null,
            "eps_4q_growth_year": null,
            "roe": null,
            "roe_4q": 0,
            "gross_profit": null,
            "gross_margin": null,
            "gross_margin_4q_avg": 0,
            "net_income": null,
            "revenue": null,
            "common_shares": 2240000,
            "book_valuer_per_share": 12.65,
            "book_valuer_per_share_4q_avg": 3.16,
            "equity": 2833619,
            "current_ratio": 136.33,
            "debt_ratio": 39.31,
            "inventory_turnover_ratio": null,
            "account_receivable_turnover_ratio": null,
            "reinvestment_rate": null,
            "research_to_sale_ratio": null,
            "price_fair": 0,
            "eps_avg_yearly": 0,
            "eps_latest_yearly": 0,
            "eps_growth_yearly": 0
        },
        "20041": {
            "year_quarter": 20041,
            "year": 2004,
            "quarter": 1,
            "eps": null,
            "eps_growth_year": null,
            "eps_4q": null,
            "eps_4q_growth_year": null,
            "roe": null,
            "roe_4q": 0,
            "gross_profit": null,
            "gross_margin": null,
            "gross_margin_4q_avg": 0,
            "net_income": null,
            "revenue": null,
            "common_shares": null,
            "book_valuer_per_share": null,
            "book_valuer_per_share_4q_avg": 3.16,
            "equity": null,
            "current_ratio": null,
            "debt_ratio": null,
            "inventory_turnover_ratio": null,
            "account_receivable_turnover_ratio": null,
            "reinvestment_rate": null,
            "research_to_sale_ratio": null,
            "price_fair": 0,
            "eps_avg_yearly": 0,
            "eps_latest_yearly": 0,
            "eps_growth_yearly": 0
        },
        "20042": {
            "year_quarter": 20042,
            "year": 2004,
            "quarter": 2,
            "eps": null,
            "eps_growth_year": null,
            "eps_4q": null,
            "eps_4q_growth_year": null,
            "roe": null,
            "roe_4q": 0,
            "gross_profit": null,
            "gross_margin": null,
            "gross_margin_4q_avg": 0,
            "net_income": null,
            "revenue": null,
            "common_shares": null,
            "book_valuer_per_share": null,
            "book_valuer_per_share_4q_avg": 3.16,
            "equity": null,
            "current_ratio": null,
            "debt_ratio": null,
            "inventory_turnover_ratio": null,
            "account_receivable_turnover_ratio": null,
            "reinvestment_rate": null,
            "research_to_sale_ratio": null,
            "price_fair": 0,
            "eps_avg_yearly": 0,
            "eps_latest_yearly": 0,
            "eps_growth_yearly": 0
        },
        "20043": {
            "year_quarter": 20043,
            "year": 2004,
            "quarter": 3,
            "eps": 0.36,
            "eps_growth_year": null,
            "eps_4q": null,
            "eps_4q_growth_year": null,
            "roe": 2.93,
            "roe_4q": 2.93,
            "gross_profit": 117625,
            "gross_margin": 27.06,
            "gross_margin_4q_avg": 6.77,
            "net_income": 88774,
            "revenue": 434673,
            "common_shares": 2437357,
            "book_valuer_per_share": 12.44,
            "book_valuer_per_share_4q_avg": 6.27,
            "equity": 3031195,
            "current_ratio": 91.51,
            "debt_ratio": 41.55,
            "inventory_turnover_ratio": null,
            "account_receivable_turnover_ratio": null,
            "reinvestment_rate": null,
            "research_to_sale_ratio": null,
            "price_fair": 0,
            "eps_avg_yearly": 0,
            "eps_latest_yearly": 0,
            "eps_growth_yearly": 0
        },
        "20044": {
            "year_quarter": 20044,
            "year": 2004,
            "quarter": 4,
            "eps": 0.28,
            "eps_growth_year": null,
            "eps_4q": null,
            "eps_4q_growth_year": null,
            "roe": 2.25,
            "roe_4q": 5.18,
            "gross_profit": 93687,
            "gross_margin": 21.32,
            "gross_margin_4q_avg": 12.1,
            "net_income": 69025,
            "revenue": 439478,
            "common_shares": 2437357,
            "book_valuer_per_share": 12.74,
            "book_valuer_per_share_4q_avg": 6.3,
            "equity": 3105571,
            "current_ratio": 121.75,
            "debt_ratio": 42.51,
            "inventory_turnover_ratio": null,
            "account_receivable_turnover_ratio": null,
            "reinvestment_rate": null,
            "research_to_sale_ratio": null,
            "price_fair": 3.36,
            "eps_avg_yearly": 1.12,
            "eps_latest_yearly": 1.12,
            "eps_growth_yearly": -88.89
        },
        "20051": {
            "year_quarter": 20051,
            "year": 2005,
            "quarter": 1,
            "eps": -0.25,
            "eps_growth_year": null,
            "eps_4q": null,
            "eps_4q_growth_year": null,
            "roe": -2.02,
            "roe_4q": 3.16,
            "gross_profit": -23830,
            "gross_margin": -8.09,
            "gross_margin_4q_avg": 10.07,
            "net_income": -62137,
            "revenue": 294584,
            "common_shares": 2437357,
            "book_valuer_per_share": 12.49,
            "book_valuer_per_share_4q_avg": 9.42,
            "equity": 3043435,
            "current_ratio": 117.16,
            "debt_ratio": 38.53,
            "inventory_turnover_ratio": null,
            "account_receivable_turnover_ratio": null,
            "reinvestment_rate": null,
            "research_to_sale_ratio": null,
            "price_fair": 3.36,
            "eps_avg_yearly": 1.12,
            "eps_latest_yearly": 1.12,
            "eps_growth_yearly": -88.89
        },
        "20052": {
            "year_quarter": 20052,
            "year": 2005,
            "quarter": 2,
            "eps": 0.28,
            "eps_growth_year": null,
            "eps_4q": 0.67,
            "eps_4q_growth_year": null,
            "roe": 2.24,
            "roe_4q": 5.4,
            "gross_profit": 68862,
            "gross_margin": 17.01,
            "gross_margin_4q_avg": 14.33,
            "net_income": 69006,
            "revenue": 404812,
            "common_shares": 2437357,
            "book_valuer_per_share": 12.77,
            "book_valuer_per_share_4q_avg": 12.61,
            "equity": 3112440,
            "current_ratio": 176.17,
            "debt_ratio": 39.64,
            "inventory_turnover_ratio": null,
            "account_receivable_turnover_ratio": null,
            "reinvestment_rate": null,
            "research_to_sale_ratio": null,
            "price_fair": 3.36,
            "eps_avg_yearly": 1.12,
            "eps_latest_yearly": 1.12,
            "eps_growth_yearly": -88.89
        },
        "20053": {
            "year_quarter": 20053,
            "year": 2005,
            "quarter": 3,
            "eps": 0.39,
            "eps_growth_year": 8.33,
            "eps_4q": 0.7,
            "eps_4q_growth_year": null,
            "roe": 2.99,
            "roe_4q": 5.460000000000001,
            "gross_profit": 118088,
            "gross_margin": 24.85,
            "gross_margin_4q_avg": 13.77,
            "net_income": 96507,
            "revenue": 475281,
            "common_shares": 2544318,
            "book_valuer_per_share": 13.12,
            "book_valuer_per_share_4q_avg": 12.78,
            "equity": 3338065,
            "current_ratio": 192.12,
            "debt_ratio": 39.32,
            "inventory_turnover_ratio": null,
            "account_receivable_turnover_ratio": null,
            "reinvestment_rate": null,
            "research_to_sale_ratio": null,
            "price_fair": 46.9,
            "eps_avg_yearly": 1.34,
            "eps_latest_yearly": 1.56,
            "eps_growth_yearly": 34.13
        },
        "20054": {
            "year_quarter": 20054,
            "year": 2005,
            "quarter": 4,
            "eps": 0.78,
            "eps_growth_year": 178.57,
            "eps_4q": 1.19,
            "eps_4q_growth_year": null,
            "roe": 5.68,
            "roe_4q": 8.89,
            "gross_profit": 219914,
            "gross_margin": 37.56,
            "gross_margin_4q_avg": 17.83,
            "net_income": 194692,
            "revenue": 585463,
            "common_shares": 2551078,
            "book_valuer_per_share": 13.78,
            "book_valuer_per_share_4q_avg": 13.04,
            "equity": 3516614,
            "current_ratio": 203.24,
            "debt_ratio": 40.89,
            "inventory_turnover_ratio": null,
            "account_receivable_turnover_ratio": null,
            "reinvestment_rate": null,
            "research_to_sale_ratio": null,
            "price_fair": 67.67,
            "eps_avg_yearly": 1.93,
            "eps_latest_yearly": 3.12,
            "eps_growth_yearly": 156.08
        },
        "20061": {
            "year_quarter": 20061,
            "year": 2006,
            "quarter": 1,
            "eps": 0.54,
            "eps_growth_year": null,
            "eps_4q": 1.97,
            "eps_4q_growth_year": null,
            "roe": 3.8,
            "roe_4q": 14.71,
            "gross_profit": 185516,
            "gross_margin": 33.06,
            "gross_margin_4q_avg": 28.12,
            "net_income": 136197,
            "revenue": 561190,
            "common_shares": 2551468,
            "book_valuer_per_share": 14.33,
            "book_valuer_per_share_4q_avg": 13.5,
            "equity": 3655864,
            "current_ratio": 188.22,
            "debt_ratio": 40.39,
            "inventory_turnover_ratio": null,
            "account_receivable_turnover_ratio": null,
            "reinvestment_rate": null,
            "research_to_sale_ratio": null,
            "price_fair": 69.65,
            "eps_avg_yearly": 1.99,
            "eps_latest_yearly": 2.16,
            "eps_growth_yearly": 86.29
        },
        "20062": {
            "year_quarter": 20062,
            "year": 2006,
            "quarter": 2,
            "eps": 0.88,
            "eps_growth_year": 214.29,
            "eps_4q": 2.57,
            "eps_4q_growth_year": 284.7,
            "roe": 6.07,
            "roe_4q": 18.54,
            "gross_profit": 247422,
            "gross_margin": 39.12,
            "gross_margin_4q_avg": 33.65,
            "net_income": 222491,
            "revenue": 632453,
            "common_shares": 2551498,
            "book_valuer_per_share": 14.42,
            "book_valuer_per_share_4q_avg": 13.91,
            "equity": 3678341,
            "current_ratio": 179.54,
            "debt_ratio": 43.28,
            "inventory_turnover_ratio": null,
            "account_receivable_turnover_ratio": null,
            "reinvestment_rate": null,
            "research_to_sale_ratio": null,
            "price_fair": 80.36,
            "eps_avg_yearly": 2.3,
            "eps_latest_yearly": 3.52,
            "eps_growth_yearly": 119.41
        },
        "20063": {
            "year_quarter": 20063,
            "year": 2006,
            "quarter": 3,
            "eps": 0.32,
            "eps_growth_year": -17.95,
            "eps_4q": 2.46,
            "eps_4q_growth_year": 253.76,
            "roe": 2.22,
            "roe_4q": 17.77,
            "gross_profit": 142620,
            "gross_margin": 26.37,
            "gross_margin_4q_avg": 34.03,
            "net_income": 82570,
            "revenue": 540743,
            "common_shares": 2640136,
            "book_valuer_per_share": 14.26,
            "book_valuer_per_share_4q_avg": 14.2,
            "equity": 3765561,
            "current_ratio": 216.92,
            "debt_ratio": 40.6,
            "inventory_turnover_ratio": null,
            "account_receivable_turnover_ratio": null,
            "reinvestment_rate": null,
            "research_to_sale_ratio": null,
            "price_fair": 74.43,
            "eps_avg_yearly": 2.13,
            "eps_latest_yearly": 1.28,
            "eps_growth_yearly": 57.08
        },
        "20064": {
            "year_quarter": 20064,
            "year": 2006,
            "quarter": 4,
            "eps": 0.35,
            "eps_growth_year": -55.13,
            "eps_4q": 2.06,
            "eps_4q_growth_year": 72.42,
            "roe": 2.37,
            "roe_4q": 14.46,
            "gross_profit": 125818,
            "gross_margin": 23.28,
            "gross_margin_4q_avg": 30.46,
            "net_income": 90372,
            "revenue": 540466,
            "common_shares": 2641516,
            "book_valuer_per_share": 14.6,
            "book_valuer_per_share_4q_avg": 14.4,
            "equity": 3856817,
            "current_ratio": 248.22,
            "debt_ratio": 37.39,
            "inventory_turnover_ratio": null,
            "account_receivable_turnover_ratio": null,
            "reinvestment_rate": null,
            "research_to_sale_ratio": null,
            "price_fair": 70.8,
            "eps_avg_yearly": 2.02,
            "eps_latest_yearly": 1.4,
            "eps_growth_yearly": 54.28
        },
        "20071": {
            "year_quarter": 20071,
            "year": 2007,
            "quarter": 1,
            "eps": 0.27,
            "eps_growth_year": -50,
            "eps_4q": 1.75,
            "eps_4q_growth_year": -10.9,
            "roe": 1.85,
            "roe_4q": 12.510000000000002,
            "gross_profit": 85705,
            "gross_margin": 18.52,
            "gross_margin_4q_avg": 26.82,
            "net_income": 71963,
            "revenue": 462867,
            "common_shares": 2642078,
            "book_valuer_per_share": 14.87,
            "book_valuer_per_share_4q_avg": 14.54,
            "equity": 3928491,
            "current_ratio": 286.75,
            "debt_ratio": 27.93,
            "inventory_turnover_ratio": null,
            "account_receivable_turnover_ratio": null,
            "reinvestment_rate": null,
            "research_to_sale_ratio": null,
            "price_fair": 66.68,
            "eps_avg_yearly": 1.91,
            "eps_latest_yearly": 1.08,
            "eps_growth_yearly": 36.07
        },
        "20072": {
            "year_quarter": 20072,
            "year": 2007,
            "quarter": 2,
            "eps": 0.21,
            "eps_growth_year": -76.14,
            "eps_4q": 1.14,
            "eps_4q_growth_year": -55.59,
            "roe": 1.47,
            "roe_4q": 7.91,
            "gross_profit": 98040,
            "gross_margin": 19.85,
            "gross_margin_4q_avg": 22.01,
            "net_income": 55213,
            "revenue": 493873,
            "common_shares": 2642153,
            "book_valuer_per_share": 13.62,
            "book_valuer_per_share_4q_avg": 14.34,
            "equity": 3598727,
            "current_ratio": 200.61,
            "debt_ratio": 32.57,
            "inventory_turnover_ratio": null,
            "account_receivable_turnover_ratio": null,
            "reinvestment_rate": null,
            "research_to_sale_ratio": null,
            "price_fair": 57.5,
            "eps_avg_yearly": 1.79,
            "eps_latest_yearly": 0.84,
            "eps_growth_yearly": 22.19
        },
        "20073": {
            "year_quarter": 20073,
            "year": 2007,
            "quarter": 3,
            "eps": 0.32,
            "eps_growth_year": 0,
            "eps_4q": 1.13,
            "eps_4q_growth_year": -54.21,
            "roe": 2.36,
            "roe_4q": 8.05,
            "gross_profit": 120257,
            "gross_margin": 24.02,
            "gross_margin_4q_avg": 21.42,
            "net_income": 86096,
            "revenue": 500701,
            "common_shares": 2720188,
            "book_valuer_per_share": 13.55,
            "book_valuer_per_share_4q_avg": 14.16,
            "equity": 3685998,
            "current_ratio": 340.74,
            "debt_ratio": 27.15,
            "inventory_turnover_ratio": null,
            "account_receivable_turnover_ratio": null,
            "reinvestment_rate": null,
            "research_to_sale_ratio": null,
            "price_fair": 60.76,
            "eps_avg_yearly": 1.74,
            "eps_latest_yearly": 1.28,
            "eps_growth_yearly": 40.92
        },
        "20074": {
            "year_quarter": 20074,
            "year": 2007,
            "quarter": 4,
            "eps": 0.44,
            "eps_growth_year": 25.71,
            "eps_4q": 1.22,
            "eps_4q_growth_year": -40.56,
            "roe": 3.19,
            "roe_4q": 8.87,
            "gross_profit": 189730,
            "gross_margin": 33.32,
            "gross_margin_4q_avg": 23.93,
            "net_income": 119713,
            "revenue": 569334,
            "common_shares": 2723878,
            "book_valuer_per_share": 13.99,
            "book_valuer_per_share_4q_avg": 14.01,
            "equity": 3809428,
            "current_ratio": 362.75,
            "debt_ratio": 26.15,
            "inventory_turnover_ratio": null,
            "account_receivable_turnover_ratio": null,
            "reinvestment_rate": null,
            "research_to_sale_ratio": null,
            "price_fair": 60.84,
            "eps_avg_yearly": 1.74,
            "eps_latest_yearly": 1.76,
            "eps_growth_yearly": 50.84
        },
        "20081": {
            "year_quarter": 20081,
            "year": 2008,
            "quarter": 1,
            "eps": 0.23,
            "eps_growth_year": -14.81,
            "eps_4q": 1.19,
            "eps_4q_growth_year": -32.37,
            "roe": 1.64,
            "roe_4q": 8.66,
            "gross_profit": 103610,
            "gross_margin": 22.11,
            "gross_margin_4q_avg": 24.83,
            "net_income": 62798,
            "revenue": 468554,
            "common_shares": 2724108,
            "book_valuer_per_share": 14.22,
            "book_valuer_per_share_4q_avg": 13.85,
            "equity": 3872456,
            "current_ratio": 385.98,
            "debt_ratio": 24.86,
            "inventory_turnover_ratio": null,
            "account_receivable_turnover_ratio": null,
            "reinvestment_rate": null,
            "research_to_sale_ratio": null,
            "price_fair": 58.45,
            "eps_avg_yearly": 1.67,
            "eps_latest_yearly": 0.92,
            "eps_growth_yearly": 30.69
        },
        "20082": {
            "year_quarter": 20082,
            "year": 2008,
            "quarter": 2,
            "eps": 0.32,
            "eps_growth_year": 52.38,
            "eps_4q": 1.29,
            "eps_4q_growth_year": 13.4,
            "roe": 2.34,
            "roe_4q": 9.53,
            "gross_profit": 103056,
            "gross_margin": 22.53,
            "gross_margin_4q_avg": 25.5,
            "net_income": 88212,
            "revenue": 457325,
            "common_shares": 2724288,
            "book_valuer_per_share": 13.42,
            "book_valuer_per_share_4q_avg": 13.8,
            "equity": 3654769,
            "current_ratio": 325.11,
            "debt_ratio": 27.59,
            "inventory_turnover_ratio": null,
            "account_receivable_turnover_ratio": null,
            "reinvestment_rate": 166.18,
            "research_to_sale_ratio": null,
            "price_fair": 57.4,
            "eps_avg_yearly": 1.64,
            "eps_latest_yearly": 1.28,
            "eps_growth_yearly": 40.37
        },
        "20083": {
            "year_quarter": 20083,
            "year": 2008,
            "quarter": 3,
            "eps": 0.37,
            "eps_growth_year": 15.62,
            "eps_4q": 1.36,
            "eps_4q_growth_year": 20.6,
            "roe": 2.73,
            "roe_4q": 9.9,
            "gross_profit": 141469,
            "gross_margin": 29.9,
            "gross_margin_4q_avg": 26.97,
            "net_income": 101075,
            "revenue": 473178,
            "common_shares": 2725233,
            "book_valuer_per_share": 13.79,
            "book_valuer_per_share_4q_avg": 13.86,
            "equity": 3756789,
            "current_ratio": 463.89,
            "debt_ratio": 22.58,
            "inventory_turnover_ratio": null,
            "account_receivable_turnover_ratio": null,
            "reinvestment_rate": -121.85,
            "research_to_sale_ratio": null,
            "price_fair": 57,
            "eps_avg_yearly": 1.63,
            "eps_latest_yearly": 1.48,
            "eps_growth_yearly": 41.95
        },
        "20084": {
            "year_quarter": 20084,
            "year": 2008,
            "quarter": 4,
            "eps": -0.23,
            "eps_growth_year": -152.27,
            "eps_4q": 0.7,
            "eps_4q_growth_year": -42.8,
            "roe": -1.66,
            "roe_4q": 5.05,
            "gross_profit": -26673,
            "gross_margin": -10.13,
            "gross_margin_4q_avg": 16.1,
            "net_income": -62016,
            "revenue": 263288,
            "common_shares": 2725233,
            "book_valuer_per_share": 13.56,
            "book_valuer_per_share_4q_avg": 13.75,
            "equity": 3694773,
            "current_ratio": 420.04,
            "debt_ratio": 22.46,
            "inventory_turnover_ratio": null,
            "account_receivable_turnover_ratio": 3.64,
            "reinvestment_rate": -142.54,
            "research_to_sale_ratio": null,
            "price_fair": 58.37,
            "eps_avg_yearly": 1.67,
            "eps_latest_yearly": 1.48,
            "eps_growth_yearly": 52.01
        },
        "20091": {
            "year_quarter": 20091,
            "year": 2009,
            "quarter": 1,
            "eps": -0.23,
            "eps_growth_year": -200,
            "eps_4q": 0.24,
            "eps_4q_growth_year": -79.6,
            "roe": -1.67,
            "roe_4q": 1.7399999999999998,
            "gross_profit": -88171,
            "gross_margin": -61.71,
            "gross_margin_4q_avg": -4.85,
            "net_income": -61351,
            "revenue": 142869,
            "common_shares": 2725233,
            "book_valuer_per_share": 13.33,
            "book_valuer_per_share_4q_avg": 13.53,
            "equity": 3633653,
            "current_ratio": 463.85,
            "debt_ratio": 20.6,
            "inventory_turnover_ratio": null,
            "account_receivable_turnover_ratio": 1.02,
            "reinvestment_rate": -147.69,
            "research_to_sale_ratio": null,
            "price_fair": 58.37,
            "eps_avg_yearly": 1.67,
            "eps_latest_yearly": 1.48,
            "eps_growth_yearly": 52.01
        },
        "20092": {
            "year_quarter": 20092,
            "year": 2009,
            "quarter": 2,
            "eps": 0,
            "eps_growth_year": -100,
            "eps_4q": -0.08,
            "eps_4q_growth_year": -106.52,
            "roe": -0.02,
            "roe_4q": -0.6199999999999997,
            "gross_profit": 46982,
            "gross_margin": 16.38,
            "gross_margin_4q_avg": -6.39,
            "net_income": -722,
            "revenue": 286892,
            "common_shares": 2725233,
            "book_valuer_per_share": 12.78,
            "book_valuer_per_share_4q_avg": 13.37,
            "equity": 3482813,
            "current_ratio": 884.77,
            "debt_ratio": 22.16,
            "inventory_turnover_ratio": null,
            "account_receivable_turnover_ratio": 1.56,
            "reinvestment_rate": -157.06,
            "research_to_sale_ratio": null,
            "price_fair": 58.37,
            "eps_avg_yearly": 1.67,
            "eps_latest_yearly": 1.48,
            "eps_growth_yearly": 52.01
        },
        "20093": {
            "year_quarter": 20093,
            "year": 2009,
            "quarter": 3,
            "eps": 0.27,
            "eps_growth_year": -27.03,
            "eps_4q": -0.18,
            "eps_4q_growth_year": -113.52,
            "roe": 2.1,
            "roe_4q": -1.2499999999999998,
            "gross_profit": 122612,
            "gross_margin": 34.56,
            "gross_margin_4q_avg": -5.23,
            "net_income": 73788,
            "revenue": 354808,
            "common_shares": 2725233,
            "book_valuer_per_share": 13.05,
            "book_valuer_per_share_4q_avg": 13.18,
            "equity": 3556601,
            "current_ratio": 1460.59,
            "debt_ratio": 18.76,
            "inventory_turnover_ratio": null,
            "account_receivable_turnover_ratio": 1.45,
            "reinvestment_rate": -171.65,
            "research_to_sale_ratio": null,
            "price_fair": 58.68,
            "eps_avg_yearly": 1.68,
            "eps_latest_yearly": 1.48,
            "eps_growth_yearly": 43.25
        },
        "20094": {
            "year_quarter": 20094,
            "year": 2009,
            "quarter": 4,
            "eps": 0.37,
            "eps_growth_year": null,
            "eps_4q": 0.42,
            "eps_4q_growth_year": -40.34,
            "roe": 2.83,
            "roe_4q": 3.24,
            "gross_profit": 162730,
            "gross_margin": 41.24,
            "gross_margin_4q_avg": 7.62,
            "net_income": 102092,
            "revenue": 394589,
            "common_shares": 2725233,
            "book_valuer_per_share": 13.43,
            "book_valuer_per_share_4q_avg": 13.15,
            "equity": 3658693,
            "current_ratio": 709.39,
            "debt_ratio": 18.56,
            "inventory_turnover_ratio": null,
            "account_receivable_turnover_ratio": 2.47,
            "reinvestment_rate": -195.34,
            "research_to_sale_ratio": null,
            "price_fair": 49.69,
            "eps_avg_yearly": 1.54,
            "eps_latest_yearly": 1.48,
            "eps_growth_yearly": 22.27
        },
        "20101": {
            "year_quarter": 20101,
            "year": 2010,
            "quarter": 1,
            "eps": 0.43,
            "eps_growth_year": null,
            "eps_4q": 1.07,
            "eps_4q_growth_year": 342.34,
            "roe": 3.13,
            "roe_4q": 8.040000000000001,
            "gross_profit": 157490,
            "gross_margin": 41.03,
            "gross_margin_4q_avg": 33.3,
            "net_income": 116434,
            "revenue": 383808,
            "common_shares": 2725233,
            "book_valuer_per_share": 13.85,
            "book_valuer_per_share_4q_avg": 13.28,
            "equity": 3775127,
            "current_ratio": 1103.34,
            "debt_ratio": 14.88,
            "inventory_turnover_ratio": null,
            "account_receivable_turnover_ratio": 1.15,
            "reinvestment_rate": -209.75,
            "research_to_sale_ratio": 0.55,
            "price_fair": 52.62,
            "eps_avg_yearly": 1.5,
            "eps_latest_yearly": 1.72,
            "eps_growth_yearly": 37.93
        },
        "20102": {
            "year_quarter": 20102,
            "year": 2010,
            "quarter": 2,
            "eps": 0.56,
            "eps_growth_year": null,
            "eps_4q": 1.63,
            "eps_4q_growth_year": null,
            "roe": 4.02,
            "roe_4q": 12.08,
            "gross_profit": 197550,
            "gross_margin": 46.72,
            "gross_margin_4q_avg": 40.89,
            "net_income": 152557,
            "revenue": 422852,
            "common_shares": 2725233,
            "book_valuer_per_share": 14,
            "book_valuer_per_share_4q_avg": 13.58,
            "equity": 3814314,
            "current_ratio": 464.35,
            "debt_ratio": 17.6,
            "inventory_turnover_ratio": null,
            "account_receivable_turnover_ratio": 1.28,
            "reinvestment_rate": -247.15,
            "research_to_sale_ratio": 0.59,
            "price_fair": 48.88,
            "eps_avg_yearly": 1.4,
            "eps_latest_yearly": 2.24,
            "eps_growth_yearly": 27.02
        },
        "20103": {
            "year_quarter": 20103,
            "year": 2010,
            "quarter": 3,
            "eps": 0.63,
            "eps_growth_year": 133.45,
            "eps_4q": 1.99,
            "eps_4q_growth_year": null,
            "roe": 4.4,
            "roe_4q": 14.38,
            "gross_profit": 224277,
            "gross_margin": 50.73,
            "gross_margin_4q_avg": 44.93,
            "net_income": 171779,
            "revenue": 442134,
            "common_shares": 2725233,
            "book_valuer_per_share": 14.63,
            "book_valuer_per_share_4q_avg": 13.98,
            "equity": 3986093,
            "current_ratio": 599.26,
            "debt_ratio": 14.02,
            "inventory_turnover_ratio": null,
            "account_receivable_turnover_ratio": 1.46,
            "reinvestment_rate": -211.63,
            "research_to_sale_ratio": 0.6,
            "price_fair": 52.5,
            "eps_avg_yearly": 1.5,
            "eps_latest_yearly": 2.52,
            "eps_growth_yearly": 52.4
        },
        "20104": {
            "year_quarter": 20104,
            "year": 2010,
            "quarter": 4,
            "eps": 0.6,
            "eps_growth_year": 63.21,
            "eps_4q": 2.22,
            "eps_4q_growth_year": 431.9,
            "roe": 4.05,
            "roe_4q": 15.599999999999998,
            "gross_profit": 218759,
            "gross_margin": 53.76,
            "gross_margin_4q_avg": 48.06,
            "net_income": 164572,
            "revenue": 406924,
            "common_shares": 2725233,
            "book_valuer_per_share": 15.23,
            "book_valuer_per_share_4q_avg": 14.43,
            "equity": 4150665,
            "current_ratio": 647.15,
            "debt_ratio": 12.81,
            "inventory_turnover_ratio": null,
            "account_receivable_turnover_ratio": 1.5,
            "reinvestment_rate": -189.28,
            "research_to_sale_ratio": 0.53,
            "price_fair": 55.42,
            "eps_avg_yearly": 1.58,
            "eps_latest_yearly": 2.4,
            "eps_growth_yearly": 47.68
        },
        "20111": {
            "year_quarter": 20111,
            "year": 2011,
            "quarter": 1,
            "eps": 0.42,
            "eps_growth_year": -2.33,
            "eps_4q": 2.21,
            "eps_4q_growth_year": 106.62,
            "roe": 2.7,
            "roe_4q": 15.17,
            "gross_profit": 146177,
            "gross_margin": 43.97,
            "gross_margin_4q_avg": 48.8,
            "net_income": 113582,
            "revenue": 332460,
            "common_shares": 2725233,
            "book_valuer_per_share": 15.65,
            "book_valuer_per_share_4q_avg": 14.88,
            "equity": 4264247,
            "current_ratio": 601.83,
            "debt_ratio": 12.97,
            "inventory_turnover_ratio": null,
            "account_receivable_turnover_ratio": 1.35,
            "reinvestment_rate": -163.8,
            "research_to_sale_ratio": 0.71,
            "price_fair": 57.17,
            "eps_avg_yearly": 1.63,
            "eps_latest_yearly": 1.68,
            "eps_growth_yearly": 45.3
        },
        "20112": {
            "year_quarter": 20112,
            "year": 2011,
            "quarter": 2,
            "eps": 0.57,
            "eps_growth_year": 1.42,
            "eps_4q": 3.87,
            "eps_4q_growth_year": 137.06,
            "roe": 2.21,
            "roe_4q": 13.360000000000001,
            "gross_profit": 107562,
            "gross_margin": 38.74,
            "gross_margin_4q_avg": 46.8,
            "net_income": 77364,
            "revenue": 277638,
            "common_shares": 1362617,
            "book_valuer_per_share": 20.2,
            "book_valuer_per_share_4q_avg": 16.43,
            "equity": 2752256,
            "current_ratio": 384.32,
            "debt_ratio": 16.14,
            "inventory_turnover_ratio": null,
            "account_receivable_turnover_ratio": 1.26,
            "reinvestment_rate": -154.25,
            "research_to_sale_ratio": 0.69,
            "price_fair": 61.37,
            "eps_avg_yearly": 1.75,
            "eps_latest_yearly": 2.28,
            "eps_growth_yearly": 64.62
        },
        "20113": {
            "year_quarter": 20113,
            "year": 2011,
            "quarter": 3,
            "eps": 0.78,
            "eps_growth_year": 23.83,
            "eps_4q": 3.39,
            "eps_4q_growth_year": 70.16,
            "roe": 3.79,
            "roe_4q": 12.75,
            "gross_profit": 109137,
            "gross_margin": 39.43,
            "gross_margin_4q_avg": 43.98,
            "net_income": 106358,
            "revenue": 276809,
            "common_shares": 1362617,
            "book_valuer_per_share": 20.98,
            "book_valuer_per_share_4q_avg": 18.02,
            "equity": 2858613,
            "current_ratio": 696.22,
            "debt_ratio": 8.39,
            "inventory_turnover_ratio": null,
            "account_receivable_turnover_ratio": 1.34,
            "reinvestment_rate": -131.59,
            "research_to_sale_ratio": 0.86,
            "price_fair": 66.73,
            "eps_avg_yearly": 1.91,
            "eps_latest_yearly": 3.12,
            "eps_growth_yearly": 59.44
        },
        "20114": {
            "year_quarter": 20114,
            "year": 2011,
            "quarter": 4,
            "eps": 1.09,
            "eps_growth_year": 79.91,
            "eps_4q": 3.27,
            "eps_4q_growth_year": 47.14,
            "roe": 5.05,
            "roe_4q": 13.75,
            "gross_profit": 130655,
            "gross_margin": 49.83,
            "gross_margin_4q_avg": 42.99,
            "net_income": 148042,
            "revenue": 262218,
            "common_shares": 1362617,
            "book_valuer_per_share": 22.07,
            "book_valuer_per_share_4q_avg": 19.73,
            "equity": 3006655,
            "current_ratio": 688.71,
            "debt_ratio": 8.5,
            "inventory_turnover_ratio": null,
            "account_receivable_turnover_ratio": 1.35,
            "reinvestment_rate": -143.93,
            "research_to_sale_ratio": 0.66,
            "price_fair": 74.32,
            "eps_avg_yearly": 2.12,
            "eps_latest_yearly": 4.36,
            "eps_growth_yearly": 60.18
        },
        "20121": {
            "year_quarter": 20121,
            "year": 2012,
            "quarter": 1,
            "eps": 0.98,
            "eps_growth_year": 133.33,
            "eps_4q": 3.41,
            "eps_4q_growth_year": 54.33,
            "roe": 4.33,
            "roe_4q": 15.379999999999999,
            "gross_profit": 180333,
            "gross_margin": 54.71,
            "gross_margin_4q_avg": 45.68,
            "net_income": 133160,
            "revenue": 329642,
            "common_shares": 1362617,
            "book_valuer_per_share": 23.04,
            "book_valuer_per_share_4q_avg": 21.57,
            "equity": 3139815,
            "current_ratio": 495.13,
            "debt_ratio": 10.73,
            "inventory_turnover_ratio": null,
            "account_receivable_turnover_ratio": 1.59,
            "reinvestment_rate": -102.92,
            "research_to_sale_ratio": 0.53,
            "price_fair": 83.07,
            "eps_avg_yearly": 2.37,
            "eps_latest_yearly": 3.92,
            "eps_growth_yearly": 72.73
        },
        "20122": {
            "year_quarter": 20122,
            "year": 2012,
            "quarter": 2,
            "eps": 1.03,
            "eps_growth_year": 80.83,
            "eps_4q": 3.87,
            "eps_4q_growth_year": 0.03,
            "roe": 4.59,
            "roe_4q": 17.759999999999998,
            "gross_profit": 194276,
            "gross_margin": 56.95,
            "gross_margin_4q_avg": 50.23,
            "net_income": 139894,
            "revenue": 341118,
            "common_shares": 1362617,
            "book_valuer_per_share": 21.72,
            "book_valuer_per_share_4q_avg": 21.95,
            "equity": 2959059,
            "current_ratio": 377.52,
            "debt_ratio": 15.38,
            "inventory_turnover_ratio": null,
            "account_receivable_turnover_ratio": 1.38,
            "reinvestment_rate": -85.76,
            "research_to_sale_ratio": 0.54,
            "price_fair": 91.35,
            "eps_avg_yearly": 2.61,
            "eps_latest_yearly": 4.12,
            "eps_growth_yearly": 61.39
        },
        "20123": {
            "year_quarter": 20123,
            "year": 2012,
            "quarter": 3,
            "eps": 0.76,
            "eps_growth_year": -2.42,
            "eps_4q": 3.85,
            "eps_4q_growth_year": 13.64,
            "roe": 3.45,
            "roe_4q": 17.419999999999998,
            "gross_profit": 146425,
            "gross_margin": 48.81,
            "gross_margin_4q_avg": 52.58,
            "net_income": 103779,
            "revenue": 299968,
            "common_shares": 1362617,
            "book_valuer_per_share": 22.48,
            "book_valuer_per_share_4q_avg": 22.33,
            "equity": 3062839,
            "current_ratio": 1119.14,
            "debt_ratio": 5.05,
            "inventory_turnover_ratio": null,
            "account_receivable_turnover_ratio": 1.28,
            "reinvestment_rate": -76.5,
            "research_to_sale_ratio": 0.64,
            "price_fair": 95.9,
            "eps_avg_yearly": 2.74,
            "eps_latest_yearly": 3.04,
            "eps_growth_yearly": 47.44
        },
        "20124": {
            "year_quarter": 20124,
            "year": 2012,
            "quarter": 4,
            "eps": 0.85,
            "eps_growth_year": -21.82,
            "eps_4q": 3.61,
            "eps_4q_growth_year": 10.6,
            "roe": 3.71,
            "roe_4q": 16.08,
            "gross_profit": 155774,
            "gross_margin": 51.93,
            "gross_margin_4q_avg": 53.1,
            "net_income": 115740,
            "revenue": 299959,
            "common_shares": 1362617,
            "book_valuer_per_share": 23.33,
            "book_valuer_per_share_4q_avg": 22.64,
            "equity": 3178579,
            "current_ratio": 900.43,
            "debt_ratio": 6.66,
            "inventory_turnover_ratio": null,
            "account_receivable_turnover_ratio": 1.38,
            "reinvestment_rate": -64.32,
            "research_to_sale_ratio": 0.69,
            "price_fair": 97.68,
            "eps_avg_yearly": 2.79,
            "eps_latest_yearly": 3.4,
            "eps_growth_yearly": 47.43
        },
        "20131": {
            "year_quarter": 20131,
            "year": 2013,
            "quarter": 1,
            "eps": 0.82,
            "eps_growth_year": -16.33,
            "eps_4q": 3.46,
            "eps_4q_growth_year": 1.39,
            "roe": 3.46,
            "roe_4q": 15.21,
            "gross_profit": 141237,
            "gross_margin": 50.18,
            "gross_margin_4q_avg": 51.97,
            "net_income": 111994,
            "revenue": 281448,
            "common_shares": 1362617,
            "book_valuer_per_share": 24.11,
            "book_valuer_per_share_4q_avg": 22.91,
            "equity": 3285759,
            "current_ratio": 902.15,
            "debt_ratio": 6.23,
            "inventory_turnover_ratio": null,
            "account_receivable_turnover_ratio": 1.27,
            "reinvestment_rate": -22.51,
            "research_to_sale_ratio": 0.64,
            "price_fair": 98.9,
            "eps_avg_yearly": 2.83,
            "eps_latest_yearly": 3.28,
            "eps_growth_yearly": 43.04
        },
        "20132": {
            "year_quarter": 20132,
            "year": 2013,
            "quarter": 2,
            "eps": 0.85,
            "eps_growth_year": -17.21,
            "eps_4q": 3.28,
            "eps_4q_growth_year": -15.25,
            "roe": 3.63,
            "roe_4q": 14.25,
            "gross_profit": 158271,
            "gross_margin": 48.22,
            "gross_margin_4q_avg": 49.79,
            "net_income": 115527,
            "revenue": 328247,
            "common_shares": 1362617,
            "book_valuer_per_share": 22.61,
            "book_valuer_per_share_4q_avg": 23.13,
            "equity": 3080637,
            "current_ratio": 342.43,
            "debt_ratio": 15.53,
            "inventory_turnover_ratio": null,
            "account_receivable_turnover_ratio": 1.31,
            "reinvestment_rate": -3.94,
            "research_to_sale_ratio": 0.62,
            "price_fair": 100.24,
            "eps_avg_yearly": 2.86,
            "eps_latest_yearly": 3.4,
            "eps_growth_yearly": 41.14
        },
        "20133": {
            "year_quarter": 20133,
            "year": 2013,
            "quarter": 3,
            "eps": 1.25,
            "eps_growth_year": 64.12,
            "eps_4q": 3.77,
            "eps_4q_growth_year": -2.13,
            "roe": 5.38,
            "roe_4q": 16.18,
            "gross_profit": 213411,
            "gross_margin": 49.17,
            "gross_margin_4q_avg": 49.88,
            "net_income": 170426,
            "revenue": 434040,
            "common_shares": 1362617,
            "book_valuer_per_share": 23.86,
            "book_valuer_per_share_4q_avg": 23.48,
            "equity": 3251063,
            "current_ratio": 755.8,
            "debt_ratio": 6.85,
            "inventory_turnover_ratio": null,
            "account_receivable_turnover_ratio": 1.41,
            "reinvestment_rate": 0.26,
            "research_to_sale_ratio": 0.5,
            "price_fair": 104.91,
            "eps_avg_yearly": 3,
            "eps_latest_yearly": 5,
            "eps_growth_yearly": 50.34
        },
        "20134": {
            "year_quarter": 20134,
            "year": 2013,
            "quarter": 4,
            "eps": 1.1,
            "eps_growth_year": 29.32,
            "eps_4q": 4.02,
            "eps_4q_growth_year": 11.18,
            "roe": 4.5,
            "roe_4q": 16.97,
            "gross_profit": 188927,
            "gross_margin": 44.74,
            "gross_margin_4q_avg": 48.08,
            "net_income": 149671,
            "revenue": 422289,
            "common_shares": 1362617,
            "book_valuer_per_share": 24.95,
            "book_valuer_per_share_4q_avg": 23.88,
            "equity": 3400032,
            "current_ratio": 921.29,
            "debt_ratio": 5.99,
            "inventory_turnover_ratio": null,
            "account_receivable_turnover_ratio": 1.34,
            "reinvestment_rate": 1.37,
            "research_to_sale_ratio": 0.55,
            "price_fair": 111.3,
            "eps_avg_yearly": 3.18,
            "eps_latest_yearly": 4.4,
            "eps_growth_yearly": 38.08
        },
        "20141": {
            "year_quarter": 20141,
            "year": 2014,
            "quarter": 1,
            "eps": 0.47,
            "eps_growth_year": -42.68,
            "eps_4q": 3.67,
            "eps_4q_growth_year": 6,
            "roe": 1.87,
            "roe_4q": 15.379999999999999,
            "gross_profit": 84512,
            "gross_margin": 26.53,
            "gross_margin_4q_avg": 42.17,
            "net_income": 64057,
            "revenue": 318557,
            "common_shares": 1362617,
            "book_valuer_per_share": 25.42,
            "book_valuer_per_share_4q_avg": 24.21,
            "equity": 3464089,
            "current_ratio": 1018.79,
            "debt_ratio": 5.89,
            "inventory_turnover_ratio": null,
            "account_receivable_turnover_ratio": 1.15,
            "reinvestment_rate": -2.06,
            "research_to_sale_ratio": 0.71,
            "price_fair": 94.76,
            "eps_avg_yearly": 3.19,
            "eps_latest_yearly": 1.88,
            "eps_growth_yearly": 19.71
        },
        "20142": {
            "year_quarter": 20142,
            "year": 2014,
            "quarter": 2,
            "eps": 0.89,
            "eps_growth_year": 4.71,
            "eps_4q": 3.71,
            "eps_4q_growth_year": 13.17,
            "roe": 3.63,
            "roe_4q": 15.379999999999999,
            "gross_profit": 184942,
            "gross_margin": 42.39,
            "gross_margin_4q_avg": 40.71,
            "net_income": 121757,
            "revenue": 436291,
            "common_shares": 1362617,
            "book_valuer_per_share": 23.79,
            "book_valuer_per_share_4q_avg": 24.51,
            "equity": 3241751,
            "current_ratio": 426.31,
            "debt_ratio": 14.69,
            "inventory_turnover_ratio": null,
            "account_receivable_turnover_ratio": 1.4,
            "reinvestment_rate": -2.53,
            "research_to_sale_ratio": 0.56,
            "price_fair": 114.54,
            "eps_avg_yearly": 3.27,
            "eps_latest_yearly": 3.56,
            "eps_growth_yearly": 34.49
        },
        "20143": {
            "year_quarter": 20143,
            "year": 2014,
            "quarter": 3,
            "eps": 1.28,
            "eps_growth_year": 2.4,
            "eps_4q": 3.75,
            "eps_4q_growth_year": -0.61,
            "roe": 5.26,
            "roe_4q": 15.260000000000002,
            "gross_profit": 216560,
            "gross_margin": 46.36,
            "gross_margin_4q_avg": 40.01,
            "net_income": 175046,
            "revenue": 467143,
            "common_shares": 1362617,
            "book_valuer_per_share": 25.08,
            "book_valuer_per_share_4q_avg": 24.81,
            "equity": 3416797,
            "current_ratio": 1450.95,
            "debt_ratio": 4.3,
            "inventory_turnover_ratio": null,
            "account_receivable_turnover_ratio": 1.3,
            "reinvestment_rate": -0.85,
            "research_to_sale_ratio": 0.43,
            "price_fair": 120.23,
            "eps_avg_yearly": 3.44,
            "eps_latest_yearly": 5.12,
            "eps_growth_yearly": 42.32
        },
        "20144": {
            "year_quarter": 20144,
            "year": 2014,
            "quarter": 4,
            "eps": 1.07,
            "eps_growth_year": -2.89,
            "eps_4q": 3.71,
            "eps_4q_growth_year": -7.56,
            "roe": 4.17,
            "roe_4q": 14.93,
            "gross_profit": 173305,
            "gross_margin": 41.99,
            "gross_margin_4q_avg": 39.32,
            "net_income": 145351,
            "revenue": 412736,
            "common_shares": 1362617,
            "book_valuer_per_share": 26.12,
            "book_valuer_per_share_4q_avg": 25.1,
            "equity": 3559662,
            "current_ratio": 1321.87,
            "debt_ratio": 5.04,
            "inventory_turnover_ratio": null,
            "account_receivable_turnover_ratio": 1.23,
            "reinvestment_rate": -0.62,
            "research_to_sale_ratio": 0.49,
            "price_fair": 124.34,
            "eps_avg_yearly": 3.55,
            "eps_latest_yearly": 4.28,
            "eps_growth_yearly": 39.41
        },
        "20151": {
            "year_quarter": 20151,
            "year": 2015,
            "quarter": 1,
            "eps": 0.62,
            "eps_growth_year": 31.91,
            "eps_4q": 3.87,
            "eps_4q_growth_year": 5.53,
            "roe": 2.36,
            "roe_4q": 15.419999999999998,
            "gross_profit": 118852,
            "gross_margin": 33.6,
            "gross_margin_4q_avg": 41.09,
            "net_income": 85136,
            "revenue": 353773,
            "common_shares": 1362617,
            "book_valuer_per_share": 26.75,
            "book_valuer_per_share_4q_avg": 25.44,
            "equity": 3644798,
            "current_ratio": 1384.73,
            "debt_ratio": 4.99,
            "inventory_turnover_ratio": null,
            "account_receivable_turnover_ratio": 1.17,
            "reinvestment_rate": -5.04,
            "research_to_sale_ratio": 0.54,
            "price_fair": 126.09,
            "eps_avg_yearly": 3.6,
            "eps_latest_yearly": 2.48,
            "eps_growth_yearly": 36.39
        },
        "20152": {
            "year_quarter": 20152,
            "year": 2015,
            "quarter": 2,
            "eps": 0.36,
            "eps_growth_year": -59.55,
            "eps_4q": 3.34,
            "eps_4q_growth_year": -10.16,
            "roe": 1.39,
            "roe_4q": 13.18,
            "gross_profit": 96248,
            "gross_margin": 29.41,
            "gross_margin_4q_avg": 37.84,
            "net_income": 48987,
            "revenue": 327268,
            "common_shares": 1362617,
            "book_valuer_per_share": 24.84,
            "book_valuer_per_share_4q_avg": 25.7,
            "equity": 3385187,
            "current_ratio": 1810.74,
            "debt_ratio": 3.78,
            "inventory_turnover_ratio": null,
            "account_receivable_turnover_ratio": 1.21,
            "reinvestment_rate": -5.65,
            "research_to_sale_ratio": 0.58,
            "price_fair": 95.78,
            "eps_avg_yearly": 3.55,
            "eps_latest_yearly": 1.44,
            "eps_growth_yearly": 16.98
        },
        "20153": {
            "year_quarter": 20153,
            "year": 2015,
            "quarter": 3,
            "eps": -0.89,
            "eps_growth_year": -169.53,
            "eps_4q": 1.16,
            "eps_4q_growth_year": -69.05,
            "roe": -5.59,
            "roe_4q": 2.3299999999999996,
            "gross_profit": -99111,
            "gross_margin": -17.36,
            "gross_margin_4q_avg": 21.91,
            "net_income": -189658,
            "revenue": 570916,
            "common_shares": 1362617,
            "book_valuer_per_share": 24.98,
            "book_valuer_per_share_4q_avg": 25.67,
            "equity": 3404107,
            "current_ratio": 653.47,
            "debt_ratio": 56.84,
            "inventory_turnover_ratio": 17.75,
            "account_receivable_turnover_ratio": 1.43,
            "reinvestment_rate": 193.89,
            "research_to_sale_ratio": 1.2,
            "price_fair": 65.45,
            "eps_avg_yearly": 3.58,
            "eps_latest_yearly": 1.44,
            "eps_growth_yearly": 8.29
        },
        "20154": {
            "year_quarter": 20154,
            "year": 2015,
            "quarter": 4,
            "eps": -1.29,
            "eps_growth_year": -221.27,
            "eps_4q": -1.2,
            "eps_4q_growth_year": -132.32,
            "roe": -5.33,
            "roe_4q": -7.17,
            "gross_profit": -91976,
            "gross_margin": -17.32,
            "gross_margin_4q_avg": 7.08,
            "net_income": -176265,
            "revenue": 530955,
            "common_shares": 1362617,
            "book_valuer_per_share": 23.6,
            "book_valuer_per_share_4q_avg": 25.04,
            "equity": 3216058,
            "current_ratio": 485.99,
            "debt_ratio": 58.24,
            "inventory_turnover_ratio": 9.14,
            "account_receivable_turnover_ratio": 1.07,
            "reinvestment_rate": 232.16,
            "research_to_sale_ratio": 0.86,
            "price_fair": 10.57,
            "eps_avg_yearly": 3.52,
            "eps_latest_yearly": 1.44,
            "eps_growth_yearly": -2.47
        },
        "20161": {
            "year_quarter": 20161,
            "year": 2016,
            "quarter": 1,
            "eps": -0.67,
            "eps_growth_year": -208.06,
            "eps_4q": -2.5,
            "eps_4q_growth_year": -164.51,
            "roe": -2.88,
            "roe_4q": -12.41,
            "gross_profit": 11855,
            "gross_margin": 1.73,
            "gross_margin_4q_avg": -0.89,
            "net_income": -91371,
            "revenue": 684042,
            "common_shares": 1362617,
            "book_valuer_per_share": 22.91,
            "book_valuer_per_share_4q_avg": 24.08,
            "equity": 3121456,
            "current_ratio": 410.33,
            "debt_ratio": 58.41,
            "inventory_turnover_ratio": 11.93,
            "account_receivable_turnover_ratio": 1.29,
            "reinvestment_rate": 221.41,
            "research_to_sale_ratio": 0.76,
            "price_fair": 34.92,
            "eps_avg_yearly": 3.49,
            "eps_latest_yearly": 1.44,
            "eps_growth_yearly": 0.44
        },
        "20162": {
            "year_quarter": 20162,
            "year": 2016,
            "quarter": 2,
            "eps": 0.8,
            "eps_growth_year": 122.22,
            "eps_4q": -2.06,
            "eps_4q_growth_year": -161.64,
            "roe": 3.45,
            "roe_4q": -10.35,
            "gross_profit": 210352,
            "gross_margin": 22.95,
            "gross_margin_4q_avg": -2.5,
            "net_income": 108953,
            "revenue": 916726,
            "common_shares": 1362617,
            "book_valuer_per_share": 23.45,
            "book_valuer_per_share_4q_avg": 23.74,
            "equity": 3195145,
            "current_ratio": 351.53,
            "debt_ratio": 58.29,
            "inventory_turnover_ratio": 12.84,
            "account_receivable_turnover_ratio": 1.11,
            "reinvestment_rate": 218.43,
            "research_to_sale_ratio": 0.62,
            "price_fair": 10.32,
            "eps_avg_yearly": 3.44,
            "eps_latest_yearly": 1.44,
            "eps_growth_yearly": -1.22
        },
        "20163": {
            "year_quarter": 20163,
            "year": 2016,
            "quarter": 3,
            "eps": 0.49,
            "eps_growth_year": null,
            "eps_4q": -0.67,
            "eps_4q_growth_year": -158.09,
            "roe": 2.08,
            "roe_4q": -2.6799999999999997,
            "gross_profit": 220876,
            "gross_margin": 23.81,
            "gross_margin_4q_avg": 7.79,
            "net_income": 66911,
            "revenue": 927726,
            "common_shares": 1362617,
            "book_valuer_per_share": 23.88,
            "book_valuer_per_share_4q_avg": 23.46,
            "equity": 3254065,
            "current_ratio": 276.37,
            "debt_ratio": 49.73,
            "inventory_turnover_ratio": 11.29,
            "account_receivable_turnover_ratio": 0.88,
            "reinvestment_rate": 205.41,
            "research_to_sale_ratio": 0.69,
            "price_fair": 10.05,
            "eps_avg_yearly": 3.35,
            "eps_latest_yearly": 1.96,
            "eps_growth_yearly": -5.4
        },
        "20164": {
            "year_quarter": 20164,
            "year": 2016,
            "quarter": 4,
            "eps": 3.87,
            "eps_growth_year": null,
            "eps_4q": 4.49,
            "eps_4q_growth_year": null,
            "roe": 14.98,
            "roe_4q": 17.630000000000003,
            "gross_profit": 92499,
            "gross_margin": 10.97,
            "gross_margin_4q_avg": 14.87,
            "net_income": 526869,
            "revenue": 843087,
            "common_shares": 1362617,
            "book_valuer_per_share": 27.76,
            "book_valuer_per_share_4q_avg": 24.5,
            "equity": 3782329,
            "current_ratio": 285.83,
            "debt_ratio": 46.53,
            "inventory_turnover_ratio": 10.82,
            "account_receivable_turnover_ratio": 0.74,
            "reinvestment_rate": 135.18,
            "research_to_sale_ratio": 0.79,
            "price_fair": 152.48,
            "eps_avg_yearly": 4.36,
            "eps_latest_yearly": 15.48,
            "eps_growth_yearly": 220.58
        },
        "20171": {
            "year_quarter": 20171,
            "year": 2017,
            "quarter": 1,
            "eps": 1.76,
            "eps_growth_year": null,
            "eps_4q": 6.91,
            "eps_4q_growth_year": null,
            "roe": 6.16,
            "roe_4q": 26.669999999999998,
            "gross_profit": 15813,
            "gross_margin": 2.42,
            "gross_margin_4q_avg": 15.04,
            "net_income": 239316,
            "revenue": 653569,
            "common_shares": 1362617,
            "book_valuer_per_share": 29.23,
            "book_valuer_per_share_4q_avg": 26.08,
            "equity": 3983549,
            "current_ratio": 326.75,
            "debt_ratio": 41.83,
            "inventory_turnover_ratio": 9.86,
            "account_receivable_turnover_ratio": 0.63,
            "reinvestment_rate": 73.87,
            "research_to_sale_ratio": 0.5,
            "price_fair": 163.45,
            "eps_avg_yearly": 4.67,
            "eps_latest_yearly": 7.04,
            "eps_growth_yearly": 203.58
        },
        "20172": {
            "year_quarter": 20172,
            "year": 2017,
            "quarter": 2,
            "eps": -0.61,
            "eps_growth_year": -176.25,
            "eps_4q": 5.51,
            "eps_4q_growth_year": null,
            "roe": -2.12,
            "roe_4q": 21.1,
            "gross_profit": 35195,
            "gross_margin": 6.15,
            "gross_margin_4q_avg": 10.84,
            "net_income": -82542,
            "revenue": 572047,
            "common_shares": 1362617,
            "book_valuer_per_share": 27.86,
            "book_valuer_per_share_4q_avg": 27.18,
            "equity": 3796101,
            "current_ratio": 244.8,
            "debt_ratio": 34.17,
            "inventory_turnover_ratio": 9.15,
            "account_receivable_turnover_ratio": 0.65,
            "reinvestment_rate": 58.46,
            "research_to_sale_ratio": 0.5,
            "price_fair": 167.49,
            "eps_avg_yearly": 4.79,
            "eps_latest_yearly": 7.04,
            "eps_growth_yearly": 220.76
        },
        "20173": {
            "year_quarter": 20173,
            "year": 2017,
            "quarter": 3,
            "eps": 0.68,
            "eps_growth_year": 38.78,
            "eps_4q": 5.7,
            "eps_4q_growth_year": null,
            "roe": 2.42,
            "roe_4q": 21.44,
            "gross_profit": 172944,
            "gross_margin": 22.88,
            "gross_margin_4q_avg": 10.61,
            "net_income": 92660,
            "revenue": 755904,
            "common_shares": 1362617,
            "book_valuer_per_share": 28.45,
            "book_valuer_per_share_4q_avg": 28.33,
            "equity": 3876735,
            "current_ratio": 193.34,
            "debt_ratio": 30.37,
            "inventory_turnover_ratio": 9.49,
            "account_receivable_turnover_ratio": 0.81,
            "reinvestment_rate": 48.81,
            "research_to_sale_ratio": 0.45,
            "price_fair": 166.74,
            "eps_avg_yearly": 4.76,
            "eps_latest_yearly": 7.04,
            "eps_growth_yearly": 224.01
        },
        "20174": {
            "year_quarter": 20174,
            "year": 2017,
            "quarter": 4,
            "eps": 3.51,
            "eps_growth_year": -9.23,
            "eps_4q": 5.34,
            "eps_4q_growth_year": 19.02,
            "roe": 11.68,
            "roe_4q": 18.14,
            "gross_profit": 203067,
            "gross_margin": 23.57,
            "gross_margin_4q_avg": 13.76,
            "net_income": 478217,
            "revenue": 861403,
            "common_shares": 1362617,
            "book_valuer_per_share": 31.63,
            "book_valuer_per_share_4q_avg": 29.29,
            "equity": 4310297,
            "current_ratio": 225.73,
            "debt_ratio": 28.67,
            "inventory_turnover_ratio": 9.68,
            "account_receivable_turnover_ratio": 0.83,
            "reinvestment_rate": 31.77,
            "research_to_sale_ratio": 0.71,
            "price_fair": 200.48,
            "eps_avg_yearly": 5.73,
            "eps_latest_yearly": 14.04,
            "eps_growth_yearly": 395.28
        },
        "20181": {
            "year_quarter": 20181,
            "year": 2018,
            "quarter": 1,
            "eps": 0.38,
            "eps_growth_year": -78.41,
            "eps_4q": 3.96,
            "eps_4q_growth_year": -42.71,
            "roe": 1.19,
            "roe_4q": 13.169999999999998,
            "gross_profit": 145367,
            "gross_margin": 20.66,
            "gross_margin_4q_avg": 18.32,
            "net_income": 51396,
            "revenue": 703486,
            "common_shares": 1362617,
            "book_valuer_per_share": 31.69,
            "book_valuer_per_share_4q_avg": 29.91,
            "equity": 4317975,
            "current_ratio": 246.95,
            "debt_ratio": 27.22,
            "inventory_turnover_ratio": 7.47,
            "account_receivable_turnover_ratio": 0.66,
            "reinvestment_rate": 29.93,
            "research_to_sale_ratio": 0.49,
            "price_fair": 199.22,
            "eps_avg_yearly": 5.69,
            "eps_latest_yearly": 1.52,
            "eps_growth_yearly": 382.52
        },
        "20182": {
            "year_quarter": 20182,
            "year": 2018,
            "quarter": 2,
            "eps": 1.03,
            "eps_growth_year": null,
            "eps_4q": 5.59,
            "eps_4q_growth_year": 1.52,
            "roe": 3.19,
            "roe_4q": 18.479999999999997,
            "gross_profit": 279616,
            "gross_margin": 31.44,
            "gross_margin_4q_avg": 24.64,
            "net_income": 139698,
            "revenue": 889240,
            "common_shares": 1362617,
            "book_valuer_per_share": 32.5,
            "book_valuer_per_share_4q_avg": 31.07,
            "equity": 4428014,
            "current_ratio": 475.86,
            "debt_ratio": 25.56,
            "inventory_turnover_ratio": 7.97,
            "account_receivable_turnover_ratio": 0.83,
            "reinvestment_rate": 54.49,
            "research_to_sale_ratio": 0.54,
            "price_fair": 201.18,
            "eps_avg_yearly": 5.75,
            "eps_latest_yearly": 4.12,
            "eps_growth_yearly": 415.2
        },
        "20183": {
            "year_quarter": 20183,
            "year": 2018,
            "quarter": 3,
            "eps": 0.99,
            "eps_growth_year": 45.59,
            "eps_4q": 5.9,
            "eps_4q_growth_year": 3.62,
            "roe": 3.01,
            "roe_4q": 19.07,
            "gross_profit": 196733,
            "gross_margin": 26.81,
            "gross_margin_4q_avg": 25.62,
            "net_income": 135066,
            "revenue": 733705,
            "common_shares": 1362617,
            "book_valuer_per_share": 33.42,
            "book_valuer_per_share_4q_avg": 32.31,
            "equity": 4553695,
            "current_ratio": 760.08,
            "debt_ratio": 21.15,
            "inventory_turnover_ratio": 6.74,
            "account_receivable_turnover_ratio": 0.66,
            "reinvestment_rate": 56.18,
            "research_to_sale_ratio": 0.48,
            "price_fair": 197.12,
            "eps_avg_yearly": 5.63,
            "eps_latest_yearly": 3.96,
            "eps_growth_yearly": 396.12
        },
        "20184": {
            "year_quarter": 20184,
            "year": 2018,
            "quarter": 4,
            "eps": 0.03,
            "eps_growth_year": -99.23,
            "eps_4q": 2.42,
            "eps_4q_growth_year": -54.67,
            "roe": 0.08,
            "roe_4q": 7.469999999999999,
            "gross_profit": 39817,
            "gross_margin": 7.33,
            "gross_margin_4q_avg": 21.56,
            "net_income": 3660,
            "revenue": 543212,
            "common_shares": 1362617,
            "book_valuer_per_share": 33.57,
            "book_valuer_per_share_4q_avg": 32.8,
            "equity": 4574411,
            "current_ratio": 671.63,
            "debt_ratio": 20.86,
            "inventory_turnover_ratio": 6.38,
            "account_receivable_turnover_ratio": 0.58,
            "reinvestment_rate": 57.96,
            "research_to_sale_ratio": 0.58,
            "price_fair": 182.56,
            "eps_avg_yearly": 5.22,
            "eps_latest_yearly": 0.12,
            "eps_growth_yearly": 363.89
        },
        "20191": {
            "year_quarter": 20191,
            "year": 2019,
            "quarter": 1,
            "eps": 0.4,
            "eps_growth_year": 5.26,
            "eps_4q": 2.44,
            "eps_4q_growth_year": -38.31,
            "roe": 1.18,
            "roe_4q": 7.459999999999999,
            "gross_profit": 72010,
            "gross_margin": 13.34,
            "gross_margin_4q_avg": 19.73,
            "net_income": 54517,
            "revenue": 539995,
            "common_shares": 1362617,
            "book_valuer_per_share": 34.05,
            "book_valuer_per_share_4q_avg": 33.39,
            "equity": 4640139,
            "current_ratio": 628.42,
            "debt_ratio": 22.2,
            "inventory_turnover_ratio": 6.3,
            "account_receivable_turnover_ratio": 0.75,
            "reinvestment_rate": 58.38,
            "research_to_sale_ratio": 0.64,
            "price_fair": 179.48,
            "eps_avg_yearly": 5.13,
            "eps_latest_yearly": 1.6,
            "eps_growth_yearly": 874.05
        },
        "20192": {
            "year_quarter": 20192,
            "year": 2019,
            "quarter": 2,
            "eps": -0.07,
            "eps_growth_year": -106.8,
            "eps_4q": 1.35,
            "eps_4q_growth_year": -75.81,
            "roe": -0.2,
            "roe_4q": 4.07,
            "gross_profit": 30370,
            "gross_margin": 5.87,
            "gross_margin_4q_avg": 13.34,
            "net_income": -8898,
            "revenue": 517334,
            "common_shares": 1362617,
            "book_valuer_per_share": 32.92,
            "book_valuer_per_share_4q_avg": 33.49,
            "equity": 4486189,
            "current_ratio": 573.62,
            "debt_ratio": 22.87,
            "inventory_turnover_ratio": 6.61,
            "account_receivable_turnover_ratio": 0.73,
            "reinvestment_rate": 64.88,
            "research_to_sale_ratio": 0.66,
            "price_fair": 193.82,
            "eps_avg_yearly": 5.54,
            "eps_latest_yearly": 1.6,
            "eps_growth_yearly": 989.8
        },
        "20193": {
            "year_quarter": 20193,
            "year": 2019,
            "quarter": 3,
            "eps": 0.3,
            "eps_growth_year": -69.7,
            "eps_4q": 0.67,
            "eps_4q_growth_year": -88.73,
            "roe": 0.92,
            "roe_4q": 1.98,
            "gross_profit": 87926,
            "gross_margin": 14.58,
            "gross_margin_4q_avg": 10.28,
            "net_income": 41377,
            "revenue": 603261,
            "common_shares": 1362617,
            "book_valuer_per_share": 33.21,
            "book_valuer_per_share_4q_avg": 33.44,
            "equity": 4525574,
            "current_ratio": 545.57,
            "debt_ratio": 22.65,
            "inventory_turnover_ratio": 6.79,
            "account_receivable_turnover_ratio": 0.97,
            "reinvestment_rate": -145.61,
            "research_to_sale_ratio": 0.55,
            "price_fair": 193.82,
            "eps_avg_yearly": 5.54,
            "eps_latest_yearly": 1.6,
            "eps_growth_yearly": 989.8
        },
        "20194": {
            "year_quarter": 20194,
            "year": 2019,
            "quarter": 4,
            "eps": 3.53,
            "eps_growth_year": 13032.47,
            "eps_4q": 4.17,
            "eps_4q_growth_year": 72.11,
            "roe": 10.21,
            "roe_4q": 12.110000000000001,
            "gross_profit": 692887,
            "gross_margin": 54.04,
            "gross_margin_4q_avg": 21.96,
            "net_income": 480647,
            "revenue": 1282079,
            "common_shares": 1362617,
            "book_valuer_per_share": 35.88,
            "book_valuer_per_share_4q_avg": 34.02,
            "equity": 4888996,
            "current_ratio": 473.12,
            "debt_ratio": 23.8,
            "inventory_turnover_ratio": 7.5,
            "account_receivable_turnover_ratio": 1.53,
            "reinvestment_rate": -89.93,
            "research_to_sale_ratio": 0.45,
            "price_fair": 223.86,
            "eps_avg_yearly": 6.4,
            "eps_latest_yearly": 14.12,
            "eps_growth_yearly": 1321.49
        },
        "20201": {
            "year_quarter": 20201,
            "year": 2020,
            "quarter": 1,
            "eps": 0.01,
            "eps_growth_year": -97.5,
            "eps_4q": 3.78,
            "eps_4q_growth_year": 54.72,
            "roe": 0.04,
            "roe_4q": 10.97,
            "gross_profit": 46443,
            "gross_margin": 8.09,
            "gross_margin_4q_avg": 20.65,
            "net_income": 2012,
            "revenue": 574413,
            "common_shares": 1362617,
            "book_valuer_per_share": 34.6,
            "book_valuer_per_share_4q_avg": 34.15,
            "equity": 4715314,
            "current_ratio": 419.35,
            "debt_ratio": 24.88,
            "inventory_turnover_ratio": 6.65,
            "account_receivable_turnover_ratio": 0.53,
            "reinvestment_rate": -74.99,
            "research_to_sale_ratio": 0.54,
            "price_fair": 203.64,
            "eps_avg_yearly": 5.82,
            "eps_latest_yearly": 0.04,
            "eps_growth_yearly": 1165.09
        },
        "20202": {
            "year_quarter": 20202,
            "year": 2020,
            "quarter": 2,
            "eps": 0.26,
            "eps_growth_year": null,
            "eps_4q": 4.11,
            "eps_4q_growth_year": 203.82,
            "roe": 0.77,
            "roe_4q": 11.940000000000001,
            "gross_profit": 60163,
            "gross_margin": 10.48,
            "gross_margin_4q_avg": 21.8,
            "net_income": 36034,
            "revenue": 574045,
            "common_shares": 1362617,
            "book_valuer_per_share": 34.41,
            "book_valuer_per_share_4q_avg": 34.53,
            "equity": 4688918,
            "current_ratio": 525.65,
            "debt_ratio": 21.72,
            "inventory_turnover_ratio": 6.32,
            "account_receivable_turnover_ratio": 0.64,
            "reinvestment_rate": -71.19,
            "research_to_sale_ratio": 0.54,
            "price_fair": 189.7,
            "eps_avg_yearly": 5.42,
            "eps_latest_yearly": 1.04,
            "eps_growth_yearly": 1901.34
        },
        "20203": {
            "year_quarter": 20203,
            "year": 2020,
            "quarter": 3,
            "eps": 0.58,
            "eps_growth_year": 93.33,
            "eps_4q": 4.39,
            "eps_4q_growth_year": 559.7,
            "roe": 1.69,
            "roe_4q": 12.71,
            "gross_profit": 148666,
            "gross_margin": 20.9,
            "gross_margin_4q_avg": 23.38,
            "net_income": 79364,
            "revenue": 711302,
            "common_shares": 1362617,
            "book_valuer_per_share": 34.58,
            "book_valuer_per_share_4q_avg": 34.87,
            "equity": 4711609,
            "current_ratio": 564.31,
            "debt_ratio": 19.74,
            "inventory_turnover_ratio": 7,
            "account_receivable_turnover_ratio": 1.03,
            "reinvestment_rate": -61.28,
            "research_to_sale_ratio": 0.58,
            "price_fair": 190.75,
            "eps_avg_yearly": 5.45,
            "eps_latest_yearly": 2.32,
            "eps_growth_yearly": 1955.28
        },
        "20204": {
            "year_quarter": 20204,
            "year": 2020,
            "quarter": 4,
            "eps": 0.68,
            "eps_growth_year": -80.86,
            "eps_4q": 1.54,
            "eps_4q_growth_year": -63.11,
            "roe": 1.95,
            "roe_4q": 4.45,
            "gross_profit": 178056,
            "gross_margin": 23.62,
            "gross_margin_4q_avg": 15.77,
            "net_income": 91988,
            "revenue": 753774,
            "common_shares": 1362617,
            "book_valuer_per_share": 34.71,
            "book_valuer_per_share_4q_avg": 34.58,
            "equity": 4729393,
            "current_ratio": 596.22,
            "debt_ratio": 16.93,
            "inventory_turnover_ratio": 7.86,
            "account_receivable_turnover_ratio": 1.22,
            "reinvestment_rate": -68.93,
            "research_to_sale_ratio": 0.5,
            "price_fair": 153.53,
            "eps_avg_yearly": 4.39,
            "eps_latest_yearly": 2.72,
            "eps_growth_yearly": 1731.09
        },
        "20211": {
            "year_quarter": 20211,
            "year": 2021,
            "quarter": 1,
            "eps": 0.37,
            "eps_growth_year": 3600,
            "eps_4q": 1.9,
            "eps_4q_growth_year": -49.85,
            "roe": 1.09,
            "roe_4q": 5.5,
            "gross_profit": 112663,
            "gross_margin": 16.63,
            "gross_margin_4q_avg": 17.91,
            "net_income": 50932,
            "revenue": 677287,
            "common_shares": 1362617,
            "book_valuer_per_share": 33.94,
            "book_valuer_per_share_4q_avg": 34.41,
            "equity": 4624117,
            "current_ratio": 422.47,
            "debt_ratio": 19.88,
            "inventory_turnover_ratio": 7.31,
            "account_receivable_turnover_ratio": 1.1,
            "reinvestment_rate": -42.29,
            "research_to_sale_ratio": 0.47,
            "price_fair": 137.32,
            "eps_avg_yearly": 3.92,
            "eps_latest_yearly": 1.48,
            "eps_growth_yearly": 1734.07
        },
        "20212": {
            "year_quarter": 20212,
            "year": 2021,
            "quarter": 2,
            "eps": 0.64,
            "eps_growth_year": 146.15,
            "eps_4q": 2.27,
            "eps_4q_growth_year": -44.86,
            "roe": 1.87,
            "roe_4q": 6.6,
            "gross_profit": 159255,
            "gross_margin": 22.7,
            "gross_margin_4q_avg": 20.96,
            "net_income": 86532,
            "revenue": 701492,
            "common_shares": 1362617,
            "book_valuer_per_share": 34.05,
            "book_valuer_per_share_4q_avg": 34.32,
            "equity": 4639964,
            "current_ratio": 304.77,
            "debt_ratio": 22.58,
            "inventory_turnover_ratio": 5.8,
            "account_receivable_turnover_ratio": 1.17,
            "reinvestment_rate": 3.32,
            "research_to_sale_ratio": 0.5,
            "price_fair": 133.65,
            "eps_avg_yearly": 3.82,
            "eps_latest_yearly": 2.56,
            "eps_growth_yearly": 1623.13
        },
        "20213": {
            "year_quarter": 20213,
            "year": 2021,
            "quarter": 3,
            "eps": 1,
            "eps_growth_year": 72.41,
            "eps_4q": 2.68,
            "eps_4q_growth_year": -38.89,
            "roe": 2.89,
            "roe_4q": 7.8,
            "gross_profit": 233314,
            "gross_margin": 26.98,
            "gross_margin_4q_avg": 22.48,
            "net_income": 136004,
            "revenue": 864846,
            "common_shares": 1362617,
            "book_valuer_per_share": 35.04,
            "book_valuer_per_share_4q_avg": 34.44,
            "equity": 4774963,
            "current_ratio": 455.27,
            "debt_ratio": 21.4,
            "inventory_turnover_ratio": 6.59,
            "account_receivable_turnover_ratio": 1.27,
            "reinvestment_rate": 25.7,
            "research_to_sale_ratio": 0.46,
            "price_fair": 134.1,
            "eps_avg_yearly": 3.83,
            "eps_latest_yearly": 4,
            "eps_growth_yearly": 1523.27
        },
        "20214": {
            "year_quarter": 20214,
            "year": 2021,
            "quarter": 4,
            "eps": 0.88,
            "eps_growth_year": 30.96,
            "eps_4q": 2.89,
            "eps_4q_growth_year": 88.13,
            "roe": 2.5,
            "roe_4q": 8.350000000000001,
            "gross_profit": 206333,
            "gross_margin": 24.48,
            "gross_margin_4q_avg": 22.7,
            "net_income": 120463,
            "revenue": 842767,
            "common_shares": 1362617,
            "book_valuer_per_share": 35.78,
            "book_valuer_per_share_4q_avg": 34.7,
            "equity": 4875911,
            "current_ratio": 494.23,
            "debt_ratio": 23.07,
            "inventory_turnover_ratio": 6.5,
            "account_receivable_turnover_ratio": 1.1,
            "reinvestment_rate": 37.58,
            "research_to_sale_ratio": 0.36,
            "price_fair": 107.8,
            "eps_avg_yearly": 3.08,
            "eps_latest_yearly": 3.52,
            "eps_growth_yearly": 1400.93
        },
        "20221": {
            "year_quarter": 20221,
            "year": 2022,
            "quarter": 1,
            "eps": 1.67,
            "eps_growth_year": 351.35,
            "eps_4q": 4.19,
            "eps_4q_growth_year": 120.96,
            "roe": 4.66,
            "roe_4q": 11.920000000000002,
            "gross_profit": 316333,
            "gross_margin": 32.57,
            "gross_margin_4q_avg": 26.68,
            "net_income": 227790,
            "revenue": 971372,
            "common_shares": 1362617,
            "book_valuer_per_share": 35.9,
            "book_valuer_per_share_4q_avg": 35.19,
            "equity": 4891706,
            "current_ratio": 322.33,
            "debt_ratio": 26.37,
            "inventory_turnover_ratio": 5.92,
            "account_receivable_turnover_ratio": 1.16,
            "reinvestment_rate": 75.4,
            "research_to_sale_ratio": 0.34,
            "price_fair": 120.7,
            "eps_avg_yearly": 3.45,
            "eps_latest_yearly": 6.68,
            "eps_growth_yearly": 1452.06
        },
        "20222": {
            "year_quarter": 20222,
            "year": 2022,
            "quarter": 2,
            "eps": 2.3,
            "eps_growth_year": 259.38,
            "eps_4q": 5.85,
            "eps_4q_growth_year": 158.23,
            "roe": 6.13,
            "roe_4q": 16.18,
            "gross_profit": 388039,
            "gross_margin": 34.79,
            "gross_margin_4q_avg": 29.71,
            "net_income": 313201,
            "revenue": 1115414,
            "common_shares": 1362617,
            "book_valuer_per_share": 39.07,
            "book_valuer_per_share_4q_avg": 36.45,
            "equity": 5324417,
            "current_ratio": 302.93,
            "debt_ratio": 27.71,
            "inventory_turnover_ratio": 6.12,
            "account_receivable_turnover_ratio": 1.14,
            "reinvestment_rate": 55.77,
            "research_to_sale_ratio": 0.37,
            "price_fair": 133.4,
            "eps_avg_yearly": 3.81,
            "eps_latest_yearly": 9.2,
            "eps_growth_yearly": 1413.97
        },
        "20223": {
            "year_quarter": 20223,
            "year": 2022,
            "quarter": 3,
            "eps": 1.82,
            "eps_growth_year": 82,
            "eps_4q": 6.68,
            "eps_4q_growth_year": 148.9,
            "roe": 4.46,
            "roe_4q": 17.75,
            "gross_profit": 326497,
            "gross_margin": 33.65,
            "gross_margin_4q_avg": 31.37,
            "net_income": 248183,
            "revenue": 970363,
            "common_shares": 1362617,
            "book_valuer_per_share": 42.6,
            "book_valuer_per_share_4q_avg": 38.34,
            "equity": 5804079,
            "current_ratio": 501.3,
            "debt_ratio": 22.18,
            "inventory_turnover_ratio": 5.45,
            "account_receivable_turnover_ratio": 1.05,
            "reinvestment_rate": 57.1,
            "research_to_sale_ratio": 0.35,
            "price_fair": 141.7,
            "eps_avg_yearly": 4.05,
            "eps_latest_yearly": 7.28,
            "eps_growth_yearly": 1409.11
        },
        "20224": {
            "year_quarter": 20224,
            "year": 2022,
            "quarter": 4,
            "eps": 0.94,
            "eps_growth_year": 6.5,
            "eps_4q": 6.73,
            "eps_4q_growth_year": 132.9,
            "roe": 2.2,
            "roe_4q": 17.45,
            "gross_profit": 274495,
            "gross_margin": 30.84,
            "gross_margin_4q_avg": 32.96,
            "net_income": 128293,
            "revenue": 890003,
            "common_shares": 1362617,
            "book_valuer_per_share": 42.96,
            "book_valuer_per_share_4q_avg": 40.13,
            "equity": 5853916,
            "current_ratio": 531.46,
            "debt_ratio": 21.46,
            "inventory_turnover_ratio": 5.78,
            "account_receivable_turnover_ratio": 1.04,
            "reinvestment_rate": 50.76,
            "research_to_sale_ratio": 0.07,
            "price_fair": 150.8,
            "eps_avg_yearly": 4.31,
            "eps_latest_yearly": 3.76,
            "eps_growth_yearly": 1423
        },
        "20231": {
            "year_quarter": 20231,
            "year": 2023,
            "quarter": 1,
            "eps": 1.32,
            "eps_growth_year": -20.96,
            "eps_4q": 6.38,
            "eps_4q_growth_year": 52.31,
            "roe": 3.22,
            "roe_4q": 16.009999999999998,
            "gross_profit": 250643,
            "gross_margin": 29.22,
            "gross_margin_4q_avg": 32.13,
            "net_income": 179676,
            "revenue": 857799,
            "common_shares": 1362617,
            "book_valuer_per_share": 39.03,
            "book_valuer_per_share_4q_avg": 40.92,
            "equity": 5317792,
            "current_ratio": 295.3,
            "debt_ratio": 29.78,
            "inventory_turnover_ratio": 6.21,
            "account_receivable_turnover_ratio": 0.98,
            "reinvestment_rate": 47.49,
            "research_to_sale_ratio": 0.39,
            "price_fair": 160,
            "eps_avg_yearly": 4.57,
            "eps_latest_yearly": 5.28,
            "eps_growth_yearly": 1082.17
        }
    },
    "months": {
        "2004-01": {
            "month": "2004-01",
            "price": "24.65",
            "revenue": 103689
        },
        "2004-02": {
            "month": "2004-02",
            "price": "25.53",
            "revenue": 88468
        },
        "2004-03": {
            "month": "2004-03",
            "price": "24.24",
            "revenue": 110366
        },
        "2004-04": {
            "month": "2004-04",
            "price": "23.86",
            "revenue": 109785
        },
        "2004-05": {
            "month": "2004-05",
            "price": "20.10",
            "revenue": 117025
        },
        "2004-06": {
            "month": "2004-06",
            "price": "18.15",
            "revenue": 148051
        },
        "2004-07": {
            "month": "2004-07",
            "price": "16.19",
            "revenue": 143592
        },
        "2004-08": {
            "month": "2004-08",
            "price": "14.23",
            "revenue": 142354
        },
        "2004-09": {
            "month": "2004-09",
            "price": "13.98",
            "revenue": 148727
        },
        "2004-10": {
            "month": "2004-10",
            "price": "11.63",
            "revenue": 145441
        },
        "2004-11": {
            "month": "2004-11",
            "price": "11.39",
            "revenue": 145335
        },
        "2004-12": {
            "month": "2004-12",
            "price": "11.61",
            "revenue": 148703
        },
        "2005-01": {
            "month": "2005-01",
            "price": "11.15",
            "revenue": 113395
        },
        "2005-02": {
            "month": "2005-02",
            "price": "11.90",
            "revenue": 77683
        },
        "2005-03": {
            "month": "2005-03",
            "price": "12.22",
            "revenue": 103507
        },
        "2005-04": {
            "month": "2005-04",
            "price": "12.20",
            "revenue": 136659
        },
        "2005-05": {
            "month": "2005-05",
            "price": "12.14",
            "revenue": 130841
        },
        "2005-06": {
            "month": "2005-06",
            "price": "12.36",
            "revenue": 137312
        },
        "2005-07": {
            "month": "2005-07",
            "price": "14.43",
            "revenue": 139142
        },
        "2005-08": {
            "month": "2005-08",
            "price": "15.15",
            "revenue": 155214
        },
        "2005-09": {
            "month": "2005-09",
            "price": "13.78",
            "revenue": 180763
        },
        "2005-10": {
            "month": "2005-10",
            "price": "13.67",
            "revenue": 189497
        },
        "2005-11": {
            "month": "2005-11",
            "price": "12.89",
            "revenue": 203337
        },
        "2005-12": {
            "month": "2005-12",
            "price": "19.22",
            "revenue": 192792
        },
        "2006-01": {
            "month": "2006-01",
            "price": "20.62",
            "revenue": 170460
        },
        "2006-02": {
            "month": "2006-02",
            "price": "17.82",
            "revenue": 176714
        },
        "2006-03": {
            "month": "2006-03",
            "price": "21.45",
            "revenue": 214015
        },
        "2006-04": {
            "month": "2006-04",
            "price": "26.91",
            "revenue": 212199
        },
        "2006-05": {
            "month": "2006-05",
            "price": "24.94",
            "revenue": 215141
        },
        "2006-06": {
            "month": "2006-06",
            "price": "21.38",
            "revenue": 205113
        },
        "2006-07": {
            "month": "2006-07",
            "price": "19.39",
            "revenue": 187405
        },
        "2006-08": {
            "month": "2006-08",
            "price": "18.95",
            "revenue": 171993
        },
        "2006-09": {
            "month": "2006-09",
            "price": "20.15",
            "revenue": 181345
        },
        "2006-10": {
            "month": "2006-10",
            "price": "22.98",
            "revenue": 183558
        },
        "2006-11": {
            "month": "2006-11",
            "price": "23.32",
            "revenue": 185823
        },
        "2006-12": {
            "month": "2006-12",
            "price": "23.02",
            "revenue": 171085
        },
        "2007-01": {
            "month": "2007-01",
            "price": "24.23",
            "revenue": 145449
        },
        "2007-02": {
            "month": "2007-02",
            "price": "24.02",
            "revenue": 130881
        },
        "2007-03": {
            "month": "2007-03",
            "price": "28.32",
            "revenue": 186537
        },
        "2007-04": {
            "month": "2007-04",
            "price": "28.25",
            "revenue": 166738
        },
        "2007-05": {
            "month": "2007-05",
            "price": "25.97",
            "revenue": 163241
        },
        "2007-06": {
            "month": "2007-06",
            "price": "27.72",
            "revenue": 163895
        },
        "2007-07": {
            "month": "2007-07",
            "price": "28.57",
            "revenue": 155711
        },
        "2007-08": {
            "month": "2007-08",
            "price": "21.20",
            "revenue": 164472
        },
        "2007-09": {
            "month": "2007-09",
            "price": "19.30",
            "revenue": 180519
        },
        "2007-10": {
            "month": "2007-10",
            "price": "20.30",
            "revenue": 186813
        },
        "2007-11": {
            "month": "2007-11",
            "price": "16.04",
            "revenue": 201274
        },
        "2007-12": {
            "month": "2007-12",
            "price": "14.12",
            "revenue": 181247
        },
        "2008-01": {
            "month": "2008-01",
            "price": "11.95",
            "revenue": 173786
        },
        "2008-02": {
            "month": "2008-02",
            "price": "11.72",
            "revenue": 145378
        },
        "2008-03": {
            "month": "2008-03",
            "price": "12.34",
            "revenue": 149391
        },
        "2008-04": {
            "month": "2008-04",
            "price": "12.78",
            "revenue": 152660
        },
        "2008-05": {
            "month": "2008-05",
            "price": "13.98",
            "revenue": 152741
        },
        "2008-06": {
            "month": "2008-06",
            "price": "12.79",
            "revenue": 151923
        },
        "2008-07": {
            "month": "2008-07",
            "price": "10.98",
            "revenue": 171340
        },
        "2008-08": {
            "month": "2008-08",
            "price": "10.94",
            "revenue": 151050
        },
        "2008-09": {
            "month": "2008-09",
            "price": "9.35",
            "revenue": 150789
        },
        "2008-10": {
            "month": "2008-10",
            "price": "7.86",
            "revenue": 121886
        },
        "2008-11": {
            "month": "2008-11",
            "price": "7.01",
            "revenue": 79290
        },
        "2008-12": {
            "month": "2008-12",
            "price": "6.58",
            "revenue": 62113
        },
        "2009-01": {
            "month": "2009-01",
            "price": "6.54",
            "revenue": 31143
        },
        "2009-02": {
            "month": "2009-02",
            "price": "6.39",
            "revenue": 41627
        },
        "2009-03": {
            "month": "2009-03",
            "price": "7.86",
            "revenue": 70099
        },
        "2009-04": {
            "month": "2009-04",
            "price": "8.80",
            "revenue": 83427
        },
        "2009-05": {
            "month": "2009-05",
            "price": "9.13",
            "revenue": 94778
        },
        "2009-06": {
            "month": "2009-06",
            "price": "9.09",
            "revenue": 108687
        },
        "2009-07": {
            "month": "2009-07",
            "price": "9.09",
            "revenue": 109233
        },
        "2009-08": {
            "month": "2009-08",
            "price": "9.47",
            "revenue": 120405
        },
        "2009-09": {
            "month": "2009-09",
            "price": "9.81",
            "revenue": 125170
        },
        "2009-10": {
            "month": "2009-10",
            "price": "10.43",
            "revenue": 124498
        },
        "2009-11": {
            "month": "2009-11",
            "price": "10.37",
            "revenue": 130046
        },
        "2009-12": {
            "month": "2009-12",
            "price": "12.14",
            "revenue": 140045
        },
        "2010-01": {
            "month": "2010-01",
            "price": "15.45",
            "revenue": 128290
        },
        "2010-02": {
            "month": "2010-02",
            "price": "15.73",
            "revenue": 122479
        },
        "2010-03": {
            "month": "2010-03",
            "price": "17.57",
            "revenue": 133040
        },
        "2010-04": {
            "month": "2010-04",
            "price": "17.71",
            "revenue": 135570
        },
        "2010-05": {
            "month": "2010-05",
            "price": "16.00",
            "revenue": 142223
        },
        "2010-06": {
            "month": "2010-06",
            "price": "15.06",
            "revenue": 145060
        },
        "2010-07": {
            "month": "2010-07",
            "price": "16.58",
            "revenue": 145999
        },
        "2010-08": {
            "month": "2010-08",
            "price": "16.36",
            "revenue": 147610
        },
        "2010-09": {
            "month": "2010-09",
            "price": "15.89",
            "revenue": 148524
        },
        "2010-10": {
            "month": "2010-10",
            "price": "16.10",
            "revenue": 149695
        },
        "2010-11": {
            "month": "2010-11",
            "price": "16.83",
            "revenue": 135603
        },
        "2010-12": {
            "month": "2010-12",
            "price": "19.66",
            "revenue": 121627
        },
        "2011-01": {
            "month": "2011-01",
            "price": "22.79",
            "revenue": 109159
        },
        "2011-02": {
            "month": "2011-02",
            "price": "22.96",
            "revenue": 102732
        },
        "2011-03": {
            "month": "2011-03",
            "price": "19.03",
            "revenue": 120568
        },
        "2011-04": {
            "month": "2011-04",
            "price": "18.89",
            "revenue": 93352
        },
        "2011-05": {
            "month": "2011-05",
            "price": "20.09",
            "revenue": 94576
        },
        "2011-06": {
            "month": "2011-06",
            "price": "25.92",
            "revenue": 89711
        },
        "2011-07": {
            "month": "2011-07",
            "price": "26.12",
            "revenue": 89924
        },
        "2011-08": {
            "month": "2011-08",
            "price": "19.62",
            "revenue": 104841
        },
        "2011-09": {
            "month": "2011-09",
            "price": "19.92",
            "revenue": 82044
        },
        "2011-10": {
            "month": "2011-10",
            "price": "19.96",
            "revenue": 83165
        },
        "2011-11": {
            "month": "2011-11",
            "price": "22.42",
            "revenue": 85096
        },
        "2011-12": {
            "month": "2011-12",
            "price": "20.45",
            "revenue": 93957
        },
        "2012-01": {
            "month": "2012-01",
            "price": "22.07",
            "revenue": 102151
        },
        "2012-02": {
            "month": "2012-02",
            "price": "30.26",
            "revenue": 107675
        },
        "2012-03": {
            "month": "2012-03",
            "price": "33.94",
            "revenue": 119817
        },
        "2012-04": {
            "month": "2012-04",
            "price": "30.79",
            "revenue": 110039
        },
        "2012-05": {
            "month": "2012-05",
            "price": "33.05",
            "revenue": 115469
        },
        "2012-06": {
            "month": "2012-06",
            "price": "32.89",
            "revenue": 115610
        },
        "2012-07": {
            "month": "2012-07",
            "price": "32.32",
            "revenue": 106142
        },
        "2012-08": {
            "month": "2012-08",
            "price": "33.33",
            "revenue": 106228
        },
        "2012-09": {
            "month": "2012-09",
            "price": "34.46",
            "revenue": 87598
        },
        "2012-10": {
            "month": "2012-10",
            "price": "31.96",
            "revenue": 101281
        },
        "2012-11": {
            "month": "2012-11",
            "price": "32.15",
            "revenue": 100546
        },
        "2012-12": {
            "month": "2012-12",
            "price": "36.16",
            "revenue": 98132
        },
        "2013-01": {
            "month": "2013-01",
            "price": "41.50",
            "revenue": 93261
        },
        "2013-02": {
            "month": "2013-02",
            "price": "41.91",
            "revenue": 90273
        },
        "2013-03": {
            "month": "2013-03",
            "price": "40.16",
            "revenue": 97915
        },
        "2013-04": {
            "month": "2013-04",
            "price": "39.59",
            "revenue": 93125
        },
        "2013-05": {
            "month": "2013-05",
            "price": "39.55",
            "revenue": 111940
        },
        "2013-06": {
            "month": "2013-06",
            "price": "37.39",
            "revenue": 123182
        },
        "2013-07": {
            "month": "2013-07",
            "price": "37.65",
            "revenue": 135857
        },
        "2013-08": {
            "month": "2013-08",
            "price": "35.28",
            "revenue": 145664
        },
        "2013-09": {
            "month": "2013-09",
            "price": "37.57",
            "revenue": 152519
        },
        "2013-10": {
            "month": "2013-10",
            "price": "38.60",
            "revenue": 144863
        },
        "2013-11": {
            "month": "2013-11",
            "price": "43.64",
            "revenue": 134285
        },
        "2013-12": {
            "month": "2013-12",
            "price": "45.02",
            "revenue": 143141
        },
        "2014-01": {
            "month": "2014-01",
            "price": "46.63",
            "revenue": 89554
        },
        "2014-02": {
            "month": "2014-02",
            "price": "44.15",
            "revenue": 107922
        },
        "2014-03": {
            "month": "2014-03",
            "price": "48.18",
            "revenue": 121081
        },
        "2014-04": {
            "month": "2014-04",
            "price": "48.53",
            "revenue": 134230
        },
        "2014-05": {
            "month": "2014-05",
            "price": "42.90",
            "revenue": 148608
        },
        "2014-06": {
            "month": "2014-06",
            "price": "42.95",
            "revenue": 153453
        },
        "2014-07": {
            "month": "2014-07",
            "price": "40.40",
            "revenue": 148254
        },
        "2014-08": {
            "month": "2014-08",
            "price": "37.60",
            "revenue": 162474
        },
        "2014-09": {
            "month": "2014-09",
            "price": "37.43",
            "revenue": 156415
        },
        "2014-10": {
            "month": "2014-10",
            "price": "32.51",
            "revenue": 140023
        },
        "2014-11": {
            "month": "2014-11",
            "price": "32.78",
            "revenue": 136367
        },
        "2014-12": {
            "month": "2014-12",
            "price": "33.62",
            "revenue": 136346
        },
        "2015-01": {
            "month": "2015-01",
            "price": "39.26",
            "revenue": 124948
        },
        "2015-02": {
            "month": "2015-02",
            "price": "43.51",
            "revenue": 114805
        },
        "2015-03": {
            "month": "2015-03",
            "price": "45.14",
            "revenue": 114020
        },
        "2015-04": {
            "month": "2015-04",
            "price": "43.96",
            "revenue": 112088
        },
        "2015-05": {
            "month": "2015-05",
            "price": "40.42",
            "revenue": 121020
        },
        "2015-06": {
            "month": "2015-06",
            "price": "35.14",
            "revenue": 94160
        },
        "2015-07": {
            "month": "2015-07",
            "price": "26.15",
            "revenue": 218855
        },
        "2015-08": {
            "month": "2015-08",
            "price": "21.64",
            "revenue": 197890
        },
        "2015-09": {
            "month": "2015-09",
            "price": "23.34",
            "revenue": 146220
        },
        "2015-10": {
            "month": "2015-10",
            "price": "27.85",
            "revenue": 168369
        },
        "2015-11": {
            "month": "2015-11",
            "price": "24.37",
            "revenue": 170187
        },
        "2015-12": {
            "month": "2015-12",
            "price": "21.21",
            "revenue": 192398
        },
        "2016-01": {
            "month": "2016-01",
            "price": "18.68",
            "revenue": 189793
        },
        "2016-02": {
            "month": "2016-02",
            "price": "18.09",
            "revenue": 197124
        },
        "2016-03": {
            "month": "2016-03",
            "price": "19.61",
            "revenue": 297120
        },
        "2016-04": {
            "month": "2016-04",
            "price": "20.23",
            "revenue": 300451
        },
        "2016-05": {
            "month": "2016-05",
            "price": "20.20",
            "revenue": 303483
        },
        "2016-06": {
            "month": "2016-06",
            "price": "22.88",
            "revenue": 312797
        },
        "2016-07": {
            "month": "2016-07",
            "price": "24.28",
            "revenue": 306382
        },
        "2016-08": {
            "month": "2016-08",
            "price": "26.98",
            "revenue": 306137
        },
        "2016-09": {
            "month": "2016-09",
            "price": "26.69",
            "revenue": 315208
        },
        "2016-10": {
            "month": "2016-10",
            "price": "25.74",
            "revenue": 310971
        },
        "2016-11": {
            "month": "2016-11",
            "price": "24.63",
            "revenue": 265363
        },
        "2016-12": {
            "month": "2016-12",
            "price": "23.10",
            "revenue": 266754
        },
        "2017-01": {
            "month": "2017-01",
            "price": "23.78",
            "revenue": 214567
        },
        "2017-02": {
            "month": "2017-02",
            "price": "27.75",
            "revenue": 190940
        },
        "2017-03": {
            "month": "2017-03",
            "price": "28.28",
            "revenue": 248062
        },
        "2017-04": {
            "month": "2017-04",
            "price": "25.70",
            "revenue": 171098
        },
        "2017-05": {
            "month": "2017-05",
            "price": "25.55",
            "revenue": 159628
        },
        "2017-06": {
            "month": "2017-06",
            "price": "24.86",
            "revenue": 241321
        },
        "2017-07": {
            "month": "2017-07",
            "price": "24.13",
            "revenue": 217658
        },
        "2017-08": {
            "month": "2017-08",
            "price": "22.30",
            "revenue": 254824
        },
        "2017-09": {
            "month": "2017-09",
            "price": "22.55",
            "revenue": 283422
        },
        "2017-10": {
            "month": "2017-10",
            "price": "23.08",
            "revenue": 327565
        },
        "2017-11": {
            "month": "2017-11",
            "price": "26.43",
            "revenue": 295705
        },
        "2017-12": {
            "month": "2017-12",
            "price": "28.83",
            "revenue": 238133
        },
        "2018-01": {
            "month": "2018-01",
            "price": "30.11",
            "revenue": 214715
        },
        "2018-02": {
            "month": "2018-02",
            "price": "29.19",
            "revenue": 228073
        },
        "2018-03": {
            "month": "2018-03",
            "price": "34.89",
            "revenue": 260698
        },
        "2018-04": {
            "month": "2018-04",
            "price": "40.00",
            "revenue": 273123
        },
        "2018-05": {
            "month": "2018-05",
            "price": "35.06",
            "revenue": 311644
        },
        "2018-06": {
            "month": "2018-06",
            "price": "34.74",
            "revenue": 304472
        },
        "2018-07": {
            "month": "2018-07",
            "price": "29.88",
            "revenue": 252279
        },
        "2018-08": {
            "month": "2018-08",
            "price": "30.53",
            "revenue": 281265
        },
        "2018-09": {
            "month": "2018-09",
            "price": "31.36",
            "revenue": 200162
        },
        "2018-10": {
            "month": "2018-10",
            "price": "24.17",
            "revenue": 204428
        },
        "2018-11": {
            "month": "2018-11",
            "price": "23.42",
            "revenue": 172708
        },
        "2018-12": {
            "month": "2018-12",
            "price": "23.30",
            "revenue": 166076
        },
        "2019-01": {
            "month": "2019-01",
            "price": "22.20",
            "revenue": 124982
        },
        "2019-02": {
            "month": "2019-02",
            "price": "24.58",
            "revenue": 129801
        },
        "2019-03": {
            "month": "2019-03",
            "price": "25.05",
            "revenue": 285212
        },
        "2019-04": {
            "month": "2019-04",
            "price": "26.05",
            "revenue": 123310
        },
        "2019-05": {
            "month": "2019-05",
            "price": "24.61",
            "revenue": 178670
        },
        "2019-06": {
            "month": "2019-06",
            "price": "24.17",
            "revenue": 215353
        },
        "2019-07": {
            "month": "2019-07",
            "price": "25.34",
            "revenue": 209467
        },
        "2019-08": {
            "month": "2019-08",
            "price": "25.82",
            "revenue": 199780
        },
        "2019-09": {
            "month": "2019-09",
            "price": "26.98",
            "revenue": 194014
        },
        "2019-10": {
            "month": "2019-10",
            "price": "26.38",
            "revenue": 841413
        },
        "2019-11": {
            "month": "2019-11",
            "price": "27.51",
            "revenue": 200358
        },
        "2019-12": {
            "month": "2019-12",
            "price": "27.75",
            "revenue": 240308
        },
        "2020-01": {
            "month": "2020-01",
            "price": "26.94",
            "revenue": 173035
        },
        "2020-02": {
            "month": "2020-02",
            "price": "25.85",
            "revenue": 176899
        },
        "2020-03": {
            "month": "2020-03",
            "price": "22.57",
            "revenue": 224480
        },
        "2020-04": {
            "month": "2020-04",
            "price": "23.30",
            "revenue": 189964
        },
        "2020-05": {
            "month": "2020-05",
            "price": "23.93",
            "revenue": 167569
        },
        "2020-06": {
            "month": "2020-06",
            "price": "24.13",
            "revenue": 216512
        },
        "2020-07": {
            "month": "2020-07",
            "price": "25.19",
            "revenue": 227737
        },
        "2020-08": {
            "month": "2020-08",
            "price": "23.72",
            "revenue": 240288
        },
        "2020-09": {
            "month": "2020-09",
            "price": "23.59",
            "revenue": 243277
        },
        "2020-10": {
            "month": "2020-10",
            "price": "23.68",
            "revenue": 253387
        },
        "2020-11": {
            "month": "2020-11",
            "price": "25.55",
            "revenue": 262093
        },
        "2020-12": {
            "month": "2020-12",
            "price": "28.85",
            "revenue": 238294
        },
        "2021-01": {
            "month": "2021-01",
            "price": "28.32",
            "revenue": 236282
        },
        "2021-02": {
            "month": "2021-02",
            "price": "28.64",
            "revenue": 215351
        },
        "2021-03": {
            "month": "2021-03",
            "price": "29.22",
            "revenue": 225654
        },
        "2021-04": {
            "month": "2021-04",
            "price": "33.53",
            "revenue": 235186
        },
        "2021-05": {
            "month": "2021-05",
            "price": "27.43",
            "revenue": 223350
        },
        "2021-06": {
            "month": "2021-06",
            "price": "28.00",
            "revenue": 242956
        },
        "2021-07": {
            "month": "2021-07",
            "price": "29.89",
            "revenue": 262201
        },
        "2021-08": {
            "month": "2021-08",
            "price": "30.95",
            "revenue": 302834
        },
        "2021-09": {
            "month": "2021-09",
            "price": "32.84",
            "revenue": 299810
        },
        "2021-10": {
            "month": "2021-10",
            "price": "29.81",
            "revenue": 275078
        },
        "2021-11": {
            "month": "2021-11",
            "price": "32.05",
            "revenue": 281761
        },
        "2021-12": {
            "month": "2021-12",
            "price": "31.61",
            "revenue": 285927
        },
        "2022-01": {
            "month": "2022-01",
            "price": "30.81",
            "revenue": 303728
        },
        "2022-02": {
            "month": "2022-02",
            "price": "31.33",
            "revenue": 306764
        },
        "2022-03": {
            "month": "2022-03",
            "price": "32.87",
            "revenue": 360880
        },
        "2022-04": {
            "month": "2022-04",
            "price": "36.79",
            "revenue": 344742
        },
        "2022-05": {
            "month": "2022-05",
            "price": "48.22",
            "revenue": 370106
        },
        "2022-06": {
            "month": "2022-06",
            "price": "52.85",
            "revenue": 400566
        },
        "2022-07": {
            "month": "2022-07",
            "price": "45.67",
            "revenue": 352026
        },
        "2022-08": {
            "month": "2022-08",
            "price": "47.30",
            "revenue": 304683
        },
        "2022-09": {
            "month": "2022-09",
            "price": "41.59",
            "revenue": 313654
        },
        "2022-10": {
            "month": "2022-10",
            "price": "39.04",
            "revenue": 322814
        },
        "2022-11": {
            "month": "2022-11",
            "price": "46.37",
            "revenue": 289752
        },
        "2022-12": {
            "month": "2022-12",
            "price": "47.75",
            "revenue": 277437
        },
        "2023-01": {
            "month": "2023-01",
            "price": "47.35",
            "revenue": 276958
        },
        "2023-02": {
            "month": "2023-02",
            "price": "49.89",
            "revenue": 273153
        },
        "2023-03": {
            "month": "2023-03",
            "price": "58.11",
            "revenue": 307687
        },
        "2023-04": {
            "month": "2023-04",
            "price": "56.04",
            "revenue": 288085
        },
        "2023-05": {
            "month": "2023-05",
            "price": "59.04",
            "revenue": 290405
        }
    }
}
