{
    "summary": {
        "stock_name": "昇陽",
        "stock_id": "3266",
        "category": "建材營造",
        "main_business": "住宅及大樓開發租售業<br>不動產買賣業<br>都市更新重建業",
        "website_url": "http://www.sunty.com.tw",
        "ceo": "魏岱霖",
        "pe_ratio": 100,
        "report_year_from": 2003,
        "report_year_to": 2023,
        "age": 20,
        "eps_negative_percentage": 10,
        "eps_growth_avg": {
            "last_all": 10.28,
            "last_2y": 9.72,
            "last_4y": 45.83,
            "last_8y": 6.85,
            "last_12y": 17.91,
            "last_16y": 8.2,
            "last_20y": null,
            "at_2006_last_3y": null,
            "at_2007_last_3y": -22.53,
            "at_2008_last_3y": -63.38,
            "at_2009_last_3y": -30.62,
            "at_2010_last_3y": 16.67,
            "at_2011_last_3y": 58.4,
            "at_2012_last_3y": 27.53,
            "at_2013_last_3y": 40.03,
            "at_2014_last_3y": 6.85,
            "at_2015_last_3y": -24.45,
            "at_2016_last_3y": -10.9,
            "at_2017_last_3y": -58.12,
            "at_2018_last_3y": -13.89,
            "at_2019_last_3y": 52.78,
            "at_2020_last_3y": 31.25,
            "at_2021_last_3y": 32.29,
            "at_2022_last_3y": 32.29,
            "at_2023_last_3y": 32.29,
            "at_2006_last_all": 3.29,
            "at_2007_last_all": -22.53,
            "at_2008_last_all": -22.53,
            "at_2009_last_all": -8.03,
            "at_2010_last_all": 9.98,
            "at_2011_last_all": 12.15,
            "at_2012_last_all": 2.5,
            "at_2013_last_all": 13.33,
            "at_2014_last_all": 8.73,
            "at_2015_last_all": -1.16,
            "at_2016_last_all": -1.16,
            "at_2017_last_all": -4.53,
            "at_2018_last_all": 3.51,
            "at_2019_last_all": 10.4,
            "at_2020_last_all": 7.49,
            "at_2021_last_all": 4.67,
            "at_2022_last_all": 10.28,
            "at_2023_last_all": 10.28
        },
        "latest_eps": 0.04,
        "latest_price": 13.4,
        "latest_roe": 0.37,
        "latest_gross_margin": 18.52,
        "latest_equity": 5636912,
        "latest_revenue": 307485,
        "latest_gross_profit": 56950,
        "latest_net_income": -7173,
        "latest_debt_ratio": 61.14,
        "latest_current_ratio": 154.52,
        "latest_account_receivable_turnover_ratio": 6.94,
        "latest_inventory_turnover_ratio": 0.02,
        "latest_reinvestment_rate": -6.82,
        "latest_research_to_sale_ratio": 0.15
    },
    "eps_dividends": {
        "2001": {
            "cash": 0,
            "stock": 0,
            "eps": 0
        },
        "2002": {
            "cash": 0,
            "stock": 0,
            "eps": 0
        },
        "2003": {
            "cash": 0,
            "stock": 374,
            "eps": 1.94
        },
        "2004": {
            "cash": 0,
            "stock": 2.8,
            "eps": 5.22
        },
        "2005": {
            "cash": 2.1,
            "stock": 1.5,
            "eps": 2.7
        },
        "2006": {
            "cash": 1.5,
            "stock": 0.5,
            "eps": 1.57
        },
        "2007": {
            "cash": 1.16,
            "stock": 0,
            "eps": -0.04
        },
        "2008": {
            "cash": 0,
            "stock": 0,
            "eps": 0.02
        },
        "2009": {
            "cash": 0,
            "stock": 0,
            "eps": 0.03
        },
        "2010": {
            "cash": 0,
            "stock": 0,
            "eps": 1.19
        },
        "2011": {
            "cash": 1.6,
            "stock": 0,
            "eps": 1.49
        },
        "2012": {
            "cash": 0,
            "stock": 0,
            "eps": 0.52
        },
        "2013": {
            "cash": 0,
            "stock": 0,
            "eps": 6.3
        },
        "2014": {
            "cash": 0,
            "stock": 0,
            "eps": 4.24
        },
        "2015": {
            "cash": 1,
            "stock": 0,
            "eps": -1.31
        },
        "2016": {
            "cash": 0,
            "stock": 0,
            "eps": 0.12
        },
        "2017": {
            "cash": 0,
            "stock": 0,
            "eps": 0.07
        },
        "2018": {
            "cash": 0,
            "stock": 0,
            "eps": 0.3
        },
        "2019": {
            "cash": 0.5,
            "stock": 0,
            "eps": 0.6
        },
        "2020": {
            "cash": 0.5,
            "stock": 0,
            "eps": 0.4
        },
        "2021": {
            "cash": 0,
            "stock": 0,
            "eps": 0.25
        },
        "2022": {
            "cash": 0,
            "stock": 0,
            "eps": 0.57
        },
        "2023": {
            "cash": 0.5,
            "stock": 0,
            "eps": 0.03
        }
    },
    "dividends": {
        "2003-03-31": {
            "cash": 0,
            "stock": 374
        },
        "2004-04-13": {
            "cash": 0,
            "stock": 2.8
        },
        "2005-03-14": {
            "cash": 2.1,
            "stock": 1.5
        },
        "2006-04-04": {
            "cash": 1.5,
            "stock": 0.5
        },
        "2007-03-28": {
            "cash": 1.16,
            "stock": 0
        },
        "2011-01-01": {
            "cash": 0.8,
            "stock": 0
        },
        "2011-03-16": {
            "cash": 0.8,
            "stock": 0
        },
        "2015-09-15": {
            "cash": 1,
            "stock": 0
        },
        "2019-09-20": {
            "cash": 0.5,
            "stock": 0
        },
        "2020-08-05": {
            "cash": 0.5,
            "stock": 0
        },
        "2023-08-25": {
            "cash": 0.5,
            "stock": 0
        }
    },
    "prices": {
        "200101": "無",
        "200102": "無",
        "200103": "無",
        "200104": "無",
        "200105": "無",
        "200106": "無",
        "200107": "無",
        "200108": "無",
        "200109": "無",
        "200110": "無",
        "200111": "無",
        "200112": "無",
        "200201": "無",
        "200202": "無",
        "200203": "無",
        "200204": "無",
        "200205": "無",
        "200206": "無",
        "200207": "無",
        "200208": "無",
        "200209": "無",
        "200210": "無",
        "200211": "無",
        "200212": "無",
        "200301": "無",
        "200302": "無",
        "200303": "無",
        "200304": "無",
        "200305": "無",
        "200306": "無",
        "200307": "無",
        "200308": "無",
        "200309": "無",
        "200310": "29.56",
        "200311": "28.68",
        "200312": "27.54",
        "200401": "29.11",
        "200402": "31.12",
        "200403": "35.66",
        "200404": "39.67",
        "200405": "37.85",
        "200406": "37.85",
        "200407": "37.98",
        "200408": "37.45",
        "200409": "32.43",
        "200410": "29.69",
        "200411": "30.88",
        "200412": "33.53",
        "200501": "38.41",
        "200502": "42.46",
        "200503": "40.51",
        "200504": "38.55",
        "200505": "38.02",
        "200506": "38.22",
        "200507": "34.12",
        "200508": "31.46",
        "200509": "30.32",
        "200510": "31.04",
        "200511": "29.71",
        "200512": "27.94",
        "200601": "24.74",
        "200602": "23.57",
        "200603": "23.07",
        "200604": "24.94",
        "200605": "25.58",
        "200606": "21.75",
        "200607": "19.75",
        "200608": "20.74",
        "200609": "18.94",
        "200610": "18.74",
        "200611": "18.99",
        "200612": "19.38",
        "200701": "19.07",
        "200702": "18.19",
        "200703": "19.98",
        "200704": "23.37",
        "200705": "25.49",
        "200706": "27.18",
        "200707": "33.46",
        "200708": "26.65",
        "200709": "25.17",
        "200710": "22.22",
        "200711": "24.13",
        "200712": "21.73",
        "200801": "18.00",
        "200802": "18.48",
        "200803": "18.83",
        "200804": "22.34",
        "200805": "24.20",
        "200806": "21.55",
        "200807": "18.25",
        "200808": "16.49",
        "200809": "14.50",
        "200810": "11.14",
        "200811": "9.27",
        "200812": "9.36",
        "200901": "9.26",
        "200902": "9.21",
        "200903": "11.14",
        "200904": "18.54",
        "200905": "16.88",
        "200906": "14.47",
        "200907": "16.75",
        "200908": "17.20",
        "200909": "17.51",
        "200910": "21.87",
        "200911": "19.11",
        "200912": "20.05",
        "201001": "20.04",
        "201002": "17.70",
        "201003": "19.07",
        "201004": "21.13",
        "201005": "20.53",
        "201006": "20.71",
        "201007": "21.23",
        "201008": "24.24",
        "201009": "27.09",
        "201010": "25.15",
        "201011": "23.84",
        "201012": "26.21",
        "201101": "25.21",
        "201102": "24.81",
        "201103": "24.27",
        "201104": "27.36",
        "201105": "25.83",
        "201106": "25.52",
        "201107": "27.96",
        "201108": "23.96",
        "201109": "19.05",
        "201110": "16.78",
        "201111": "15.92",
        "201112": "14.15",
        "201201": "14.26",
        "201202": "17.12",
        "201203": "17.31",
        "201204": "15.07",
        "201205": "14.46",
        "201206": "14.64",
        "201207": "14.80",
        "201208": "15.12",
        "201209": "18.92",
        "201210": "20.65",
        "201211": "22.38",
        "201212": "24.73",
        "201301": "24.09",
        "201302": "21.68",
        "201303": "23.29",
        "201304": "30.42",
        "201305": "31.88",
        "201306": "28.54",
        "201307": "28.63",
        "201308": "28.51",
        "201309": "27.05",
        "201310": "25.92",
        "201311": "26.30",
        "201312": "26.29",
        "201401": "25.10",
        "201402": "27.24",
        "201403": "27.36",
        "201404": "26.09",
        "201405": "24.98",
        "201406": "24.29",
        "201407": "22.84",
        "201408": "22.48",
        "201409": "21.75",
        "201410": "19.03",
        "201411": "18.59",
        "201412": "21.20",
        "201501": "19.90",
        "201502": "20.02",
        "201503": "19.85",
        "201504": "19.37",
        "201505": "18.37",
        "201506": "15.80",
        "201507": "14.94",
        "201508": "13.80",
        "201509": "13.06",
        "201510": "13.22",
        "201511": "13.05",
        "201512": "12.27",
        "201601": "11.21",
        "201602": "10.68",
        "201603": "12.63",
        "201604": "12.03",
        "201605": "11.93",
        "201606": "11.90",
        "201607": "12.24",
        "201608": "11.61",
        "201609": "11.53",
        "201610": "11.65",
        "201611": "11.39",
        "201612": "11.48",
        "201701": "11.55",
        "201702": "11.84",
        "201703": "11.64",
        "201704": "11.68",
        "201705": "11.66",
        "201706": "11.52",
        "201707": "11.37",
        "201708": "10.96",
        "201709": "11.48",
        "201710": "11.57",
        "201711": "11.56",
        "201712": "11.44",
        "201801": "11.33",
        "201802": "11.13",
        "201803": "11.08",
        "201804": "11.06",
        "201805": "11.28",
        "201806": "11.54",
        "201807": "11.59",
        "201808": "11.64",
        "201809": "11.67",
        "201810": "10.80",
        "201811": "11.13",
        "201812": "11.30",
        "201901": "11.17",
        "201902": "11.27",
        "201903": "11.18",
        "201904": "11.32",
        "201905": "11.05",
        "201906": "11.18",
        "201907": "11.86",
        "201908": "12.85",
        "201909": "13.99",
        "201910": "15.31",
        "201911": "15.52",
        "201912": "15.53",
        "202001": "14.90",
        "202002": "13.67",
        "202003": "12.70",
        "202004": "12.25",
        "202005": "13.35",
        "202006": "13.77",
        "202007": "13.50",
        "202008": "13.34",
        "202009": "13.70",
        "202010": "14.32",
        "202011": "14.63",
        "202012": "15.03",
        "202101": "14.69",
        "202102": "14.03",
        "202103": "13.48",
        "202104": "13.34",
        "202105": "12.77",
        "202106": "12.48",
        "202107": "12.87",
        "202108": "12.56",
        "202109": "12.60",
        "202110": "12.90",
        "202111": "13.28",
        "202112": "13.57",
        "202201": "13.59",
        "202202": "13.73",
        "202203": "13.67",
        "202204": "14.62",
        "202205": "13.46",
        "202206": "13.08",
        "202207": "12.06",
        "202208": "11.93",
        "202209": "11.44",
        "202210": "10.86",
        "202211": "11.29",
        "202212": "11.91",
        "202301": "11.83",
        "202302": "11.98",
        "202303": "12.49",
        "202304": "12.90",
        "202305": "12.83",
        "202306": "13.82",
        "202307": "14.16",
        "202308": "13.64",
        "202309": "13.43"
    },
    "quarters": {
        "20011": {
            "year_quarter": 20011,
            "year": 2001,
            "quarter": 1,
            "eps": null,
            "eps_growth_year": null,
            "eps_4q": null,
            "eps_4q_growth_year": null,
            "roe": null,
            "roe_4q": 0,
            "gross_profit": null,
            "gross_margin": null,
            "gross_margin_4q_avg": 0,
            "net_income": null,
            "revenue": null,
            "common_shares": null,
            "book_valuer_per_share": null,
            "book_valuer_per_share_4q_avg": 0,
            "equity": null,
            "current_ratio": null,
            "debt_ratio": null,
            "inventory_turnover_ratio": null,
            "account_receivable_turnover_ratio": null,
            "reinvestment_rate": null,
            "research_to_sale_ratio": null,
            "price_fair": 0,
            "eps_avg_yearly": 0,
            "eps_latest_yearly": 0,
            "eps_growth_yearly": 0
        },
        "20012": {
            "year_quarter": 20012,
            "year": 2001,
            "quarter": 2,
            "eps": null,
            "eps_growth_year": null,
            "eps_4q": null,
            "eps_4q_growth_year": null,
            "roe": null,
            "roe_4q": 0,
            "gross_profit": null,
            "gross_margin": null,
            "gross_margin_4q_avg": 0,
            "net_income": null,
            "revenue": null,
            "common_shares": null,
            "book_valuer_per_share": null,
            "book_valuer_per_share_4q_avg": 0,
            "equity": null,
            "current_ratio": null,
            "debt_ratio": null,
            "inventory_turnover_ratio": null,
            "account_receivable_turnover_ratio": null,
            "reinvestment_rate": null,
            "research_to_sale_ratio": null,
            "price_fair": 0,
            "eps_avg_yearly": 0,
            "eps_latest_yearly": 0,
            "eps_growth_yearly": 0
        },
        "20013": {
            "year_quarter": 20013,
            "year": 2001,
            "quarter": 3,
            "eps": null,
            "eps_growth_year": null,
            "eps_4q": null,
            "eps_4q_growth_year": null,
            "roe": null,
            "roe_4q": 0,
            "gross_profit": null,
            "gross_margin": null,
            "gross_margin_4q_avg": 0,
            "net_income": null,
            "revenue": null,
            "common_shares": null,
            "book_valuer_per_share": null,
            "book_valuer_per_share_4q_avg": 0,
            "equity": null,
            "current_ratio": null,
            "debt_ratio": null,
            "inventory_turnover_ratio": null,
            "account_receivable_turnover_ratio": null,
            "reinvestment_rate": null,
            "research_to_sale_ratio": null,
            "price_fair": 0,
            "eps_avg_yearly": 0,
            "eps_latest_yearly": 0,
            "eps_growth_yearly": 0
        },
        "20014": {
            "year_quarter": 20014,
            "year": 2001,
            "quarter": 4,
            "eps": null,
            "eps_growth_year": null,
            "eps_4q": null,
            "eps_4q_growth_year": null,
            "roe": null,
            "roe_4q": 0,
            "gross_profit": null,
            "gross_margin": null,
            "gross_margin_4q_avg": 0,
            "net_income": null,
            "revenue": null,
            "common_shares": 5000,
            "book_valuer_per_share": 72.59,
            "book_valuer_per_share_4q_avg": 18.15,
            "equity": 36295,
            "current_ratio": 129.97,
            "debt_ratio": 71.11,
            "inventory_turnover_ratio": null,
            "account_receivable_turnover_ratio": null,
            "reinvestment_rate": null,
            "research_to_sale_ratio": null,
            "price_fair": 0,
            "eps_avg_yearly": 0,
            "eps_latest_yearly": 0,
            "eps_growth_yearly": 0
        },
        "20021": {
            "year_quarter": 20021,
            "year": 2002,
            "quarter": 1,
            "eps": null,
            "eps_growth_year": null,
            "eps_4q": null,
            "eps_4q_growth_year": null,
            "roe": null,
            "roe_4q": 0,
            "gross_profit": null,
            "gross_margin": null,
            "gross_margin_4q_avg": 0,
            "net_income": null,
            "revenue": null,
            "common_shares": null,
            "book_valuer_per_share": null,
            "book_valuer_per_share_4q_avg": 18.15,
            "equity": null,
            "current_ratio": null,
            "debt_ratio": null,
            "inventory_turnover_ratio": null,
            "account_receivable_turnover_ratio": null,
            "reinvestment_rate": null,
            "research_to_sale_ratio": null,
            "price_fair": 0,
            "eps_avg_yearly": 0,
            "eps_latest_yearly": 0,
            "eps_growth_yearly": 0
        },
        "20022": {
            "year_quarter": 20022,
            "year": 2002,
            "quarter": 2,
            "eps": null,
            "eps_growth_year": null,
            "eps_4q": null,
            "eps_4q_growth_year": null,
            "roe": null,
            "roe_4q": 0,
            "gross_profit": null,
            "gross_margin": null,
            "gross_margin_4q_avg": 0,
            "net_income": null,
            "revenue": null,
            "common_shares": null,
            "book_valuer_per_share": null,
            "book_valuer_per_share_4q_avg": 18.15,
            "equity": null,
            "current_ratio": null,
            "debt_ratio": null,
            "inventory_turnover_ratio": null,
            "account_receivable_turnover_ratio": null,
            "reinvestment_rate": null,
            "research_to_sale_ratio": null,
            "price_fair": 0,
            "eps_avg_yearly": 0,
            "eps_latest_yearly": 0,
            "eps_growth_yearly": 0
        },
        "20023": {
            "year_quarter": 20023,
            "year": 2002,
            "quarter": 3,
            "eps": null,
            "eps_growth_year": null,
            "eps_4q": null,
            "eps_4q_growth_year": null,
            "roe": null,
            "roe_4q": 0,
            "gross_profit": null,
            "gross_margin": null,
            "gross_margin_4q_avg": 0,
            "net_income": null,
            "revenue": null,
            "common_shares": null,
            "book_valuer_per_share": null,
            "book_valuer_per_share_4q_avg": 18.15,
            "equity": null,
            "current_ratio": null,
            "debt_ratio": null,
            "inventory_turnover_ratio": null,
            "account_receivable_turnover_ratio": null,
            "reinvestment_rate": null,
            "research_to_sale_ratio": null,
            "price_fair": 0,
            "eps_avg_yearly": 0,
            "eps_latest_yearly": 0,
            "eps_growth_yearly": 0
        },
        "20024": {
            "year_quarter": 20024,
            "year": 2002,
            "quarter": 4,
            "eps": null,
            "eps_growth_year": null,
            "eps_4q": null,
            "eps_4q_growth_year": null,
            "roe": null,
            "roe_4q": 0,
            "gross_profit": null,
            "gross_margin": null,
            "gross_margin_4q_avg": 0,
            "net_income": null,
            "revenue": null,
            "common_shares": 100000,
            "book_valuer_per_share": 14.97,
            "book_valuer_per_share_4q_avg": 3.74,
            "equity": 149681,
            "current_ratio": 249.17,
            "debt_ratio": 37.64,
            "inventory_turnover_ratio": null,
            "account_receivable_turnover_ratio": null,
            "reinvestment_rate": null,
            "research_to_sale_ratio": null,
            "price_fair": 0,
            "eps_avg_yearly": 0,
            "eps_latest_yearly": 0,
            "eps_growth_yearly": 0
        },
        "20031": {
            "year_quarter": 20031,
            "year": 2003,
            "quarter": 1,
            "eps": null,
            "eps_growth_year": null,
            "eps_4q": null,
            "eps_4q_growth_year": null,
            "roe": null,
            "roe_4q": 0,
            "gross_profit": null,
            "gross_margin": null,
            "gross_margin_4q_avg": 0,
            "net_income": null,
            "revenue": null,
            "common_shares": null,
            "book_valuer_per_share": null,
            "book_valuer_per_share_4q_avg": 3.74,
            "equity": null,
            "current_ratio": null,
            "debt_ratio": null,
            "inventory_turnover_ratio": null,
            "account_receivable_turnover_ratio": null,
            "reinvestment_rate": null,
            "research_to_sale_ratio": null,
            "price_fair": 0,
            "eps_avg_yearly": 0,
            "eps_latest_yearly": 0,
            "eps_growth_yearly": 0
        },
        "20032": {
            "year_quarter": 20032,
            "year": 2003,
            "quarter": 2,
            "eps": null,
            "eps_growth_year": null,
            "eps_4q": null,
            "eps_4q_growth_year": null,
            "roe": null,
            "roe_4q": 0,
            "gross_profit": null,
            "gross_margin": null,
            "gross_margin_4q_avg": 0,
            "net_income": null,
            "revenue": null,
            "common_shares": null,
            "book_valuer_per_share": null,
            "book_valuer_per_share_4q_avg": 3.74,
            "equity": null,
            "current_ratio": null,
            "debt_ratio": null,
            "inventory_turnover_ratio": null,
            "account_receivable_turnover_ratio": null,
            "reinvestment_rate": null,
            "research_to_sale_ratio": null,
            "price_fair": 0,
            "eps_avg_yearly": 0,
            "eps_latest_yearly": 0,
            "eps_growth_yearly": 0
        },
        "20033": {
            "year_quarter": 20033,
            "year": 2003,
            "quarter": 3,
            "eps": 0.64,
            "eps_growth_year": null,
            "eps_4q": null,
            "eps_4q_growth_year": null,
            "roe": 4.97,
            "roe_4q": 4.97,
            "gross_profit": 59960,
            "gross_margin": 55.57,
            "gross_margin_4q_avg": 13.89,
            "net_income": 9078,
            "revenue": 107904,
            "common_shares": 140930,
            "book_valuer_per_share": 12.97,
            "book_valuer_per_share_4q_avg": 6.99,
            "equity": 182823,
            "current_ratio": 428.81,
            "debt_ratio": 20.54,
            "inventory_turnover_ratio": 1.5,
            "account_receivable_turnover_ratio": null,
            "reinvestment_rate": null,
            "research_to_sale_ratio": null,
            "price_fair": 0,
            "eps_avg_yearly": 0,
            "eps_latest_yearly": 0,
            "eps_growth_yearly": 0
        },
        "20034": {
            "year_quarter": 20034,
            "year": 2003,
            "quarter": 4,
            "eps": 1.3,
            "eps_growth_year": null,
            "eps_4q": null,
            "eps_4q_growth_year": null,
            "roe": 9.55,
            "roe_4q": 14.52,
            "gross_profit": 76521,
            "gross_margin": 55.5,
            "gross_margin_4q_avg": 27.77,
            "net_income": 18337,
            "revenue": 137873,
            "common_shares": 140930,
            "book_valuer_per_share": 14.27,
            "book_valuer_per_share_4q_avg": 6.81,
            "equity": 201161,
            "current_ratio": 266.8,
            "debt_ratio": 32.8,
            "inventory_turnover_ratio": 1.9,
            "account_receivable_turnover_ratio": null,
            "reinvestment_rate": null,
            "research_to_sale_ratio": null,
            "price_fair": 182,
            "eps_avg_yearly": 5.2,
            "eps_latest_yearly": 5.2,
            "eps_growth_yearly": 412.5
        },
        "20041": {
            "year_quarter": 20041,
            "year": 2004,
            "quarter": 1,
            "eps": 0.95,
            "eps_growth_year": null,
            "eps_4q": null,
            "eps_4q_growth_year": null,
            "roe": 6.42,
            "roe_4q": 20.94,
            "gross_profit": 67053,
            "gross_margin": 53.3,
            "gross_margin_4q_avg": 41.09,
            "net_income": 13342,
            "revenue": 125803,
            "common_shares": 140930,
            "book_valuer_per_share": 15.22,
            "book_valuer_per_share_4q_avg": 10.62,
            "equity": 214503,
            "current_ratio": 378.77,
            "debt_ratio": 22.81,
            "inventory_turnover_ratio": 1.9,
            "account_receivable_turnover_ratio": null,
            "reinvestment_rate": null,
            "research_to_sale_ratio": null,
            "price_fair": 157.5,
            "eps_avg_yearly": 4.5,
            "eps_latest_yearly": 3.8,
            "eps_growth_yearly": 152.4
        },
        "20042": {
            "year_quarter": 20042,
            "year": 2004,
            "quarter": 2,
            "eps": 2.02,
            "eps_growth_year": null,
            "eps_4q": 4.92,
            "eps_4q_growth_year": null,
            "roe": 12.42,
            "roe_4q": 33.36,
            "gross_profit": 88677,
            "gross_margin": 55.43,
            "gross_margin_4q_avg": 54.95,
            "net_income": 28405,
            "revenue": 159982,
            "common_shares": 140930,
            "book_valuer_per_share": 17.24,
            "book_valuer_per_share_4q_avg": 14.93,
            "equity": 242908,
            "current_ratio": 365.34,
            "debt_ratio": 23.8,
            "inventory_turnover_ratio": 2.76,
            "account_receivable_turnover_ratio": null,
            "reinvestment_rate": null,
            "research_to_sale_ratio": null,
            "price_fair": 199.27,
            "eps_avg_yearly": 5.69,
            "eps_latest_yearly": 8.08,
            "eps_growth_yearly": 251.78
        },
        "20043": {
            "year_quarter": 20043,
            "year": 2004,
            "quarter": 3,
            "eps": 1.11,
            "eps_growth_year": 73.44,
            "eps_4q": 4.37,
            "eps_4q_growth_year": null,
            "roe": 8.09,
            "roe_4q": 36.480000000000004,
            "gross_profit": 78708,
            "gross_margin": 53.85,
            "gross_margin_4q_avg": 54.52,
            "net_income": 20435,
            "revenue": 146162,
            "common_shares": 184880,
            "book_valuer_per_share": 14.19,
            "book_valuer_per_share_4q_avg": 15.23,
            "equity": 262342,
            "current_ratio": 344.99,
            "debt_ratio": 25.86,
            "inventory_turnover_ratio": 2.59,
            "account_receivable_turnover_ratio": null,
            "reinvestment_rate": null,
            "research_to_sale_ratio": null,
            "price_fair": 188.3,
            "eps_avg_yearly": 5.38,
            "eps_latest_yearly": 4.44,
            "eps_growth_yearly": 143.78
        },
        "20044": {
            "year_quarter": 20044,
            "year": 2004,
            "quarter": 4,
            "eps": 1.14,
            "eps_growth_year": -12.31,
            "eps_4q": 4.5,
            "eps_4q_growth_year": null,
            "roe": 7.74,
            "roe_4q": 34.67,
            "gross_profit": 72137,
            "gross_margin": 53.78,
            "gross_margin_4q_avg": 54.09,
            "net_income": 21109,
            "revenue": 134127,
            "common_shares": 184880,
            "book_valuer_per_share": 15.33,
            "book_valuer_per_share_4q_avg": 15.5,
            "equity": 283452,
            "current_ratio": 318.2,
            "debt_ratio": 28.41,
            "inventory_turnover_ratio": 1.64,
            "account_receivable_turnover_ratio": null,
            "reinvestment_rate": null,
            "research_to_sale_ratio": null,
            "price_fair": 182.56,
            "eps_avg_yearly": 5.22,
            "eps_latest_yearly": 4.56,
            "eps_growth_yearly": 117.19
        },
        "20051": {
            "year_quarter": 20051,
            "year": 2005,
            "quarter": 1,
            "eps": 0.81,
            "eps_growth_year": -14.74,
            "eps_4q": 4.59,
            "eps_4q_growth_year": null,
            "roe": 5.16,
            "roe_4q": 33.410000000000004,
            "gross_profit": 62880,
            "gross_margin": 50.65,
            "gross_margin_4q_avg": 53.43,
            "net_income": 15006,
            "revenue": 124144,
            "common_shares": 184880,
            "book_valuer_per_share": 16.14,
            "book_valuer_per_share_4q_avg": 15.73,
            "equity": 298457,
            "current_ratio": 386.67,
            "debt_ratio": 23.54,
            "inventory_turnover_ratio": 1.61,
            "account_receivable_turnover_ratio": null,
            "reinvestment_rate": null,
            "research_to_sale_ratio": null,
            "price_fair": 171.03,
            "eps_avg_yearly": 4.89,
            "eps_latest_yearly": 3.24,
            "eps_growth_yearly": 78.36
        },
        "20052": {
            "year_quarter": 20052,
            "year": 2005,
            "quarter": 2,
            "eps": 0.92,
            "eps_growth_year": -54.46,
            "eps_4q": 3.98,
            "eps_4q_growth_year": -19.16,
            "roe": 5.94,
            "roe_4q": 26.930000000000003,
            "gross_profit": 65397,
            "gross_margin": 51.01,
            "gross_margin_4q_avg": 52.32,
            "net_income": 17023,
            "revenue": 128215,
            "common_shares": 184880,
            "book_valuer_per_share": 14.87,
            "book_valuer_per_share_4q_avg": 15.13,
            "equity": 274856,
            "current_ratio": 285.69,
            "debt_ratio": 31.99,
            "inventory_turnover_ratio": 1.58,
            "account_receivable_turnover_ratio": null,
            "reinvestment_rate": null,
            "research_to_sale_ratio": null,
            "price_fair": 165,
            "eps_avg_yearly": 4.71,
            "eps_latest_yearly": 3.68,
            "eps_growth_yearly": 74.93
        },
        "20053": {
            "year_quarter": 20053,
            "year": 2005,
            "quarter": 3,
            "eps": 0.47,
            "eps_growth_year": -57.66,
            "eps_4q": 2.89,
            "eps_4q_growth_year": -33.88,
            "roe": 3.68,
            "roe_4q": 22.520000000000003,
            "gross_profit": 51258,
            "gross_margin": 48.27,
            "gross_margin_4q_avg": 50.93,
            "net_income": 10313,
            "revenue": 106197,
            "common_shares": 218612,
            "book_valuer_per_share": 13.04,
            "book_valuer_per_share_4q_avg": 14.85,
            "equity": 285168,
            "current_ratio": 512.64,
            "debt_ratio": 17.96,
            "inventory_turnover_ratio": 1.05,
            "account_receivable_turnover_ratio": null,
            "reinvestment_rate": null,
            "research_to_sale_ratio": null,
            "price_fair": 152.6,
            "eps_avg_yearly": 4.36,
            "eps_latest_yearly": 1.88,
            "eps_growth_yearly": 41.1
        },
        "20054": {
            "year_quarter": 20054,
            "year": 2005,
            "quarter": 4,
            "eps": 0.5,
            "eps_growth_year": -56.14,
            "eps_4q": 2.42,
            "eps_4q_growth_year": -46.17,
            "roe": 3.79,
            "roe_4q": 18.57,
            "gross_profit": 56924,
            "gross_margin": 47.67,
            "gross_margin_4q_avg": 49.4,
            "net_income": 11019,
            "revenue": 119424,
            "common_shares": 218612,
            "book_valuer_per_share": 13.55,
            "book_valuer_per_share_4q_avg": 14.4,
            "equity": 296188,
            "current_ratio": 392.33,
            "debt_ratio": 23.15,
            "inventory_turnover_ratio": 1.11,
            "account_receivable_turnover_ratio": null,
            "reinvestment_rate": null,
            "research_to_sale_ratio": null,
            "price_fair": 143.42,
            "eps_avg_yearly": 4.1,
            "eps_latest_yearly": 2,
            "eps_growth_yearly": 39.37
        },
        "20061": {
            "year_quarter": 20061,
            "year": 2006,
            "quarter": 1,
            "eps": 0.33,
            "eps_growth_year": -59.26,
            "eps_4q": 2.09,
            "eps_4q_growth_year": -54.4,
            "roe": 2.4,
            "roe_4q": 15.809999999999999,
            "gross_profit": 50636,
            "gross_margin": 46.89,
            "gross_margin_4q_avg": 48.46,
            "net_income": 7188,
            "revenue": 107990,
            "common_shares": 218612,
            "book_valuer_per_share": 13.88,
            "book_valuer_per_share_4q_avg": 13.84,
            "equity": 303376,
            "current_ratio": 411,
            "debt_ratio": 22.44,
            "inventory_turnover_ratio": 0.95,
            "account_receivable_turnover_ratio": null,
            "reinvestment_rate": null,
            "research_to_sale_ratio": null,
            "price_fair": 121.61,
            "eps_avg_yearly": 3.82,
            "eps_latest_yearly": 1.32,
            "eps_growth_yearly": 21.84
        },
        "20062": {
            "year_quarter": 20062,
            "year": 2006,
            "quarter": 2,
            "eps": 0.4,
            "eps_growth_year": -56.52,
            "eps_4q": 1.7,
            "eps_4q_growth_year": -57.3,
            "roe": 3.03,
            "roe_4q": 12.899999999999999,
            "gross_profit": 54383,
            "gross_margin": 48.85,
            "gross_margin_4q_avg": 47.92,
            "net_income": 8789,
            "revenue": 111319,
            "common_shares": 218612,
            "book_valuer_per_share": 12.67,
            "book_valuer_per_share_4q_avg": 13.29,
            "equity": 276933,
            "current_ratio": 325.13,
            "debt_ratio": 28.31,
            "inventory_turnover_ratio": 1.09,
            "account_receivable_turnover_ratio": null,
            "reinvestment_rate": null,
            "research_to_sale_ratio": null,
            "price_fair": 126.64,
            "eps_avg_yearly": 3.62,
            "eps_latest_yearly": 1.6,
            "eps_growth_yearly": 27.56
        },
        "20063": {
            "year_quarter": 20063,
            "year": 2006,
            "quarter": 3,
            "eps": 0.45,
            "eps_growth_year": -4.26,
            "eps_4q": 1.63,
            "eps_4q_growth_year": -43.76,
            "roe": 3.66,
            "roe_4q": 12.879999999999999,
            "gross_profit": 50998,
            "gross_margin": 49.24,
            "gross_margin_4q_avg": 48.16,
            "net_income": 10328,
            "revenue": 103563,
            "common_shares": 231543,
            "book_valuer_per_share": 12.41,
            "book_valuer_per_share_4q_avg": 13.13,
            "equity": 287262,
            "current_ratio": 457.61,
            "debt_ratio": 20.44,
            "inventory_turnover_ratio": 1.25,
            "account_receivable_turnover_ratio": null,
            "reinvestment_rate": null,
            "research_to_sale_ratio": null,
            "price_fair": 121.33,
            "eps_avg_yearly": 3.47,
            "eps_latest_yearly": 1.8,
            "eps_growth_yearly": 29.43
        },
        "20064": {
            "year_quarter": 20064,
            "year": 2006,
            "quarter": 4,
            "eps": 0.39,
            "eps_growth_year": -22,
            "eps_4q": 1.54,
            "eps_4q_growth_year": -36.42,
            "roe": 3.06,
            "roe_4q": 12.15,
            "gross_profit": 45280,
            "gross_margin": 46.72,
            "gross_margin_4q_avg": 47.93,
            "net_income": 8924,
            "revenue": 96924,
            "common_shares": 231543,
            "book_valuer_per_share": 12.79,
            "book_valuer_per_share_4q_avg": 12.94,
            "equity": 296186,
            "current_ratio": 496.05,
            "debt_ratio": 19.07,
            "inventory_turnover_ratio": 1.08,
            "account_receivable_turnover_ratio": null,
            "reinvestment_rate": null,
            "research_to_sale_ratio": null,
            "price_fair": 109.78,
            "eps_avg_yearly": 3.32,
            "eps_latest_yearly": 1.56,
            "eps_growth_yearly": 23.07
        },
        "20071": {
            "year_quarter": 20071,
            "year": 2007,
            "quarter": 1,
            "eps": 0.03,
            "eps_growth_year": -90.91,
            "eps_4q": 1.18,
            "eps_4q_growth_year": -43.53,
            "roe": 0.25,
            "roe_4q": 10,
            "gross_profit": 44286,
            "gross_margin": 45.47,
            "gross_margin_4q_avg": 47.57,
            "net_income": 731,
            "revenue": 97404,
            "common_shares": 231543,
            "book_valuer_per_share": 12.82,
            "book_valuer_per_share_4q_avg": 12.67,
            "equity": 296917,
            "current_ratio": 481.45,
            "debt_ratio": 19.48,
            "inventory_turnover_ratio": 1.11,
            "account_receivable_turnover_ratio": null,
            "reinvestment_rate": null,
            "research_to_sale_ratio": null,
            "price_fair": 9.27,
            "eps_avg_yearly": 3.09,
            "eps_latest_yearly": 0.12,
            "eps_growth_yearly": -4.95
        },
        "20072": {
            "year_quarter": 20072,
            "year": 2007,
            "quarter": 2,
            "eps": -0.25,
            "eps_growth_year": -162.5,
            "eps_4q": 0.62,
            "eps_4q_growth_year": -63.71,
            "roe": -2.06,
            "roe_4q": 4.91,
            "gross_profit": 43318,
            "gross_margin": 45.51,
            "gross_margin_4q_avg": 46.74,
            "net_income": -5716,
            "revenue": 95185,
            "common_shares": 231543,
            "book_valuer_per_share": 11.18,
            "book_valuer_per_share_4q_avg": 12.3,
            "equity": 258891,
            "current_ratio": 311.94,
            "debt_ratio": 29.89,
            "inventory_turnover_ratio": 1.11,
            "account_receivable_turnover_ratio": null,
            "reinvestment_rate": 1.7,
            "research_to_sale_ratio": null,
            "price_fair": 9.27,
            "eps_avg_yearly": 3.09,
            "eps_latest_yearly": 0.12,
            "eps_growth_yearly": -4.95
        },
        "20073": {
            "year_quarter": 20073,
            "year": 2007,
            "quarter": 3,
            "eps": -0.01,
            "eps_growth_year": -102.22,
            "eps_4q": 0.16,
            "eps_4q_growth_year": -90.1,
            "roe": -0.08,
            "roe_4q": 1.17,
            "gross_profit": 37877,
            "gross_margin": 42.69,
            "gross_margin_4q_avg": 45.1,
            "net_income": -213,
            "revenue": 88729,
            "common_shares": 231543,
            "book_valuer_per_share": 11.17,
            "book_valuer_per_share_4q_avg": 11.99,
            "equity": 258679,
            "current_ratio": 379.59,
            "debt_ratio": 24.83,
            "inventory_turnover_ratio": 0.97,
            "account_receivable_turnover_ratio": null,
            "reinvestment_rate": -0.19,
            "research_to_sale_ratio": null,
            "price_fair": 9.27,
            "eps_avg_yearly": 3.09,
            "eps_latest_yearly": 0.12,
            "eps_growth_yearly": -4.95
        },
        "20074": {
            "year_quarter": 20074,
            "year": 2007,
            "quarter": 4,
            "eps": 0.19,
            "eps_growth_year": -51.28,
            "eps_4q": 0,
            "eps_4q_growth_year": -99.69,
            "roe": 0.86,
            "roe_4q": -1.03,
            "gross_profit": 44599,
            "gross_margin": 45.64,
            "gross_margin_4q_avg": 44.83,
            "net_income": 5332,
            "revenue": 97722,
            "common_shares": 831543,
            "book_valuer_per_share": 11.78,
            "book_valuer_per_share_4q_avg": 11.74,
            "equity": 979810,
            "current_ratio": 1476,
            "debt_ratio": 6.95,
            "inventory_turnover_ratio": 0.96,
            "account_receivable_turnover_ratio": null,
            "reinvestment_rate": -0.07,
            "research_to_sale_ratio": null,
            "price_fair": 8.79,
            "eps_avg_yearly": 2.93,
            "eps_latest_yearly": 0.12,
            "eps_growth_yearly": -37.07
        },
        "20081": {
            "year_quarter": 20081,
            "year": 2008,
            "quarter": 1,
            "eps": 0.09,
            "eps_growth_year": 200,
            "eps_4q": 0.08,
            "eps_4q_growth_year": -93,
            "roe": 0.74,
            "roe_4q": -0.54,
            "gross_profit": 44183,
            "gross_margin": 47.97,
            "gross_margin_4q_avg": 45.45,
            "net_income": 7290,
            "revenue": 92105,
            "common_shares": 831543,
            "book_valuer_per_share": 11.87,
            "book_valuer_per_share_4q_avg": 11.5,
            "equity": 987100,
            "current_ratio": 1771.26,
            "debt_ratio": 5.87,
            "inventory_turnover_ratio": 0.35,
            "account_receivable_turnover_ratio": null,
            "reinvestment_rate": -0.05,
            "research_to_sale_ratio": null,
            "price_fair": 7.99,
            "eps_avg_yearly": 2.66,
            "eps_latest_yearly": 0.36,
            "eps_growth_yearly": -44.98
        },
        "20082": {
            "year_quarter": 20082,
            "year": 2008,
            "quarter": 2,
            "eps": 0.02,
            "eps_growth_year": null,
            "eps_4q": 0.15,
            "eps_4q_growth_year": -75.72,
            "roe": 0.19,
            "roe_4q": 1.71,
            "gross_profit": 37548,
            "gross_margin": 43.45,
            "gross_margin_4q_avg": 44.94,
            "net_income": 1915,
            "revenue": 86416,
            "common_shares": 831543,
            "book_valuer_per_share": 11.89,
            "book_valuer_per_share_4q_avg": 11.68,
            "equity": 989015,
            "current_ratio": 1092.78,
            "debt_ratio": 9.19,
            "inventory_turnover_ratio": 0.23,
            "account_receivable_turnover_ratio": null,
            "reinvestment_rate": 10.8,
            "research_to_sale_ratio": null,
            "price_fair": 6.15,
            "eps_avg_yearly": 2.05,
            "eps_latest_yearly": 0.08,
            "eps_growth_yearly": -103.56
        },
        "20083": {
            "year_quarter": 20083,
            "year": 2008,
            "quarter": 3,
            "eps": -0.02,
            "eps_growth_year": null,
            "eps_4q": 0.16,
            "eps_4q_growth_year": -2.91,
            "roe": -0.16,
            "roe_4q": 1.63,
            "gross_profit": 30112,
            "gross_margin": 40.78,
            "gross_margin_4q_avg": 44.46,
            "net_income": -1545,
            "revenue": 73849,
            "common_shares": 831543,
            "book_valuer_per_share": 11.88,
            "book_valuer_per_share_4q_avg": 11.86,
            "equity": 987470,
            "current_ratio": 1900.15,
            "debt_ratio": 5.44,
            "inventory_turnover_ratio": 0.2,
            "account_receivable_turnover_ratio": null,
            "reinvestment_rate": 12.84,
            "research_to_sale_ratio": null,
            "price_fair": 5.55,
            "eps_avg_yearly": 1.85,
            "eps_latest_yearly": 0.08,
            "eps_growth_yearly": -97.18
        },
        "20084": {
            "year_quarter": 20084,
            "year": 2008,
            "quarter": 4,
            "eps": -0.07,
            "eps_growth_year": -136.84,
            "eps_4q": 0.02,
            "eps_4q_growth_year": 318.85,
            "roe": -0.59,
            "roe_4q": 0.17999999999999994,
            "gross_profit": 28428,
            "gross_margin": 37.77,
            "gross_margin_4q_avg": 42.49,
            "net_income": -5834,
            "revenue": 75273,
            "common_shares": 831543,
            "book_valuer_per_share": 11.8,
            "book_valuer_per_share_4q_avg": 11.86,
            "equity": 981636,
            "current_ratio": 720.12,
            "debt_ratio": 13.77,
            "inventory_turnover_ratio": 0.16,
            "account_receivable_turnover_ratio": 1.95,
            "reinvestment_rate": 16.84,
            "research_to_sale_ratio": null,
            "price_fair": 4.81,
            "eps_avg_yearly": 1.6,
            "eps_latest_yearly": 0.08,
            "eps_growth_yearly": -106.99
        },
        "20091": {
            "year_quarter": 20091,
            "year": 2009,
            "quarter": 1,
            "eps": 0.02,
            "eps_growth_year": -77.78,
            "eps_4q": -0.05,
            "eps_4q_growth_year": -157.48,
            "roe": 0.16,
            "roe_4q": -0.39999999999999997,
            "gross_profit": 22130,
            "gross_margin": 37.79,
            "gross_margin_4q_avg": 39.95,
            "net_income": 1619,
            "revenue": 58563,
            "common_shares": 831543,
            "book_valuer_per_share": 11.82,
            "book_valuer_per_share_4q_avg": 11.85,
            "equity": 983254,
            "current_ratio": 425.04,
            "debt_ratio": 23.18,
            "inventory_turnover_ratio": 0.08,
            "account_receivable_turnover_ratio": 0.82,
            "reinvestment_rate": 18.16,
            "research_to_sale_ratio": null,
            "price_fair": 4.32,
            "eps_avg_yearly": 1.44,
            "eps_latest_yearly": 0.08,
            "eps_growth_yearly": -106.12
        },
        "20092": {
            "year_quarter": 20092,
            "year": 2009,
            "quarter": 2,
            "eps": 0.02,
            "eps_growth_year": 0,
            "eps_4q": -0.04,
            "eps_4q_growth_year": -126.18,
            "roe": 0.2,
            "roe_4q": -0.39,
            "gross_profit": 26727,
            "gross_margin": 41.25,
            "gross_margin_4q_avg": 39.4,
            "net_income": 1947,
            "revenue": 64788,
            "common_shares": 831543,
            "book_valuer_per_share": 11.85,
            "book_valuer_per_share_4q_avg": 11.84,
            "equity": 985202,
            "current_ratio": 1608.01,
            "debt_ratio": 6.39,
            "inventory_turnover_ratio": 0.06,
            "account_receivable_turnover_ratio": 0.96,
            "reinvestment_rate": 19.28,
            "research_to_sale_ratio": null,
            "price_fair": 3.24,
            "eps_avg_yearly": 1.08,
            "eps_latest_yearly": 0.08,
            "eps_growth_yearly": -111.55
        },
        "20093": {
            "year_quarter": 20093,
            "year": 2009,
            "quarter": 3,
            "eps": 0.02,
            "eps_growth_year": null,
            "eps_4q": -0.01,
            "eps_4q_growth_year": -103.31,
            "roe": 0.18,
            "roe_4q": -0.04999999999999993,
            "gross_profit": 25578,
            "gross_margin": 42.01,
            "gross_margin_4q_avg": 39.71,
            "net_income": 1802,
            "revenue": 60879,
            "common_shares": 831543,
            "book_valuer_per_share": 11.87,
            "book_valuer_per_share_4q_avg": 11.84,
            "equity": 987004,
            "current_ratio": 2685.07,
            "debt_ratio": 4,
            "inventory_turnover_ratio": 0.05,
            "account_receivable_turnover_ratio": 0.92,
            "reinvestment_rate": 23.31,
            "research_to_sale_ratio": null,
            "price_fair": 2.7,
            "eps_avg_yearly": 0.9,
            "eps_latest_yearly": 0.08,
            "eps_growth_yearly": -91.98
        },
        "20094": {
            "year_quarter": 20094,
            "year": 2009,
            "quarter": 4,
            "eps": -0.03,
            "eps_growth_year": null,
            "eps_4q": 0.03,
            "eps_4q_growth_year": 69.38,
            "roe": -0.26,
            "roe_4q": 0.28,
            "gross_profit": 23195,
            "gross_margin": 41.11,
            "gross_margin_4q_avg": 40.54,
            "net_income": -2551,
            "revenue": 56419,
            "common_shares": 831543,
            "book_valuer_per_share": 11.84,
            "book_valuer_per_share_4q_avg": 11.85,
            "equity": 984453,
            "current_ratio": 1506.36,
            "debt_ratio": 6.82,
            "inventory_turnover_ratio": 0.05,
            "account_receivable_turnover_ratio": 2,
            "reinvestment_rate": 28.76,
            "research_to_sale_ratio": null,
            "price_fair": 2.33,
            "eps_avg_yearly": 0.78,
            "eps_latest_yearly": 0.08,
            "eps_growth_yearly": -105.04
        },
        "20101": {
            "year_quarter": 20101,
            "year": 2010,
            "quarter": 1,
            "eps": -0.05,
            "eps_growth_year": -350,
            "eps_4q": -0.03,
            "eps_4q_growth_year": null,
            "roe": -0.41,
            "roe_4q": -0.2899999999999999,
            "gross_profit": 18820,
            "gross_margin": 36.28,
            "gross_margin_4q_avg": 40.16,
            "net_income": -4060,
            "revenue": 51878,
            "common_shares": 831543,
            "book_valuer_per_share": 11.79,
            "book_valuer_per_share_4q_avg": 11.84,
            "equity": 980393,
            "current_ratio": 1438.85,
            "debt_ratio": 7.14,
            "inventory_turnover_ratio": 0.05,
            "account_receivable_turnover_ratio": 0.93,
            "reinvestment_rate": 39.05,
            "research_to_sale_ratio": null,
            "price_fair": 2.13,
            "eps_avg_yearly": 0.71,
            "eps_latest_yearly": 0.08,
            "eps_growth_yearly": -101.17
        },
        "20102": {
            "year_quarter": 20102,
            "year": 2010,
            "quarter": 2,
            "eps": 0.01,
            "eps_growth_year": -64.52,
            "eps_4q": -0.05,
            "eps_4q_growth_year": null,
            "roe": 0.06,
            "roe_4q": -0.43,
            "gross_profit": 30050,
            "gross_margin": 24.83,
            "gross_margin_4q_avg": 36.06,
            "net_income": 590,
            "revenue": 121012,
            "common_shares": 831543,
            "book_valuer_per_share": 11.8,
            "book_valuer_per_share_4q_avg": 11.83,
            "equity": 980983,
            "current_ratio": 213.35,
            "debt_ratio": 46.32,
            "inventory_turnover_ratio": 0.08,
            "account_receivable_turnover_ratio": 2.26,
            "reinvestment_rate": 54.42,
            "research_to_sale_ratio": null,
            "price_fair": 1.75,
            "eps_avg_yearly": 0.58,
            "eps_latest_yearly": 0.08,
            "eps_growth_yearly": -127.74
        },
        "20103": {
            "year_quarter": 20103,
            "year": 2010,
            "quarter": 3,
            "eps": -0.03,
            "eps_growth_year": -234.81,
            "eps_4q": -0.1,
            "eps_4q_growth_year": null,
            "roe": -0.23,
            "roe_4q": -0.84,
            "gross_profit": 16417,
            "gross_margin": 27.08,
            "gross_margin_4q_avg": 32.33,
            "net_income": -2242,
            "revenue": 60626,
            "common_shares": 831543,
            "book_valuer_per_share": 11.77,
            "book_valuer_per_share_4q_avg": 11.8,
            "equity": 978741,
            "current_ratio": 205.02,
            "debt_ratio": 48.27,
            "inventory_turnover_ratio": 0.03,
            "account_receivable_turnover_ratio": 0.89,
            "reinvestment_rate": 137.28,
            "research_to_sale_ratio": null,
            "price_fair": 1.14,
            "eps_avg_yearly": 0.38,
            "eps_latest_yearly": 0.08,
            "eps_growth_yearly": -157.37
        },
        "20104": {
            "year_quarter": 20104,
            "year": 2010,
            "quarter": 4,
            "eps": 1.26,
            "eps_growth_year": null,
            "eps_4q": 1.19,
            "eps_4q_growth_year": 3408.25,
            "roe": 10.14,
            "roe_4q": 9.56,
            "gross_profit": 130088,
            "gross_margin": 43.69,
            "gross_margin_4q_avg": 32.97,
            "net_income": 104540,
            "revenue": 297749,
            "common_shares": 831543,
            "book_valuer_per_share": 13.03,
            "book_valuer_per_share_4q_avg": 12.1,
            "equity": 1083281,
            "current_ratio": 206.59,
            "debt_ratio": 47.72,
            "inventory_turnover_ratio": 0.1,
            "account_receivable_turnover_ratio": 4.93,
            "reinvestment_rate": 10.81,
            "research_to_sale_ratio": null,
            "price_fair": 0.43,
            "eps_avg_yearly": 0.14,
            "eps_latest_yearly": 0.08,
            "eps_growth_yearly": -178.17
        },
        "20111": {
            "year_quarter": 20111,
            "year": 2011,
            "quarter": 1,
            "eps": 0.83,
            "eps_growth_year": null,
            "eps_4q": 2.07,
            "eps_4q_growth_year": null,
            "roe": 6.17,
            "roe_4q": 16.14,
            "gross_profit": 90090,
            "gross_margin": 15.95,
            "gross_margin_4q_avg": 27.89,
            "net_income": 68976,
            "revenue": 564824,
            "common_shares": 831543,
            "book_valuer_per_share": 13.86,
            "book_valuer_per_share_4q_avg": 12.62,
            "equity": 1152257,
            "current_ratio": 285.1,
            "debt_ratio": 34.51,
            "inventory_turnover_ratio": 0.34,
            "account_receivable_turnover_ratio": 16.28,
            "reinvestment_rate": 6.91,
            "research_to_sale_ratio": null,
            "price_fair": 2.35,
            "eps_avg_yearly": 0.78,
            "eps_latest_yearly": 3.32,
            "eps_growth_yearly": -131.63
        },
        "20112": {
            "year_quarter": 20112,
            "year": 2011,
            "quarter": 2,
            "eps": 0.51,
            "eps_growth_year": 7128.05,
            "eps_4q": 2.57,
            "eps_4q_growth_year": null,
            "roe": 3.74,
            "roe_4q": 19.82,
            "gross_profit": 68863,
            "gross_margin": 19.28,
            "gross_margin_4q_avg": 26.5,
            "net_income": 42644,
            "revenue": 357181,
            "common_shares": 831543,
            "book_valuer_per_share": 13.57,
            "book_valuer_per_share_4q_avg": 13.06,
            "equity": 1128378,
            "current_ratio": 285.75,
            "debt_ratio": 34.46,
            "inventory_turnover_ratio": 0.25,
            "account_receivable_turnover_ratio": 13.35,
            "reinvestment_rate": 5.35,
            "research_to_sale_ratio": null,
            "price_fair": 2.98,
            "eps_avg_yearly": 0.99,
            "eps_latest_yearly": 2.04,
            "eps_growth_yearly": -135.39
        },
        "20113": {
            "year_quarter": 20113,
            "year": 2011,
            "quarter": 3,
            "eps": 0.04,
            "eps_growth_year": null,
            "eps_4q": 2.64,
            "eps_4q_growth_year": null,
            "roe": 0.33,
            "roe_4q": 20.380000000000003,
            "gross_profit": 16172,
            "gross_margin": 19.9,
            "gross_margin_4q_avg": 24.71,
            "net_income": 3681,
            "revenue": 81280,
            "common_shares": 831543,
            "book_valuer_per_share": 13.61,
            "book_valuer_per_share_4q_avg": 13.52,
            "equity": 1132059,
            "current_ratio": 283.16,
            "debt_ratio": 34.98,
            "inventory_turnover_ratio": 0.06,
            "account_receivable_turnover_ratio": 3.58,
            "reinvestment_rate": 5.35,
            "research_to_sale_ratio": null,
            "price_fair": 2.62,
            "eps_avg_yearly": 0.87,
            "eps_latest_yearly": 0.16,
            "eps_growth_yearly": -168.71
        },
        "20114": {
            "year_quarter": 20114,
            "year": 2011,
            "quarter": 4,
            "eps": 0.11,
            "eps_growth_year": -91.06,
            "eps_4q": 1.5,
            "eps_4q_growth_year": 26.12,
            "roe": 0.82,
            "roe_4q": 11.06,
            "gross_profit": 13929,
            "gross_margin": 22.12,
            "gross_margin_4q_avg": 19.31,
            "net_income": 9345,
            "revenue": 62975,
            "common_shares": 831543,
            "book_valuer_per_share": 13.73,
            "book_valuer_per_share_4q_avg": 13.69,
            "equity": 1141404,
            "current_ratio": 199.15,
            "debt_ratio": 37.35,
            "inventory_turnover_ratio": 0.04,
            "account_receivable_turnover_ratio": 4.74,
            "reinvestment_rate": 5.32,
            "research_to_sale_ratio": null,
            "price_fair": 2.46,
            "eps_avg_yearly": 0.82,
            "eps_latest_yearly": 0.44,
            "eps_growth_yearly": -60.12
        },
        "20121": {
            "year_quarter": 20121,
            "year": 2012,
            "quarter": 1,
            "eps": 0.27,
            "eps_growth_year": -67.47,
            "eps_4q": 0.87,
            "eps_4q_growth_year": -58.09,
            "roe": 1.87,
            "roe_4q": 6.76,
            "gross_profit": 36153,
            "gross_margin": 44.41,
            "gross_margin_4q_avg": 26.43,
            "net_income": 22151,
            "revenue": 81399,
            "common_shares": 831543,
            "book_valuer_per_share": 0,
            "book_valuer_per_share_4q_avg": 10.23,
            "equity": 1231799,
            "current_ratio": 226.56,
            "debt_ratio": 32.94,
            "inventory_turnover_ratio": 0.04,
            "account_receivable_turnover_ratio": 46.21,
            "reinvestment_rate": 5.41,
            "research_to_sale_ratio": null,
            "price_fair": 31.85,
            "eps_avg_yearly": 0.91,
            "eps_latest_yearly": 1.08,
            "eps_growth_yearly": 38.92
        },
        "20122": {
            "year_quarter": 20122,
            "year": 2012,
            "quarter": 2,
            "eps": -0.04,
            "eps_growth_year": -108.5,
            "eps_4q": 0.24,
            "eps_4q_growth_year": -90.59,
            "roe": -0.38,
            "roe_4q": 2.64,
            "gross_profit": 9000,
            "gross_margin": 26.69,
            "gross_margin_4q_avg": 28.28,
            "net_income": -5366,
            "revenue": 33721,
            "common_shares": 1231543,
            "book_valuer_per_share": 0,
            "book_valuer_per_share_4q_avg": 6.84,
            "equity": 1612986,
            "current_ratio": 516.97,
            "debt_ratio": 14.64,
            "inventory_turnover_ratio": 0.02,
            "account_receivable_turnover_ratio": 61.65,
            "reinvestment_rate": -0.86,
            "research_to_sale_ratio": null,
            "price_fair": 36,
            "eps_avg_yearly": 1.03,
            "eps_latest_yearly": 1.08,
            "eps_growth_yearly": 88.92
        },
        "20123": {
            "year_quarter": 20123,
            "year": 2012,
            "quarter": 3,
            "eps": 0.11,
            "eps_growth_year": 156.38,
            "eps_4q": 0.33,
            "eps_4q_growth_year": -87.68,
            "roe": 0.86,
            "roe_4q": 3.17,
            "gross_profit": 25022,
            "gross_margin": 18.65,
            "gross_margin_4q_avg": 27.97,
            "net_income": 13977,
            "revenue": 134175,
            "common_shares": 1231543,
            "book_valuer_per_share": 0,
            "book_valuer_per_share_4q_avg": 3.43,
            "equity": 1626963,
            "current_ratio": 347.15,
            "debt_ratio": 22.39,
            "inventory_turnover_ratio": 0.09,
            "account_receivable_turnover_ratio": 10734,
            "reinvestment_rate": 3.13,
            "research_to_sale_ratio": null,
            "price_fair": 36,
            "eps_avg_yearly": 1.03,
            "eps_latest_yearly": 1.08,
            "eps_growth_yearly": 88.92
        },
        "20124": {
            "year_quarter": 20124,
            "year": 2012,
            "quarter": 4,
            "eps": 0.18,
            "eps_growth_year": 62.99,
            "eps_4q": 0.43,
            "eps_4q_growth_year": -71.12,
            "roe": 1.38,
            "roe_4q": 3.73,
            "gross_profit": 34553,
            "gross_margin": 15.92,
            "gross_margin_4q_avg": 26.42,
            "net_income": 22558,
            "revenue": 217009,
            "common_shares": 1231543,
            "book_valuer_per_share": 13.39,
            "book_valuer_per_share_4q_avg": 3.35,
            "equity": 1649521,
            "current_ratio": 342.2,
            "debt_ratio": 22.88,
            "inventory_turnover_ratio": 0.15,
            "account_receivable_turnover_ratio": 11.16,
            "reinvestment_rate": 2.87,
            "research_to_sale_ratio": null,
            "price_fair": 34.65,
            "eps_avg_yearly": 0.99,
            "eps_latest_yearly": 0.72,
            "eps_growth_yearly": 109.63
        },
        "20131": {
            "year_quarter": 20131,
            "year": 2013,
            "quarter": 1,
            "eps": 2.67,
            "eps_growth_year": 888.89,
            "eps_4q": 2.19,
            "eps_4q_growth_year": 152.65,
            "roe": 34.09,
            "roe_4q": 35.95,
            "gross_profit": 803696,
            "gross_margin": 35.76,
            "gross_margin_4q_avg": 24.26,
            "net_income": 636848,
            "revenue": 2247756,
            "common_shares": 3023143,
            "book_valuer_per_share": 6.57,
            "book_valuer_per_share_4q_avg": 4.99,
            "equity": 2086404,
            "current_ratio": 135.45,
            "debt_ratio": 71.81,
            "inventory_turnover_ratio": 0.46,
            "account_receivable_turnover_ratio": 13.81,
            "reinvestment_rate": 19.05,
            "research_to_sale_ratio": null,
            "price_fair": 72.33,
            "eps_avg_yearly": 2.07,
            "eps_latest_yearly": 10.68,
            "eps_growth_yearly": 712.26
        },
        "20132": {
            "year_quarter": 20132,
            "year": 2013,
            "quarter": 2,
            "eps": 0.85,
            "eps_growth_year": null,
            "eps_4q": 3.06,
            "eps_4q_growth_year": 1162.65,
            "roe": 11.14,
            "roe_4q": 47.470000000000006,
            "gross_profit": 393071,
            "gross_margin": 32.49,
            "gross_margin_4q_avg": 25.71,
            "net_income": 245746,
            "revenue": 1209793,
            "common_shares": 3023143,
            "book_valuer_per_share": 7.42,
            "book_valuer_per_share_4q_avg": 6.85,
            "equity": 2325483,
            "current_ratio": 143.99,
            "debt_ratio": 67.46,
            "inventory_turnover_ratio": 0.17,
            "account_receivable_turnover_ratio": 4.13,
            "reinvestment_rate": 14.95,
            "research_to_sale_ratio": 0.13,
            "price_fair": 85.24,
            "eps_avg_yearly": 2.44,
            "eps_latest_yearly": 3.4,
            "eps_growth_yearly": 681.97
        },
        "20133": {
            "year_quarter": 20133,
            "year": 2013,
            "quarter": 3,
            "eps": 1.26,
            "eps_growth_year": 1010.21,
            "eps_4q": 4.27,
            "eps_4q_growth_year": 1212.42,
            "roe": 15.24,
            "roe_4q": 61.85000000000001,
            "gross_profit": 558341,
            "gross_margin": 38.85,
            "gross_margin_4q_avg": 30.76,
            "net_income": 383527,
            "revenue": 1437211,
            "common_shares": 3023143,
            "book_valuer_per_share": 8.69,
            "book_valuer_per_share_4q_avg": 9.02,
            "equity": 2709010,
            "current_ratio": 154.07,
            "debt_ratio": 61.22,
            "inventory_turnover_ratio": 0.2,
            "account_receivable_turnover_ratio": 6.57,
            "reinvestment_rate": 11.2,
            "research_to_sale_ratio": 0.15,
            "price_fair": 104.53,
            "eps_avg_yearly": 2.99,
            "eps_latest_yearly": 5.04,
            "eps_growth_yearly": 703.4
        },
        "20134": {
            "year_quarter": 20134,
            "year": 2013,
            "quarter": 4,
            "eps": 1.52,
            "eps_growth_year": 732.55,
            "eps_4q": 5.13,
            "eps_4q_growth_year": 1084.53,
            "roe": 15.24,
            "roe_4q": 75.71000000000001,
            "gross_profit": 705127,
            "gross_margin": 41.19,
            "gross_margin_4q_avg": 37.07,
            "net_income": 549952,
            "revenue": 1712017,
            "common_shares": 3523143,
            "book_valuer_per_share": 12.56,
            "book_valuer_per_share_4q_avg": 8.81,
            "equity": 4510093,
            "current_ratio": 183.18,
            "debt_ratio": 48.5,
            "inventory_turnover_ratio": 0.23,
            "account_receivable_turnover_ratio": 8.11,
            "reinvestment_rate": 38.64,
            "research_to_sale_ratio": 0.11,
            "price_fair": 115.36,
            "eps_avg_yearly": 3.3,
            "eps_latest_yearly": 6.08,
            "eps_growth_yearly": 641.32
        },
        "20141": {
            "year_quarter": 20141,
            "year": 2014,
            "quarter": 1,
            "eps": 4.89,
            "eps_growth_year": 83.15,
            "eps_4q": 8.23,
            "eps_4q_growth_year": 276.02,
            "roe": 32.28,
            "roe_4q": 73.9,
            "gross_profit": 2030175,
            "gross_margin": 50.37,
            "gross_margin_4q_avg": 40.73,
            "net_income": 1734230,
            "revenue": 4030160,
            "common_shares": 3523143,
            "book_valuer_per_share": 17.42,
            "book_valuer_per_share_4q_avg": 11.52,
            "equity": 6234329,
            "current_ratio": 449.01,
            "debt_ratio": 17.16,
            "inventory_turnover_ratio": 0.58,
            "account_receivable_turnover_ratio": 18.21,
            "reinvestment_rate": 20.58,
            "research_to_sale_ratio": 0.03,
            "price_fair": 167.11,
            "eps_avg_yearly": 4.77,
            "eps_latest_yearly": 19.56,
            "eps_growth_yearly": 663.64
        },
        "20142": {
            "year_quarter": 20142,
            "year": 2014,
            "quarter": 2,
            "eps": 0.15,
            "eps_growth_year": -82.35,
            "eps_4q": 7.65,
            "eps_4q_growth_year": 150.37,
            "roe": 0.69,
            "roe_4q": 63.45,
            "gross_profit": 148801,
            "gross_margin": 34.24,
            "gross_margin_4q_avg": 41.16,
            "net_income": 46524,
            "revenue": 434637,
            "common_shares": 3523143,
            "book_valuer_per_share": 17.56,
            "book_valuer_per_share_4q_avg": 14.06,
            "equity": 7249366,
            "current_ratio": 309.57,
            "debt_ratio": 26.24,
            "inventory_turnover_ratio": 0.07,
            "account_receivable_turnover_ratio": 2.76,
            "reinvestment_rate": 20.15,
            "research_to_sale_ratio": null,
            "price_fair": 154.93,
            "eps_avg_yearly": 4.43,
            "eps_latest_yearly": 0.6,
            "eps_growth_yearly": 576.02
        },
        "20143": {
            "year_quarter": 20143,
            "year": 2014,
            "quarter": 3,
            "eps": 0.11,
            "eps_growth_year": -91.27,
            "eps_4q": 6.46,
            "eps_4q_growth_year": 51.04,
            "roe": -0.56,
            "roe_4q": 47.650000000000006,
            "gross_profit": 23241,
            "gross_margin": 8.55,
            "gross_margin_4q_avg": 33.59,
            "net_income": -40460,
            "revenue": 271912,
            "common_shares": 3523143,
            "book_valuer_per_share": 17.54,
            "book_valuer_per_share_4q_avg": 16.27,
            "equity": 7257005,
            "current_ratio": 306.38,
            "debt_ratio": 26.48,
            "inventory_turnover_ratio": 0.04,
            "account_receivable_turnover_ratio": 1.64,
            "reinvestment_rate": 20.85,
            "research_to_sale_ratio": 0.8,
            "price_fair": 144.2,
            "eps_avg_yearly": 4.12,
            "eps_latest_yearly": 0.44,
            "eps_growth_yearly": 523.51
        },
        "20144": {
            "year_quarter": 20144,
            "year": 2014,
            "quarter": 4,
            "eps": -0.91,
            "eps_growth_year": -159.53,
            "eps_4q": 4.02,
            "eps_4q_growth_year": -21.56,
            "roe": -4.31,
            "roe_4q": 28.1,
            "gross_profit": 65322,
            "gross_margin": 15.16,
            "gross_margin_4q_avg": 27.08,
            "net_income": -307571,
            "revenue": 430968,
            "common_shares": 3523143,
            "book_valuer_per_share": 16.74,
            "book_valuer_per_share_4q_avg": 17.32,
            "equity": 7012374,
            "current_ratio": 258.96,
            "debt_ratio": 31.37,
            "inventory_turnover_ratio": 0.06,
            "account_receivable_turnover_ratio": 2.53,
            "reinvestment_rate": 23.85,
            "research_to_sale_ratio": 0.37,
            "price_fair": 144.2,
            "eps_avg_yearly": 4.12,
            "eps_latest_yearly": 0.44,
            "eps_growth_yearly": 523.51
        },
        "20151": {
            "year_quarter": 20151,
            "year": 2015,
            "quarter": 1,
            "eps": -0.12,
            "eps_growth_year": -102.45,
            "eps_4q": -0.99,
            "eps_4q_growth_year": -112.02,
            "roe": -0.7,
            "roe_4q": -4.880000000000001,
            "gross_profit": 12080,
            "gross_margin": 8.03,
            "gross_margin_4q_avg": 16.5,
            "net_income": -48846,
            "revenue": 150412,
            "common_shares": 3523143,
            "book_valuer_per_share": 16.59,
            "book_valuer_per_share_4q_avg": 17.11,
            "equity": 6946631,
            "current_ratio": 251.58,
            "debt_ratio": 32.34,
            "inventory_turnover_ratio": 0.02,
            "account_receivable_turnover_ratio": 0.87,
            "reinvestment_rate": 24.38,
            "research_to_sale_ratio": 0.69,
            "price_fair": 146.53,
            "eps_avg_yearly": 4.19,
            "eps_latest_yearly": 0.44,
            "eps_growth_yearly": 578.51
        },
        "20152": {
            "year_quarter": 20152,
            "year": 2015,
            "quarter": 2,
            "eps": -0.18,
            "eps_growth_year": -220,
            "eps_4q": -1.32,
            "eps_4q_growth_year": -117.23,
            "roe": -0.98,
            "roe_4q": -6.549999999999999,
            "gross_profit": 22999,
            "gross_margin": 6.85,
            "gross_margin_4q_avg": 9.65,
            "net_income": -65987,
            "revenue": 335986,
            "common_shares": 3523143,
            "book_valuer_per_share": 15.37,
            "book_valuer_per_share_4q_avg": 16.56,
            "equity": 6477470,
            "current_ratio": 210.78,
            "debt_ratio": 38.73,
            "inventory_turnover_ratio": 0.05,
            "account_receivable_turnover_ratio": 1.25,
            "reinvestment_rate": 24.9,
            "research_to_sale_ratio": 0.41,
            "price_fair": 153.36,
            "eps_avg_yearly": 4.38,
            "eps_latest_yearly": 0.44,
            "eps_growth_yearly": 645.12
        },
        "20153": {
            "year_quarter": 20153,
            "year": 2015,
            "quarter": 3,
            "eps": -1.03,
            "eps_growth_year": -1036.36,
            "eps_4q": -2.23,
            "eps_4q_growth_year": -134.62,
            "roe": -10.54,
            "roe_4q": -16.529999999999998,
            "gross_profit": -571334,
            "gross_margin": -89.52,
            "gross_margin_4q_avg": -14.87,
            "net_income": -653613,
            "revenue": 638196,
            "common_shares": 3523143,
            "book_valuer_per_share": 14.5,
            "book_valuer_per_share_4q_avg": 15.8,
            "equity": 5920324,
            "current_ratio": 194.87,
            "debt_ratio": 41.66,
            "inventory_turnover_ratio": 0.18,
            "account_receivable_turnover_ratio": 2.09,
            "reinvestment_rate": 27.18,
            "research_to_sale_ratio": 0.29,
            "price_fair": 168.14,
            "eps_avg_yearly": 4.8,
            "eps_latest_yearly": 0.44,
            "eps_growth_yearly": 746.5
        },
        "20154": {
            "year_quarter": 20154,
            "year": 2015,
            "quarter": 4,
            "eps": 0.02,
            "eps_growth_year": null,
            "eps_4q": -1.31,
            "eps_4q_growth_year": -132.6,
            "roe": 1.11,
            "roe_4q": -11.11,
            "gross_profit": 217924,
            "gross_margin": 28.68,
            "gross_margin_4q_avg": -11.49,
            "net_income": 65723,
            "revenue": 759793,
            "common_shares": 3523143,
            "book_valuer_per_share": 14.37,
            "book_valuer_per_share_4q_avg": 15.21,
            "equity": 5900961,
            "current_ratio": 195.8,
            "debt_ratio": 43.09,
            "inventory_turnover_ratio": 0.09,
            "account_receivable_turnover_ratio": 3.19,
            "reinvestment_rate": 31.03,
            "research_to_sale_ratio": 0.19,
            "price_fair": 185.11,
            "eps_avg_yearly": 5.29,
            "eps_latest_yearly": 0.44,
            "eps_growth_yearly": 751.66
        },
        "20161": {
            "year_quarter": 20161,
            "year": 2016,
            "quarter": 1,
            "eps": -0.02,
            "eps_growth_year": null,
            "eps_4q": -1.21,
            "eps_4q_growth_year": null,
            "roe": -0.32,
            "roe_4q": -10.73,
            "gross_profit": 57915,
            "gross_margin": 14.79,
            "gross_margin_4q_avg": -9.8,
            "net_income": -18876,
            "revenue": 391503,
            "common_shares": 3523143,
            "book_valuer_per_share": 14.34,
            "book_valuer_per_share_4q_avg": 14.65,
            "equity": 5874727,
            "current_ratio": 195.54,
            "debt_ratio": 43.2,
            "inventory_turnover_ratio": 0.05,
            "account_receivable_turnover_ratio": 1.27,
            "reinvestment_rate": 31.01,
            "research_to_sale_ratio": 0.26,
            "price_fair": 203.53,
            "eps_avg_yearly": 5.82,
            "eps_latest_yearly": 0.44,
            "eps_growth_yearly": 772.89
        },
        "20162": {
            "year_quarter": 20162,
            "year": 2016,
            "quarter": 2,
            "eps": -0.08,
            "eps_growth_year": null,
            "eps_4q": -1.11,
            "eps_4q_growth_year": null,
            "roe": -1.11,
            "roe_4q": -10.86,
            "gross_profit": 15226,
            "gross_margin": 4.14,
            "gross_margin_4q_avg": -10.48,
            "net_income": -64423,
            "revenue": 367730,
            "common_shares": 3523143,
            "book_valuer_per_share": 14.18,
            "book_valuer_per_share_4q_avg": 14.35,
            "equity": 5741976,
            "current_ratio": 192.4,
            "debt_ratio": 44.24,
            "inventory_turnover_ratio": 0.06,
            "account_receivable_turnover_ratio": 1.02,
            "reinvestment_rate": 30.66,
            "research_to_sale_ratio": 0.29,
            "price_fair": 203.53,
            "eps_avg_yearly": 5.82,
            "eps_latest_yearly": 0.44,
            "eps_growth_yearly": 772.89
        },
        "20163": {
            "year_quarter": 20163,
            "year": 2016,
            "quarter": 3,
            "eps": -0.13,
            "eps_growth_year": null,
            "eps_4q": -0.21,
            "eps_4q_growth_year": null,
            "roe": -1.21,
            "roe_4q": -1.53,
            "gross_profit": 9364,
            "gross_margin": 3.33,
            "gross_margin_4q_avg": 12.74,
            "net_income": -68733,
            "revenue": 280844,
            "common_shares": 3523143,
            "book_valuer_per_share": 13.97,
            "book_valuer_per_share_4q_avg": 14.22,
            "equity": 5625243,
            "current_ratio": 255.14,
            "debt_ratio": 39.11,
            "inventory_turnover_ratio": 0.04,
            "account_receivable_turnover_ratio": 0.95,
            "reinvestment_rate": 30.09,
            "research_to_sale_ratio": 0.37,
            "price_fair": 203.53,
            "eps_avg_yearly": 5.82,
            "eps_latest_yearly": 0.44,
            "eps_growth_yearly": 772.89
        },
        "20164": {
            "year_quarter": 20164,
            "year": 2016,
            "quarter": 4,
            "eps": 0.35,
            "eps_growth_year": 2118.37,
            "eps_4q": 0.12,
            "eps_4q_growth_year": null,
            "roe": 1.81,
            "roe_4q": -0.8300000000000001,
            "gross_profit": 148092,
            "gross_margin": 33.54,
            "gross_margin_4q_avg": 13.95,
            "net_income": 102221,
            "revenue": 441526,
            "common_shares": 3523143,
            "book_valuer_per_share": 14.26,
            "book_valuer_per_share_4q_avg": 14.19,
            "equity": 5696538,
            "current_ratio": 249.41,
            "debt_ratio": 39.26,
            "inventory_turnover_ratio": 0.05,
            "account_receivable_turnover_ratio": 1.58,
            "reinvestment_rate": 29.46,
            "research_to_sale_ratio": null,
            "price_fair": 229,
            "eps_avg_yearly": 6.54,
            "eps_latest_yearly": 0.44,
            "eps_growth_yearly": 846.94
        },
        "20171": {
            "year_quarter": 20171,
            "year": 2017,
            "quarter": 1,
            "eps": -0.02,
            "eps_growth_year": null,
            "eps_4q": 0.12,
            "eps_4q_growth_year": null,
            "roe": -0.73,
            "roe_4q": -1.24,
            "gross_profit": 14946,
            "gross_margin": 4.14,
            "gross_margin_4q_avg": 11.29,
            "net_income": -41145,
            "revenue": 361122,
            "common_shares": 3523143,
            "book_valuer_per_share": 14.25,
            "book_valuer_per_share_4q_avg": 14.17,
            "equity": 5633158,
            "current_ratio": 241.38,
            "debt_ratio": 38.72,
            "inventory_turnover_ratio": 0.06,
            "account_receivable_turnover_ratio": 1.13,
            "reinvestment_rate": 32.87,
            "research_to_sale_ratio": 0.05,
            "price_fair": 204.87,
            "eps_avg_yearly": 5.85,
            "eps_latest_yearly": 0.44,
            "eps_growth_yearly": 65.88
        },
        "20172": {
            "year_quarter": 20172,
            "year": 2017,
            "quarter": 2,
            "eps": -0.04,
            "eps_growth_year": null,
            "eps_4q": 0.16,
            "eps_4q_growth_year": null,
            "roe": -0.66,
            "roe_4q": -0.79,
            "gross_profit": 15217,
            "gross_margin": 4.38,
            "gross_margin_4q_avg": 11.35,
            "net_income": -36981,
            "revenue": 347033,
            "common_shares": 3523143,
            "book_valuer_per_share": 14.24,
            "book_valuer_per_share_4q_avg": 14.18,
            "equity": 5597734,
            "current_ratio": 278.72,
            "debt_ratio": 40.16,
            "inventory_turnover_ratio": 0.06,
            "account_receivable_turnover_ratio": 1.46,
            "reinvestment_rate": 37.58,
            "research_to_sale_ratio": 0.06,
            "price_fair": 222.04,
            "eps_avg_yearly": 6.34,
            "eps_latest_yearly": 0.44,
            "eps_growth_yearly": 133.59
        },
        "20173": {
            "year_quarter": 20173,
            "year": 2017,
            "quarter": 3,
            "eps": -0.1,
            "eps_growth_year": null,
            "eps_4q": 0.19,
            "eps_4q_growth_year": null,
            "roe": -0.79,
            "roe_4q": -0.3700000000000001,
            "gross_profit": 5789,
            "gross_margin": 1.88,
            "gross_margin_4q_avg": 10.99,
            "net_income": -44118,
            "revenue": 307375,
            "common_shares": 3523143,
            "book_valuer_per_share": 14.16,
            "book_valuer_per_share_4q_avg": 14.23,
            "equity": 5565061,
            "current_ratio": 282.65,
            "debt_ratio": 39.98,
            "inventory_turnover_ratio": 0.05,
            "account_receivable_turnover_ratio": 2.32,
            "reinvestment_rate": 9.54,
            "research_to_sale_ratio": 0.23,
            "price_fair": 233.45,
            "eps_avg_yearly": 6.67,
            "eps_latest_yearly": 0.44,
            "eps_growth_yearly": 118.75
        },
        "20174": {
            "year_quarter": 20174,
            "year": 2017,
            "quarter": 4,
            "eps": 0.23,
            "eps_growth_year": -34.62,
            "eps_4q": 0.08,
            "eps_4q_growth_year": -35.45,
            "roe": 1.38,
            "roe_4q": -0.8000000000000002,
            "gross_profit": 96090,
            "gross_margin": 21.55,
            "gross_margin_4q_avg": 7.99,
            "net_income": 77379,
            "revenue": 445844,
            "common_shares": 3523143,
            "book_valuer_per_share": 14.4,
            "book_valuer_per_share_4q_avg": 14.26,
            "equity": 5652021,
            "current_ratio": 242.59,
            "debt_ratio": 41.96,
            "inventory_turnover_ratio": 0.06,
            "account_receivable_turnover_ratio": 2.17,
            "reinvestment_rate": -48,
            "research_to_sale_ratio": 0.15,
            "price_fair": 240.33,
            "eps_avg_yearly": 6.87,
            "eps_latest_yearly": 0.44,
            "eps_growth_yearly": 130.82
        },
        "20181": {
            "year_quarter": 20181,
            "year": 2018,
            "quarter": 1,
            "eps": 0.07,
            "eps_growth_year": null,
            "eps_4q": 0.17,
            "eps_4q_growth_year": 42.82,
            "roe": 0.39,
            "roe_4q": 0.31999999999999995,
            "gross_profit": 86924,
            "gross_margin": 16.93,
            "gross_margin_4q_avg": 11.19,
            "net_income": 21949,
            "revenue": 513356,
            "common_shares": 3523143,
            "book_valuer_per_share": 14.46,
            "book_valuer_per_share_4q_avg": 14.32,
            "equity": 5678305,
            "current_ratio": 235.45,
            "debt_ratio": 42.79,
            "inventory_turnover_ratio": 0.07,
            "account_receivable_turnover_ratio": 2.27,
            "reinvestment_rate": null,
            "research_to_sale_ratio": 0.03,
            "price_fair": 1.32,
            "eps_avg_yearly": 0.44,
            "eps_latest_yearly": 0.28,
            "eps_growth_yearly": -257.55
        },
        "20182": {
            "year_quarter": 20182,
            "year": 2018,
            "quarter": 2,
            "eps": 0.4,
            "eps_growth_year": null,
            "eps_4q": 0.6,
            "eps_4q_growth_year": 275.15,
            "roe": 2.09,
            "roe_4q": 3.07,
            "gross_profit": 222869,
            "gross_margin": 23.87,
            "gross_margin_4q_avg": 16.06,
            "net_income": 119498,
            "revenue": 933737,
            "common_shares": 3523143,
            "book_valuer_per_share": 14.85,
            "book_valuer_per_share_4q_avg": 14.47,
            "equity": 5773887,
            "current_ratio": 197.85,
            "debt_ratio": 49.32,
            "inventory_turnover_ratio": 0.1,
            "account_receivable_turnover_ratio": 5.29,
            "reinvestment_rate": null,
            "research_to_sale_ratio": 0.04,
            "price_fair": 27.07,
            "eps_avg_yearly": 0.77,
            "eps_latest_yearly": 1.6,
            "eps_growth_yearly": 500.26
        },
        "20183": {
            "year_quarter": 20183,
            "year": 2018,
            "quarter": 3,
            "eps": 0.02,
            "eps_growth_year": null,
            "eps_4q": 0.72,
            "eps_4q_growth_year": 268.75,
            "roe": 0.16,
            "roe_4q": 4.02,
            "gross_profit": 107884,
            "gross_margin": 17.55,
            "gross_margin_4q_avg": 19.98,
            "net_income": 8958,
            "revenue": 614871,
            "common_shares": 3523143,
            "book_valuer_per_share": 14.83,
            "book_valuer_per_share_4q_avg": 14.64,
            "equity": 5749767,
            "current_ratio": 209.37,
            "debt_ratio": 47.12,
            "inventory_turnover_ratio": 0.06,
            "account_receivable_turnover_ratio": 2.83,
            "reinvestment_rate": null,
            "research_to_sale_ratio": 0.12,
            "price_fair": 22.87,
            "eps_avg_yearly": 0.65,
            "eps_latest_yearly": 0.08,
            "eps_growth_yearly": 409.15
        },
        "20184": {
            "year_quarter": 20184,
            "year": 2018,
            "quarter": 4,
            "eps": -0.19,
            "eps_growth_year": -184.27,
            "eps_4q": 0.3,
            "eps_4q_growth_year": 301.88,
            "roe": -1.54,
            "roe_4q": 1.0999999999999996,
            "gross_profit": 21593,
            "gross_margin": 3.26,
            "gross_margin_4q_avg": 15.4,
            "net_income": -88187,
            "revenue": 663313,
            "common_shares": 3523143,
            "book_valuer_per_share": 14.65,
            "book_valuer_per_share_4q_avg": 14.7,
            "equity": 5670271,
            "current_ratio": 217.95,
            "debt_ratio": 45.53,
            "inventory_turnover_ratio": 0.08,
            "account_receivable_turnover_ratio": 2.88,
            "reinvestment_rate": null,
            "research_to_sale_ratio": 0.09,
            "price_fair": 22.87,
            "eps_avg_yearly": 0.65,
            "eps_latest_yearly": 0.08,
            "eps_growth_yearly": 409.15
        },
        "20191": {
            "year_quarter": 20191,
            "year": 2019,
            "quarter": 1,
            "eps": -0.09,
            "eps_growth_year": -228.57,
            "eps_4q": 0.14,
            "eps_4q_growth_year": -14.9,
            "roe": -0.46,
            "roe_4q": 0.24999999999999978,
            "gross_profit": 20156,
            "gross_margin": 10.58,
            "gross_margin_4q_avg": 13.82,
            "net_income": -26341,
            "revenue": 190488,
            "common_shares": 3523143,
            "book_valuer_per_share": 14.58,
            "book_valuer_per_share_4q_avg": 14.73,
            "equity": 5662367,
            "current_ratio": 215.24,
            "debt_ratio": 46.4,
            "inventory_turnover_ratio": 0.02,
            "account_receivable_turnover_ratio": 1.12,
            "reinvestment_rate": null,
            "research_to_sale_ratio": 0.09,
            "price_fair": 22.87,
            "eps_avg_yearly": 0.65,
            "eps_latest_yearly": 0.08,
            "eps_growth_yearly": 409.15
        },
        "20192": {
            "year_quarter": 20192,
            "year": 2019,
            "quarter": 2,
            "eps": 0.25,
            "eps_growth_year": -37.5,
            "eps_4q": -0.01,
            "eps_4q_growth_year": -101.42,
            "roe": 1.69,
            "roe_4q": -0.15000000000000005,
            "gross_profit": 165309,
            "gross_margin": 30.51,
            "gross_margin_4q_avg": 15.48,
            "net_income": 94986,
            "revenue": 541864,
            "common_shares": 3523143,
            "book_valuer_per_share": 14.32,
            "book_valuer_per_share_4q_avg": 14.6,
            "equity": 5553892,
            "current_ratio": 206.76,
            "debt_ratio": 47.86,
            "inventory_turnover_ratio": 0.05,
            "account_receivable_turnover_ratio": 4.47,
            "reinvestment_rate": null,
            "research_to_sale_ratio": 0.06,
            "price_fair": 22.87,
            "eps_avg_yearly": 0.65,
            "eps_latest_yearly": 0.08,
            "eps_growth_yearly": 409.15
        },
        "20193": {
            "year_quarter": 20193,
            "year": 2019,
            "quarter": 3,
            "eps": 0.46,
            "eps_growth_year": 2200,
            "eps_4q": 0.43,
            "eps_4q_growth_year": -40.19,
            "roe": 3.06,
            "roe_4q": 2.75,
            "gross_profit": 240975,
            "gross_margin": 30.45,
            "gross_margin_4q_avg": 18.7,
            "net_income": 171691,
            "revenue": 791430,
            "common_shares": 3523143,
            "book_valuer_per_share": 14.72,
            "book_valuer_per_share_4q_avg": 14.57,
            "equity": 5682608,
            "current_ratio": 205.71,
            "debt_ratio": 46.46,
            "inventory_turnover_ratio": 0.07,
            "account_receivable_turnover_ratio": 6.47,
            "reinvestment_rate": -151.52,
            "research_to_sale_ratio": 0.08,
            "price_fair": 33.25,
            "eps_avg_yearly": 0.95,
            "eps_latest_yearly": 1.84,
            "eps_growth_yearly": 390.86
        },
        "20194": {
            "year_quarter": 20194,
            "year": 2019,
            "quarter": 4,
            "eps": -0.02,
            "eps_growth_year": null,
            "eps_4q": 0.6,
            "eps_4q_growth_year": 97.25,
            "roe": -0.04,
            "roe_4q": 4.25,
            "gross_profit": 99091,
            "gross_margin": 22.25,
            "gross_margin_4q_avg": 23.45,
            "net_income": -2178,
            "revenue": 445299,
            "common_shares": 3523143,
            "book_valuer_per_share": 14.69,
            "book_valuer_per_share_4q_avg": 14.58,
            "equity": 5673463,
            "current_ratio": 193.76,
            "debt_ratio": 48.95,
            "inventory_turnover_ratio": 0.04,
            "account_receivable_turnover_ratio": 3.65,
            "reinvestment_rate": -185.11,
            "research_to_sale_ratio": 0.16,
            "price_fair": 33.25,
            "eps_avg_yearly": 0.95,
            "eps_latest_yearly": 1.84,
            "eps_growth_yearly": 390.86
        },
        "20201": {
            "year_quarter": 20201,
            "year": 2020,
            "quarter": 1,
            "eps": -0.1,
            "eps_growth_year": null,
            "eps_4q": 0.58,
            "eps_4q_growth_year": 301.18,
            "roe": -0.66,
            "roe_4q": 4.05,
            "gross_profit": 28374,
            "gross_margin": 8.43,
            "gross_margin_4q_avg": 22.91,
            "net_income": -37283,
            "revenue": 336468,
            "common_shares": 3523143,
            "book_valuer_per_share": 14.58,
            "book_valuer_per_share_4q_avg": 14.58,
            "equity": 5628944,
            "current_ratio": 190.25,
            "debt_ratio": 49.84,
            "inventory_turnover_ratio": 0.04,
            "account_receivable_turnover_ratio": 3.09,
            "reinvestment_rate": -197.14,
            "research_to_sale_ratio": 0.07,
            "price_fair": 33.25,
            "eps_avg_yearly": 0.95,
            "eps_latest_yearly": 1.84,
            "eps_growth_yearly": 390.86
        },
        "20202": {
            "year_quarter": 20202,
            "year": 2020,
            "quarter": 2,
            "eps": 0.17,
            "eps_growth_year": -32,
            "eps_4q": 0.5,
            "eps_4q_growth_year": null,
            "roe": 1.22,
            "roe_4q": 3.58,
            "gross_profit": 131042,
            "gross_margin": 21.69,
            "gross_margin_4q_avg": 20.71,
            "net_income": 67617,
            "revenue": 604110,
            "common_shares": 3523143,
            "book_valuer_per_share": 14.23,
            "book_valuer_per_share_4q_avg": 14.56,
            "equity": 5490708,
            "current_ratio": 177.98,
            "debt_ratio": 53.07,
            "inventory_turnover_ratio": 0.06,
            "account_receivable_turnover_ratio": 4.39,
            "reinvestment_rate": -154.41,
            "research_to_sale_ratio": 0.12,
            "price_fair": 33.25,
            "eps_avg_yearly": 0.95,
            "eps_latest_yearly": 1.84,
            "eps_growth_yearly": 390.86
        },
        "20203": {
            "year_quarter": 20203,
            "year": 2020,
            "quarter": 3,
            "eps": 0.38,
            "eps_growth_year": -17.39,
            "eps_4q": 0.43,
            "eps_4q_growth_year": -0.98,
            "roe": 2.46,
            "roe_4q": 2.9799999999999995,
            "gross_profit": 289964,
            "gross_margin": 22.16,
            "gross_margin_4q_avg": 18.63,
            "net_income": 137129,
            "revenue": 1308275,
            "common_shares": 3523143,
            "book_valuer_per_share": 14.64,
            "book_valuer_per_share_4q_avg": 14.54,
            "equity": 5649069,
            "current_ratio": 189.02,
            "debt_ratio": 50.05,
            "inventory_turnover_ratio": 0.13,
            "account_receivable_turnover_ratio": 6.69,
            "reinvestment_rate": -106.18,
            "research_to_sale_ratio": 0.04,
            "price_fair": 37.24,
            "eps_avg_yearly": 1.06,
            "eps_latest_yearly": 1.52,
            "eps_growth_yearly": 411.51
        },
        "20204": {
            "year_quarter": 20204,
            "year": 2020,
            "quarter": 4,
            "eps": -0.05,
            "eps_growth_year": null,
            "eps_4q": 0.4,
            "eps_4q_growth_year": -32.67,
            "roe": -0.43,
            "roe_4q": 2.59,
            "gross_profit": 56514,
            "gross_margin": 5.84,
            "gross_margin_4q_avg": 14.53,
            "net_income": -24302,
            "revenue": 967416,
            "common_shares": 3523143,
            "book_valuer_per_share": 14.6,
            "book_valuer_per_share_4q_avg": 14.51,
            "equity": 5632218,
            "current_ratio": 187.39,
            "debt_ratio": 50.28,
            "inventory_turnover_ratio": 0.12,
            "account_receivable_turnover_ratio": 5.35,
            "reinvestment_rate": -139.44,
            "research_to_sale_ratio": 0.05,
            "price_fair": 37.24,
            "eps_avg_yearly": 1.06,
            "eps_latest_yearly": 1.52,
            "eps_growth_yearly": 411.51
        },
        "20211": {
            "year_quarter": 20211,
            "year": 2021,
            "quarter": 1,
            "eps": -0.03,
            "eps_growth_year": null,
            "eps_4q": 0.47,
            "eps_4q_growth_year": -18.72,
            "roe": -0.14,
            "roe_4q": 3.11,
            "gross_profit": 44903,
            "gross_margin": 21.98,
            "gross_margin_4q_avg": 17.92,
            "net_income": -8032,
            "revenue": 204310,
            "common_shares": 3523143,
            "book_valuer_per_share": 14.57,
            "book_valuer_per_share_4q_avg": 14.51,
            "equity": 5628322,
            "current_ratio": 185.62,
            "debt_ratio": 50.7,
            "inventory_turnover_ratio": 0.02,
            "account_receivable_turnover_ratio": 1.65,
            "reinvestment_rate": -151.26,
            "research_to_sale_ratio": 0.14,
            "price_fair": 37.24,
            "eps_avg_yearly": 1.06,
            "eps_latest_yearly": 1.52,
            "eps_growth_yearly": 411.51
        },
        "20212": {
            "year_quarter": 20212,
            "year": 2021,
            "quarter": 2,
            "eps": -0.06,
            "eps_growth_year": -135.29,
            "eps_4q": 0.24,
            "eps_4q_growth_year": -51.78,
            "roe": -0.32,
            "roe_4q": 1.5699999999999998,
            "gross_profit": 36588,
            "gross_margin": 18.39,
            "gross_margin_4q_avg": 17.09,
            "net_income": -17834,
            "revenue": 198943,
            "common_shares": 3523143,
            "book_valuer_per_share": 14.5,
            "book_valuer_per_share_4q_avg": 14.58,
            "equity": 5598085,
            "current_ratio": 179.65,
            "debt_ratio": 52.4,
            "inventory_turnover_ratio": 0.02,
            "account_receivable_turnover_ratio": 1.96,
            "reinvestment_rate": -158.78,
            "research_to_sale_ratio": 0.19,
            "price_fair": 37.24,
            "eps_avg_yearly": 1.06,
            "eps_latest_yearly": 1.52,
            "eps_growth_yearly": 411.51
        },
        "20213": {
            "year_quarter": 20213,
            "year": 2021,
            "quarter": 3,
            "eps": 0.51,
            "eps_growth_year": 34.21,
            "eps_4q": 0.36,
            "eps_4q_growth_year": -14.26,
            "roe": 3.21,
            "roe_4q": 2.32,
            "gross_profit": 238093,
            "gross_margin": 49.83,
            "gross_margin_4q_avg": 24.01,
            "net_income": 182829,
            "revenue": 477766,
            "common_shares": 3523143,
            "book_valuer_per_share": 15.01,
            "book_valuer_per_share_4q_avg": 14.67,
            "equity": 5782750,
            "current_ratio": 177.63,
            "debt_ratio": 53.07,
            "inventory_turnover_ratio": 0.03,
            "account_receivable_turnover_ratio": 7.48,
            "reinvestment_rate": -25.75,
            "research_to_sale_ratio": 0.03,
            "price_fair": 37.24,
            "eps_avg_yearly": 1.06,
            "eps_latest_yearly": 1.52,
            "eps_growth_yearly": 411.51
        },
        "20214": {
            "year_quarter": 20214,
            "year": 2021,
            "quarter": 4,
            "eps": -0.17,
            "eps_growth_year": null,
            "eps_4q": 0.25,
            "eps_4q_growth_year": -38.51,
            "roe": -2.02,
            "roe_4q": 0.7299999999999999,
            "gross_profit": -79950,
            "gross_margin": -58.81,
            "gross_margin_4q_avg": 7.85,
            "net_income": -115798,
            "revenue": 135937,
            "common_shares": 3523143,
            "book_valuer_per_share": 14.86,
            "book_valuer_per_share_4q_avg": 14.74,
            "equity": 5663925,
            "current_ratio": 162.76,
            "debt_ratio": 57.97,
            "inventory_turnover_ratio": 0.02,
            "account_receivable_turnover_ratio": 2.21,
            "reinvestment_rate": -32.22,
            "research_to_sale_ratio": 0.34,
            "price_fair": 37.24,
            "eps_avg_yearly": 1.06,
            "eps_latest_yearly": 1.52,
            "eps_growth_yearly": 411.51
        },
        "20221": {
            "year_quarter": 20221,
            "year": 2022,
            "quarter": 1,
            "eps": 0.68,
            "eps_growth_year": null,
            "eps_4q": 0.96,
            "eps_4q_growth_year": 103.84,
            "roe": 4.18,
            "roe_4q": 5.049999999999999,
            "gross_profit": 425516,
            "gross_margin": 24.99,
            "gross_margin_4q_avg": 8.6,
            "net_income": 242306,
            "revenue": 1702794,
            "common_shares": 3523143,
            "book_valuer_per_share": 15.57,
            "book_valuer_per_share_4q_avg": 14.99,
            "equity": 5934580,
            "current_ratio": 172.97,
            "debt_ratio": 54.65,
            "inventory_turnover_ratio": 0.14,
            "account_receivable_turnover_ratio": 13.85,
            "reinvestment_rate": -19.38,
            "research_to_sale_ratio": 0.01,
            "price_fair": 44.1,
            "eps_avg_yearly": 1.26,
            "eps_latest_yearly": 1.52,
            "eps_growth_yearly": 583.96
        },
        "20222": {
            "year_quarter": 20222,
            "year": 2022,
            "quarter": 2,
            "eps": -0.12,
            "eps_growth_year": null,
            "eps_4q": 0.9,
            "eps_4q_growth_year": 271.59,
            "roe": -1.7,
            "roe_4q": 3.6699999999999995,
            "gross_profit": -24128,
            "gross_margin": -5.54,
            "gross_margin_4q_avg": 2.62,
            "net_income": -100056,
            "revenue": 435311,
            "common_shares": 3523143,
            "book_valuer_per_share": 15.44,
            "book_valuer_per_share_4q_avg": 15.22,
            "equity": 5818963,
            "current_ratio": 161.24,
            "debt_ratio": 58.63,
            "inventory_turnover_ratio": 0.05,
            "account_receivable_turnover_ratio": 3.76,
            "reinvestment_rate": -27.93,
            "research_to_sale_ratio": 0.14,
            "price_fair": 40.13,
            "eps_avg_yearly": 1.15,
            "eps_latest_yearly": 1.52,
            "eps_growth_yearly": 150.04
        },
        "20223": {
            "year_quarter": 20223,
            "year": 2022,
            "quarter": 3,
            "eps": -0.03,
            "eps_growth_year": -105.88,
            "eps_4q": 0.36,
            "eps_4q_growth_year": -1.99,
            "roe": -0.06,
            "roe_4q": 0.3999999999999999,
            "gross_profit": 43071,
            "gross_margin": 19.88,
            "gross_margin_4q_avg": -4.87,
            "net_income": -3402,
            "revenue": 216696,
            "common_shares": 3523143,
            "book_valuer_per_share": 15.4,
            "book_valuer_per_share_4q_avg": 15.32,
            "equity": 5817318,
            "current_ratio": 159.11,
            "debt_ratio": 59.42,
            "inventory_turnover_ratio": 0.02,
            "account_receivable_turnover_ratio": 4.75,
            "reinvestment_rate": -28.8,
            "research_to_sale_ratio": 0.48,
            "price_fair": 58.8,
            "eps_avg_yearly": 1.68,
            "eps_latest_yearly": 1.52,
            "eps_growth_yearly": 415.06
        },
        "20224": {
            "year_quarter": 20224,
            "year": 2022,
            "quarter": 4,
            "eps": 0.04,
            "eps_growth_year": null,
            "eps_4q": 0.57,
            "eps_4q_growth_year": 130.44,
            "roe": 0.33,
            "roe_4q": 2.75,
            "gross_profit": 124451,
            "gross_margin": 22.48,
            "gross_margin_4q_avg": 15.45,
            "net_income": 19225,
            "revenue": 553570,
            "common_shares": 3523143,
            "book_valuer_per_share": 15.45,
            "book_valuer_per_share_4q_avg": 15.47,
            "equity": 5837130,
            "current_ratio": 159.87,
            "debt_ratio": 59.11,
            "inventory_turnover_ratio": 0.04,
            "account_receivable_turnover_ratio": 14.15,
            "reinvestment_rate": -24.98,
            "research_to_sale_ratio": 0.13,
            "price_fair": 58.8,
            "eps_avg_yearly": 1.68,
            "eps_latest_yearly": 1.52,
            "eps_growth_yearly": 415.06
        },
        "20231": {
            "year_quarter": 20231,
            "year": 2023,
            "quarter": 1,
            "eps": 0.04,
            "eps_growth_year": -94.12,
            "eps_4q": -0.07,
            "eps_4q_growth_year": -107.15,
            "roe": 0.21,
            "roe_4q": -1.22,
            "gross_profit": 99026,
            "gross_margin": 19.57,
            "gross_margin_4q_avg": 14.1,
            "net_income": 12348,
            "revenue": 506033,
            "common_shares": 3523143,
            "book_valuer_per_share": 15.49,
            "book_valuer_per_share_4q_avg": 15.45,
            "equity": 5847981,
            "current_ratio": 159.21,
            "debt_ratio": 59.31,
            "inventory_turnover_ratio": 0.04,
            "account_receivable_turnover_ratio": 11.93,
            "reinvestment_rate": -5.81,
            "research_to_sale_ratio": 0.02,
            "price_fair": 41.07,
            "eps_avg_yearly": 1.17,
            "eps_latest_yearly": 0.16,
            "eps_growth_yearly": 276.71
        },
        "20232": {
            "year_quarter": 20232,
            "year": 2023,
            "quarter": 2,
            "eps": -0.01,
            "eps_growth_year": null,
            "eps_4q": 0.04,
            "eps_4q_growth_year": -95.96,
            "roe": -0.12,
            "roe_4q": 0.36000000000000004,
            "gross_profit": 56950,
            "gross_margin": 18.52,
            "gross_margin_4q_avg": 20.11,
            "net_income": -7173,
            "revenue": 307485,
            "common_shares": 3523143,
            "book_valuer_per_share": 14.95,
            "book_valuer_per_share_4q_avg": 15.32,
            "equity": 5636912,
            "current_ratio": 154.52,
            "debt_ratio": 61.14,
            "inventory_turnover_ratio": 0.02,
            "account_receivable_turnover_ratio": 6.94,
            "reinvestment_rate": -6.82,
            "research_to_sale_ratio": 0.15,
            "price_fair": 41.07,
            "eps_avg_yearly": 1.17,
            "eps_latest_yearly": 0.16,
            "eps_growth_yearly": 276.71
        }
    },
    "months": {
        "2003-10": {
            "month": "2003-10",
            "price": "29.56",
            "revenue": 44708
        },
        "2003-11": {
            "month": "2003-11",
            "price": "28.68",
            "revenue": 47465
        },
        "2003-12": {
            "month": "2003-12",
            "price": "27.54",
            "revenue": 50954
        },
        "2004-01": {
            "month": "2004-01",
            "price": "29.11",
            "revenue": 45127
        },
        "2004-02": {
            "month": "2004-02",
            "price": "31.12",
            "revenue": 38677
        },
        "2004-03": {
            "month": "2004-03",
            "price": "35.66",
            "revenue": 51117
        },
        "2004-04": {
            "month": "2004-04",
            "price": "39.67",
            "revenue": 42720
        },
        "2004-05": {
            "month": "2004-05",
            "price": "37.85",
            "revenue": 55658
        },
        "2004-06": {
            "month": "2004-06",
            "price": "37.85",
            "revenue": 52487
        },
        "2004-07": {
            "month": "2004-07",
            "price": "37.98",
            "revenue": 50748
        },
        "2004-08": {
            "month": "2004-08",
            "price": "37.45",
            "revenue": 49173
        },
        "2004-09": {
            "month": "2004-09",
            "price": "32.43",
            "revenue": 46240
        },
        "2004-10": {
            "month": "2004-10",
            "price": "29.69",
            "revenue": 43735
        },
        "2004-11": {
            "month": "2004-11",
            "price": "30.88",
            "revenue": 46331
        },
        "2004-12": {
            "month": "2004-12",
            "price": "33.53",
            "revenue": 44061
        },
        "2005-01": {
            "month": "2005-01",
            "price": "38.41",
            "revenue": 55030
        },
        "2005-02": {
            "month": "2005-02",
            "price": "42.46",
            "revenue": 25270
        },
        "2005-03": {
            "month": "2005-03",
            "price": "40.51",
            "revenue": 43844
        },
        "2005-04": {
            "month": "2005-04",
            "price": "38.55",
            "revenue": 44497
        },
        "2005-05": {
            "month": "2005-05",
            "price": "38.02",
            "revenue": 45032
        },
        "2005-06": {
            "month": "2005-06",
            "price": "38.22",
            "revenue": 38687
        },
        "2005-07": {
            "month": "2005-07",
            "price": "34.12",
            "revenue": 36964
        },
        "2005-08": {
            "month": "2005-08",
            "price": "31.46",
            "revenue": 36317
        },
        "2005-09": {
            "month": "2005-09",
            "price": "30.32",
            "revenue": 32916
        },
        "2005-10": {
            "month": "2005-10",
            "price": "31.04",
            "revenue": 34176
        },
        "2005-11": {
            "month": "2005-11",
            "price": "29.71",
            "revenue": 41148
        },
        "2005-12": {
            "month": "2005-12",
            "price": "27.94",
            "revenue": 44100
        },
        "2006-01": {
            "month": "2006-01",
            "price": "24.74",
            "revenue": 41256
        },
        "2006-02": {
            "month": "2006-02",
            "price": "23.57",
            "revenue": 26507
        },
        "2006-03": {
            "month": "2006-03",
            "price": "23.07",
            "revenue": 40226
        },
        "2006-04": {
            "month": "2006-04",
            "price": "24.94",
            "revenue": 38702
        },
        "2006-05": {
            "month": "2006-05",
            "price": "25.58",
            "revenue": 37051
        },
        "2006-06": {
            "month": "2006-06",
            "price": "21.75",
            "revenue": 35566
        },
        "2006-07": {
            "month": "2006-07",
            "price": "19.75",
            "revenue": 35464
        },
        "2006-08": {
            "month": "2006-08",
            "price": "20.74",
            "revenue": 35394
        },
        "2006-09": {
            "month": "2006-09",
            "price": "18.94",
            "revenue": 32704
        },
        "2006-10": {
            "month": "2006-10",
            "price": "18.74",
            "revenue": 31677
        },
        "2006-11": {
            "month": "2006-11",
            "price": "18.99",
            "revenue": 33033
        },
        "2006-12": {
            "month": "2006-12",
            "price": "19.38",
            "revenue": 32213
        },
        "2007-01": {
            "month": "2007-01",
            "price": "19.07",
            "revenue": 35671
        },
        "2007-02": {
            "month": "2007-02",
            "price": "18.19",
            "revenue": 30279
        },
        "2007-03": {
            "month": "2007-03",
            "price": "19.98",
            "revenue": 31453
        },
        "2007-04": {
            "month": "2007-04",
            "price": "23.37",
            "revenue": 29994
        },
        "2007-05": {
            "month": "2007-05",
            "price": "25.49",
            "revenue": 34886
        },
        "2007-06": {
            "month": "2007-06",
            "price": "27.18",
            "revenue": 30305
        },
        "2007-07": {
            "month": "2007-07",
            "price": "33.46",
            "revenue": 31890
        },
        "2007-08": {
            "month": "2007-08",
            "price": "26.65",
            "revenue": 27249
        },
        "2007-09": {
            "month": "2007-09",
            "price": "25.17",
            "revenue": 29573
        },
        "2007-10": {
            "month": "2007-10",
            "price": "22.22",
            "revenue": 33372
        },
        "2007-11": {
            "month": "2007-11",
            "price": "24.13",
            "revenue": 31515
        },
        "2007-12": {
            "month": "2007-12",
            "price": "21.73",
            "revenue": 32904
        },
        "2008-01": {
            "month": "2008-01",
            "price": "18.00",
            "revenue": 45637
        },
        "2008-02": {
            "month": "2008-02",
            "price": "18.48",
            "revenue": 17001
        },
        "2008-03": {
            "month": "2008-03",
            "price": "18.83",
            "revenue": 29466
        },
        "2008-04": {
            "month": "2008-04",
            "price": "22.34",
            "revenue": 30213
        },
        "2008-05": {
            "month": "2008-05",
            "price": "24.20",
            "revenue": 33085
        },
        "2008-06": {
            "month": "2008-06",
            "price": "21.55",
            "revenue": 23118
        },
        "2008-07": {
            "month": "2008-07",
            "price": "18.25",
            "revenue": 25807
        },
        "2008-08": {
            "month": "2008-08",
            "price": "16.49",
            "revenue": 24828
        },
        "2008-09": {
            "month": "2008-09",
            "price": "14.50",
            "revenue": 23213
        },
        "2008-10": {
            "month": "2008-10",
            "price": "11.14",
            "revenue": 26581
        },
        "2008-11": {
            "month": "2008-11",
            "price": "9.27",
            "revenue": 22571
        },
        "2008-12": {
            "month": "2008-12",
            "price": "9.36",
            "revenue": 26037
        },
        "2009-01": {
            "month": "2009-01",
            "price": "9.26",
            "revenue": 21151
        },
        "2009-02": {
            "month": "2009-02",
            "price": "9.21",
            "revenue": 17637
        },
        "2009-03": {
            "month": "2009-03",
            "price": "11.14",
            "revenue": 19731
        },
        "2009-04": {
            "month": "2009-04",
            "price": "18.54",
            "revenue": 22091
        },
        "2009-05": {
            "month": "2009-05",
            "price": "16.88",
            "revenue": 19033
        },
        "2009-06": {
            "month": "2009-06",
            "price": "14.47",
            "revenue": 23621
        },
        "2009-07": {
            "month": "2009-07",
            "price": "16.75",
            "revenue": 21846
        },
        "2009-08": {
            "month": "2009-08",
            "price": "17.20",
            "revenue": 18886
        },
        "2009-09": {
            "month": "2009-09",
            "price": "17.51",
            "revenue": 20104
        },
        "2009-10": {
            "month": "2009-10",
            "price": "21.87",
            "revenue": 17952
        },
        "2009-11": {
            "month": "2009-11",
            "price": "19.11",
            "revenue": 19116
        },
        "2009-12": {
            "month": "2009-12",
            "price": "20.05",
            "revenue": 19309
        },
        "2010-01": {
            "month": "2010-01",
            "price": "20.04",
            "revenue": 20191
        },
        "2010-02": {
            "month": "2010-02",
            "price": "17.70",
            "revenue": 13503
        },
        "2010-03": {
            "month": "2010-03",
            "price": "19.07",
            "revenue": 18141
        },
        "2010-04": {
            "month": "2010-04",
            "price": "21.13",
            "revenue": 90300
        },
        "2010-05": {
            "month": "2010-05",
            "price": "20.53",
            "revenue": 14963
        },
        "2010-06": {
            "month": "2010-06",
            "price": "20.71",
            "revenue": 15707
        },
        "2010-07": {
            "month": "2010-07",
            "price": "21.23",
            "revenue": 18910
        },
        "2010-08": {
            "month": "2010-08",
            "price": "24.24",
            "revenue": 36121
        },
        "2010-09": {
            "month": "2010-09",
            "price": "27.09",
            "revenue": 5553
        },
        "2010-10": {
            "month": "2010-10",
            "price": "25.15",
            "revenue": 5252
        },
        "2010-11": {
            "month": "2010-11",
            "price": "23.84",
            "revenue": 273249
        },
        "2010-12": {
            "month": "2010-12",
            "price": "26.21",
            "revenue": 20158
        },
        "2011-01": {
            "month": "2011-01",
            "price": "25.21",
            "revenue": 215401
        },
        "2011-02": {
            "month": "2011-02",
            "price": "24.81",
            "revenue": 145493
        },
        "2011-03": {
            "month": "2011-03",
            "price": "24.27",
            "revenue": 203930
        },
        "2011-04": {
            "month": "2011-04",
            "price": "27.36",
            "revenue": 57559
        },
        "2011-05": {
            "month": "2011-05",
            "price": "25.83",
            "revenue": 114971
        },
        "2011-06": {
            "month": "2011-06",
            "price": "25.52",
            "revenue": 184650
        },
        "2011-07": {
            "month": "2011-07",
            "price": "27.96",
            "revenue": 4638
        },
        "2011-08": {
            "month": "2011-08",
            "price": "23.96",
            "revenue": 20315
        },
        "2011-09": {
            "month": "2011-09",
            "price": "19.05",
            "revenue": 56328
        },
        "2011-10": {
            "month": "2011-10",
            "price": "16.78",
            "revenue": 60894
        },
        "2011-11": {
            "month": "2011-11",
            "price": "15.92",
            "revenue": 644
        },
        "2011-12": {
            "month": "2011-12",
            "price": "14.15",
            "revenue": 1437
        },
        "2012-01": {
            "month": "2012-01",
            "price": "14.26",
            "revenue": 186
        },
        "2012-02": {
            "month": "2012-02",
            "price": "17.12",
            "revenue": 1026
        },
        "2012-03": {
            "month": "2012-03",
            "price": "17.31",
            "revenue": 80187
        },
        "2012-04": {
            "month": "2012-04",
            "price": "15.07",
            "revenue": 28
        },
        "2012-05": {
            "month": "2012-05",
            "price": "14.46",
            "revenue": 307
        },
        "2012-06": {
            "month": "2012-06",
            "price": "14.64",
            "revenue": 33386
        },
        "2012-07": {
            "month": "2012-07",
            "price": "14.80",
            "revenue": 45309
        },
        "2012-08": {
            "month": "2012-08",
            "price": "15.12",
            "revenue": 78442
        },
        "2012-09": {
            "month": "2012-09",
            "price": "18.92",
            "revenue": 10425
        },
        "2012-10": {
            "month": "2012-10",
            "price": "20.65",
            "revenue": 36
        },
        "2012-11": {
            "month": "2012-11",
            "price": "22.38",
            "revenue": 9886
        },
        "2012-12": {
            "month": "2012-12",
            "price": "24.73",
            "revenue": 207087
        },
        "2013-01": {
            "month": "2013-01",
            "price": "24.09",
            "revenue": 59004
        },
        "2013-02": {
            "month": "2013-02",
            "price": "21.68",
            "revenue": 36
        },
        "2013-03": {
            "month": "2013-03",
            "price": "23.29",
            "revenue": 1005901
        },
        "2013-04": {
            "month": "2013-04",
            "price": "30.42",
            "revenue": 220655
        },
        "2013-05": {
            "month": "2013-05",
            "price": "31.88",
            "revenue": 354790
        },
        "2013-06": {
            "month": "2013-06",
            "price": "28.54",
            "revenue": 632230
        },
        "2013-07": {
            "month": "2013-07",
            "price": "28.63",
            "revenue": 790951
        },
        "2013-08": {
            "month": "2013-08",
            "price": "28.51",
            "revenue": 466369
        },
        "2013-09": {
            "month": "2013-09",
            "price": "27.05",
            "revenue": 179890
        },
        "2013-10": {
            "month": "2013-10",
            "price": "25.92",
            "revenue": 305018
        },
        "2013-11": {
            "month": "2013-11",
            "price": "26.30",
            "revenue": 281722
        },
        "2013-12": {
            "month": "2013-12",
            "price": "26.29",
            "revenue": 1125277
        },
        "2014-01": {
            "month": "2014-01",
            "price": "25.10",
            "revenue": 615222
        },
        "2014-02": {
            "month": "2014-02",
            "price": "27.24",
            "revenue": 2647211
        },
        "2014-03": {
            "month": "2014-03",
            "price": "27.36",
            "revenue": 767728
        },
        "2014-04": {
            "month": "2014-04",
            "price": "26.09",
            "revenue": 196702
        },
        "2014-05": {
            "month": "2014-05",
            "price": "24.98",
            "revenue": 125503
        },
        "2014-06": {
            "month": "2014-06",
            "price": "24.29",
            "revenue": 112327
        },
        "2014-07": {
            "month": "2014-07",
            "price": "22.84",
            "revenue": 97234
        },
        "2014-08": {
            "month": "2014-08",
            "price": "22.48",
            "revenue": 120180
        },
        "2014-09": {
            "month": "2014-09",
            "price": "21.75",
            "revenue": 54603
        },
        "2014-10": {
            "month": "2014-10",
            "price": "19.03",
            "revenue": 47446
        },
        "2014-11": {
            "month": "2014-11",
            "price": "18.59",
            "revenue": 89477
        },
        "2014-12": {
            "month": "2014-12",
            "price": "21.20",
            "revenue": 292327
        },
        "2015-01": {
            "month": "2015-01",
            "price": "19.90",
            "revenue": 8032
        },
        "2015-02": {
            "month": "2015-02",
            "price": "20.02",
            "revenue": 90915
        },
        "2015-03": {
            "month": "2015-03",
            "price": "19.85",
            "revenue": 51542
        },
        "2015-04": {
            "month": "2015-04",
            "price": "19.37",
            "revenue": 125076
        },
        "2015-05": {
            "month": "2015-05",
            "price": "18.37",
            "revenue": 123642
        },
        "2015-06": {
            "month": "2015-06",
            "price": "15.80",
            "revenue": 87191
        },
        "2015-07": {
            "month": "2015-07",
            "price": "14.94",
            "revenue": 178761
        },
        "2015-08": {
            "month": "2015-08",
            "price": "13.80",
            "revenue": 237107
        },
        "2015-09": {
            "month": "2015-09",
            "price": "13.06",
            "revenue": 222328
        },
        "2015-10": {
            "month": "2015-10",
            "price": "13.22",
            "revenue": 145223
        },
        "2015-11": {
            "month": "2015-11",
            "price": "13.05",
            "revenue": 96481
        },
        "2015-12": {
            "month": "2015-12",
            "price": "12.27",
            "revenue": 520964
        },
        "2016-01": {
            "month": "2016-01",
            "price": "11.21",
            "revenue": 175665
        },
        "2016-02": {
            "month": "2016-02",
            "price": "10.68",
            "revenue": 107649
        },
        "2016-03": {
            "month": "2016-03",
            "price": "12.63",
            "revenue": 108189
        },
        "2016-04": {
            "month": "2016-04",
            "price": "12.03",
            "revenue": 125721
        },
        "2016-05": {
            "month": "2016-05",
            "price": "11.93",
            "revenue": 94670
        },
        "2016-06": {
            "month": "2016-06",
            "price": "11.90",
            "revenue": 147339
        },
        "2016-07": {
            "month": "2016-07",
            "price": "12.24",
            "revenue": 125582
        },
        "2016-08": {
            "month": "2016-08",
            "price": "11.61",
            "revenue": 84669
        },
        "2016-09": {
            "month": "2016-09",
            "price": "11.53",
            "revenue": 71793
        },
        "2016-10": {
            "month": "2016-10",
            "price": "11.65",
            "revenue": 104074
        },
        "2016-11": {
            "month": "2016-11",
            "price": "11.39",
            "revenue": 65580
        },
        "2016-12": {
            "month": "2016-12",
            "price": "11.48",
            "revenue": 270672
        },
        "2017-01": {
            "month": "2017-01",
            "price": "11.55",
            "revenue": 145737
        },
        "2017-02": {
            "month": "2017-02",
            "price": "11.84",
            "revenue": 107709
        },
        "2017-03": {
            "month": "2017-03",
            "price": "11.64",
            "revenue": 107676
        },
        "2017-04": {
            "month": "2017-04",
            "price": "11.68",
            "revenue": 80392
        },
        "2017-05": {
            "month": "2017-05",
            "price": "11.66",
            "revenue": 126771
        },
        "2017-06": {
            "month": "2017-06",
            "price": "11.52",
            "revenue": 139875
        },
        "2017-07": {
            "month": "2017-07",
            "price": "11.37",
            "revenue": 120546
        },
        "2017-08": {
            "month": "2017-08",
            "price": "10.96",
            "revenue": 145219
        },
        "2017-09": {
            "month": "2017-09",
            "price": "11.48",
            "revenue": 41605
        },
        "2017-10": {
            "month": "2017-10",
            "price": "11.57",
            "revenue": 80916
        },
        "2017-11": {
            "month": "2017-11",
            "price": "11.56",
            "revenue": 125487
        },
        "2017-12": {
            "month": "2017-12",
            "price": "11.44",
            "revenue": 239441
        },
        "2018-01": {
            "month": "2018-01",
            "price": "11.33",
            "revenue": 119086
        },
        "2018-02": {
            "month": "2018-02",
            "price": "11.13",
            "revenue": 66091
        },
        "2018-03": {
            "month": "2018-03",
            "price": "11.08",
            "revenue": 328179
        },
        "2018-04": {
            "month": "2018-04",
            "price": "11.06",
            "revenue": 346802
        },
        "2018-05": {
            "month": "2018-05",
            "price": "11.28",
            "revenue": 342531
        },
        "2018-06": {
            "month": "2018-06",
            "price": "11.54",
            "revenue": 244404
        },
        "2018-07": {
            "month": "2018-07",
            "price": "11.59",
            "revenue": 166867
        },
        "2018-08": {
            "month": "2018-08",
            "price": "11.64",
            "revenue": 166658
        },
        "2018-09": {
            "month": "2018-09",
            "price": "11.67",
            "revenue": 281346
        },
        "2018-10": {
            "month": "2018-10",
            "price": "10.80",
            "revenue": 388116
        },
        "2018-11": {
            "month": "2018-11",
            "price": "11.13",
            "revenue": 156623
        },
        "2018-12": {
            "month": "2018-12",
            "price": "11.30",
            "revenue": 118576
        },
        "2019-01": {
            "month": "2019-01",
            "price": "11.17",
            "revenue": 65923
        },
        "2019-02": {
            "month": "2019-02",
            "price": "11.27",
            "revenue": 54642
        },
        "2019-03": {
            "month": "2019-03",
            "price": "11.18",
            "revenue": 69922
        },
        "2019-04": {
            "month": "2019-04",
            "price": "11.32",
            "revenue": 113323
        },
        "2019-05": {
            "month": "2019-05",
            "price": "11.05",
            "revenue": 172543
        },
        "2019-06": {
            "month": "2019-06",
            "price": "11.18",
            "revenue": 256000
        },
        "2019-07": {
            "month": "2019-07",
            "price": "11.86",
            "revenue": 377427
        },
        "2019-08": {
            "month": "2019-08",
            "price": "12.85",
            "revenue": 232561
        },
        "2019-09": {
            "month": "2019-09",
            "price": "13.99",
            "revenue": 181442
        },
        "2019-10": {
            "month": "2019-10",
            "price": "15.31",
            "revenue": 167516
        },
        "2019-11": {
            "month": "2019-11",
            "price": "15.52",
            "revenue": 122754
        },
        "2019-12": {
            "month": "2019-12",
            "price": "15.53",
            "revenue": 155030
        },
        "2020-01": {
            "month": "2020-01",
            "price": "14.90",
            "revenue": 90358
        },
        "2020-02": {
            "month": "2020-02",
            "price": "13.67",
            "revenue": 181017
        },
        "2020-03": {
            "month": "2020-03",
            "price": "12.70",
            "revenue": 65093
        },
        "2020-04": {
            "month": "2020-04",
            "price": "12.25",
            "revenue": 159825
        },
        "2020-05": {
            "month": "2020-05",
            "price": "13.35",
            "revenue": 227861
        },
        "2020-06": {
            "month": "2020-06",
            "price": "13.77",
            "revenue": 216424
        },
        "2020-07": {
            "month": "2020-07",
            "price": "13.50",
            "revenue": 482655
        },
        "2020-08": {
            "month": "2020-08",
            "price": "13.34",
            "revenue": 258519
        },
        "2020-09": {
            "month": "2020-09",
            "price": "13.70",
            "revenue": 567101
        },
        "2020-10": {
            "month": "2020-10",
            "price": "14.32",
            "revenue": 348186
        },
        "2020-11": {
            "month": "2020-11",
            "price": "14.63",
            "revenue": 511137
        },
        "2020-12": {
            "month": "2020-12",
            "price": "15.03",
            "revenue": 108093
        },
        "2021-01": {
            "month": "2021-01",
            "price": "14.69",
            "revenue": 66075
        },
        "2021-02": {
            "month": "2021-02",
            "price": "14.03",
            "revenue": 64266
        },
        "2021-03": {
            "month": "2021-03",
            "price": "13.48",
            "revenue": 73969
        },
        "2021-04": {
            "month": "2021-04",
            "price": "13.34",
            "revenue": 60980
        },
        "2021-05": {
            "month": "2021-05",
            "price": "12.77",
            "revenue": 48978
        },
        "2021-06": {
            "month": "2021-06",
            "price": "12.48",
            "revenue": 88985
        },
        "2021-07": {
            "month": "2021-07",
            "price": "12.87",
            "revenue": 393782
        },
        "2021-08": {
            "month": "2021-08",
            "price": "12.56",
            "revenue": 36834
        },
        "2021-09": {
            "month": "2021-09",
            "price": "12.60",
            "revenue": 47150
        },
        "2021-10": {
            "month": "2021-10",
            "price": "12.90",
            "revenue": 40612
        },
        "2021-11": {
            "month": "2021-11",
            "price": "13.28",
            "revenue": 38918
        },
        "2021-12": {
            "month": "2021-12",
            "price": "13.57",
            "revenue": 56407
        },
        "2022-01": {
            "month": "2022-01",
            "price": "13.59",
            "revenue": 41833
        },
        "2022-02": {
            "month": "2022-02",
            "price": "13.73",
            "revenue": 30584
        },
        "2022-03": {
            "month": "2022-03",
            "price": "13.67",
            "revenue": 1630377
        },
        "2022-04": {
            "month": "2022-04",
            "price": "14.62",
            "revenue": 257885
        },
        "2022-05": {
            "month": "2022-05",
            "price": "13.46",
            "revenue": 133302
        },
        "2022-06": {
            "month": "2022-06",
            "price": "13.08",
            "revenue": 44124
        },
        "2022-07": {
            "month": "2022-07",
            "price": "12.06",
            "revenue": 133554
        },
        "2022-08": {
            "month": "2022-08",
            "price": "11.93",
            "revenue": 31351
        },
        "2022-09": {
            "month": "2022-09",
            "price": "11.44",
            "revenue": 51791
        },
        "2022-10": {
            "month": "2022-10",
            "price": "10.86",
            "revenue": 65540
        },
        "2022-11": {
            "month": "2022-11",
            "price": "11.29",
            "revenue": 87787
        },
        "2022-12": {
            "month": "2022-12",
            "price": "11.91",
            "revenue": 400243
        },
        "2023-01": {
            "month": "2023-01",
            "price": "11.83",
            "revenue": 185538
        },
        "2023-02": {
            "month": "2023-02",
            "price": "11.98",
            "revenue": 226405
        },
        "2023-03": {
            "month": "2023-03",
            "price": "12.49",
            "revenue": 94090
        },
        "2023-04": {
            "month": "2023-04",
            "price": "12.90",
            "revenue": 35275
        },
        "2023-05": {
            "month": "2023-05",
            "price": "12.83",
            "revenue": 18412
        },
        "2023-06": {
            "month": "2023-06",
            "price": "13.82",
            "revenue": 265846
        },
        "2023-07": {
            "month": "2023-07",
            "price": "14.16",
            "revenue": 1038536
        },
        "2023-08": {
            "month": "2023-08",
            "price": "13.64",
            "revenue": 438642
        }
    }
}
