{
    "summary": {
        "stock_name": "海德威",
        "stock_id": "3268",
        "category": "半導體",
        "main_business": "消費性/多媒體/微控制器IC應用設計、方案整合與銷售",
        "website_url": "http://www.higherway.com.tw",
        "ceo": "游賜傑",
        "pe_ratio": -140,
        "report_year_from": 2003,
        "report_year_to": 2023,
        "age": 21,
        "eps_negative_percentage": 52,
        "eps_growth_avg": {
            "last_all": -27.72,
            "last_2y": -11.17,
            "last_4y": -11.17,
            "last_8y": -33.37,
            "last_12y": -46.7,
            "last_16y": -44.22,
            "last_20y": null,
            "at_2006_last_3y": null,
            "at_2007_last_3y": 14.07,
            "at_2008_last_3y": -35.93,
            "at_2009_last_3y": -48.01,
            "at_2010_last_3y": -38.02,
            "at_2011_last_3y": -100,
            "at_2012_last_3y": -100,
            "at_2013_last_3y": -100,
            "at_2014_last_3y": -100,
            "at_2015_last_3y": -100,
            "at_2016_last_3y": -100,
            "at_2017_last_3y": -100,
            "at_2018_last_3y": -100,
            "at_2019_last_3y": null,
            "at_2020_last_3y": null,
            "at_2021_last_3y": 4.4,
            "at_2022_last_3y": 33.25,
            "at_2023_last_3y": -11.17,
            "at_2024_last_3y": -11.17,
            "at_2006_last_all": 10.78,
            "at_2007_last_all": 14.07,
            "at_2008_last_all": -8.74,
            "at_2009_last_all": -8.74,
            "at_2010_last_all": -8.74,
            "at_2011_last_all": -23.95,
            "at_2012_last_all": -23.95,
            "at_2013_last_all": -23.95,
            "at_2014_last_all": -23.95,
            "at_2015_last_all": -34.82,
            "at_2016_last_all": -34.82,
            "at_2017_last_all": -34.82,
            "at_2018_last_all": -34.82,
            "at_2019_last_all": -34.82,
            "at_2020_last_all": -34.82,
            "at_2021_last_all": -29.91,
            "at_2022_last_all": -19.69,
            "at_2023_last_all": -27.72,
            "at_2024_last_all": -27.72
        },
        "latest_eps": -0.2,
        "latest_price": 27.95,
        "latest_roe": -1.3,
        "latest_gross_margin": 6.54,
        "latest_equity": 496679,
        "latest_revenue": 233768,
        "latest_gross_profit": 15277,
        "latest_net_income": -20696,
        "latest_debt_ratio": 46.85,
        "latest_current_ratio": 366.66,
        "latest_account_receivable_turnover_ratio": 0.52,
        "latest_inventory_turnover_ratio": 8.66,
        "latest_reinvestment_rate": -229.86,
        "latest_research_to_sale_ratio": 2.38
    },
    "eps_dividends": {
        "2001": {
            "cash": 0,
            "stock": 0,
            "eps": 0
        },
        "2002": {
            "cash": 0,
            "stock": 0,
            "eps": 0
        },
        "2003": {
            "cash": 0,
            "stock": 0,
            "eps": 0.06
        },
        "2004": {
            "cash": 0.2,
            "stock": 1.2,
            "eps": 2.99
        },
        "2005": {
            "cash": 0.49,
            "stock": 1.5,
            "eps": 3
        },
        "2006": {
            "cash": 0.9,
            "stock": 0.9,
            "eps": 0.96
        },
        "2007": {
            "cash": 0.3,
            "stock": 0.4,
            "eps": 1.19
        },
        "2008": {
            "cash": 0.6,
            "stock": 0.92,
            "eps": -2.57
        },
        "2009": {
            "cash": 0,
            "stock": 0,
            "eps": -0.97
        },
        "2010": {
            "cash": 0,
            "stock": 0,
            "eps": 0.2
        },
        "2011": {
            "cash": 0,
            "stock": 0,
            "eps": -0.29
        },
        "2012": {
            "cash": 0,
            "stock": 0,
            "eps": -2.16
        },
        "2013": {
            "cash": 0,
            "stock": 0,
            "eps": -0.59
        },
        "2014": {
            "cash": 0,
            "stock": 0,
            "eps": 10.23
        },
        "2015": {
            "cash": 0.1,
            "stock": 0.9,
            "eps": -0.55
        },
        "2016": {
            "cash": 0,
            "stock": 0,
            "eps": -0.78
        },
        "2017": {
            "cash": 0,
            "stock": 0,
            "eps": -1.69
        },
        "2018": {
            "cash": 0,
            "stock": 0,
            "eps": -0.52
        },
        "2019": {
            "cash": 0,
            "stock": 0,
            "eps": -0.56
        },
        "2020": {
            "cash": 0,
            "stock": 0,
            "eps": 0.91
        },
        "2021": {
            "cash": 0.5,
            "stock": 0,
            "eps": 0.95
        },
        "2022": {
            "cash": 0.6,
            "stock": 0,
            "eps": 1.54
        },
        "2023": {
            "cash": 0.7,
            "stock": 0,
            "eps": -0.2
        }
    },
    "dividends": {
        "2004-04-07": {
            "cash": 0.2,
            "stock": 1.2
        },
        "2005-06-24": {
            "cash": 0.49,
            "stock": 1.5
        },
        "2006-04-21": {
            "cash": 0.9,
            "stock": 0.9
        },
        "2007-04-25": {
            "cash": 0.3,
            "stock": 0.4
        },
        "2008-04-21": {
            "cash": 0.3,
            "stock": 0.46
        },
        "2008-06-13": {
            "cash": 0.3,
            "stock": 0.46
        },
        "2015-09-30": {
            "cash": 0.1,
            "stock": 0.9
        },
        "2021-09-14": {
            "cash": 0.5,
            "stock": 0
        },
        "2022-09-07": {
            "cash": 0.6,
            "stock": 0
        },
        "2023-08-18": {
            "cash": 0.7,
            "stock": 0
        }
    },
    "prices": {
        "200101": "無",
        "200102": "無",
        "200103": "無",
        "200104": "無",
        "200105": "無",
        "200106": "無",
        "200107": "無",
        "200108": "無",
        "200109": "無",
        "200110": "無",
        "200111": "無",
        "200112": "無",
        "200201": "無",
        "200202": "無",
        "200203": "無",
        "200204": "無",
        "200205": "無",
        "200206": "無",
        "200207": "無",
        "200208": "無",
        "200209": "無",
        "200210": "無",
        "200211": "無",
        "200212": "無",
        "200301": "無",
        "200302": "無",
        "200303": "無",
        "200304": "無",
        "200305": "無",
        "200306": "無",
        "200307": "無",
        "200308": "無",
        "200309": "無",
        "200310": "無",
        "200311": "無",
        "200312": "無",
        "200401": "無",
        "200402": "26.00",
        "200403": "28.55",
        "200404": "31.36",
        "200405": "33.01",
        "200406": "31.21",
        "200407": "35.89",
        "200408": "36.80",
        "200409": "30.76",
        "200410": "29.05",
        "200411": "29.05",
        "200412": "25.46",
        "200501": "24.60",
        "200502": "29.06",
        "200503": "43.73",
        "200504": "46.83",
        "200505": "38.06",
        "200506": "40.01",
        "200507": "40.41",
        "200508": "33.59",
        "200509": "32.78",
        "200510": "35.91",
        "200511": "36.22",
        "200512": "50.15",
        "200601": "48.64",
        "200602": "44.49",
        "200603": "76.29",
        "200604": "153.18",
        "200605": "138.67",
        "200606": "101.86",
        "200607": "122.57",
        "200608": "149.63",
        "200609": "141.36",
        "200610": "129.68",
        "200611": "123.66",
        "200612": "147.10",
        "200701": "136.70",
        "200702": "138.00",
        "200703": "122.37",
        "200704": "129.95",
        "200705": "80.55",
        "200706": "83.39",
        "200707": "91.69",
        "200708": "88.84",
        "200709": "81.71",
        "200710": "68.09",
        "200711": "61.83",
        "200712": "57.65",
        "200801": "48.63",
        "200802": "43.38",
        "200803": "63.19",
        "200804": "62.22",
        "200805": "54.81",
        "200806": "48.86",
        "200807": "40.54",
        "200808": "37.23",
        "200809": "24.78",
        "200810": "17.68",
        "200811": "13.64",
        "200812": "13.52",
        "200901": "12.39",
        "200902": "17.45",
        "200903": "24.45",
        "200904": "24.71",
        "200905": "26.06",
        "200906": "24.96",
        "200907": "31.13",
        "200908": "33.53",
        "200909": "32.92",
        "200910": "33.55",
        "200911": "31.31",
        "200912": "33.26",
        "201001": "32.72",
        "201002": "27.69",
        "201003": "28.45",
        "201004": "36.21",
        "201005": "33.44",
        "201006": "36.13",
        "201007": "35.98",
        "201008": "34.63",
        "201009": "31.74",
        "201010": "31.00",
        "201011": "26.74",
        "201012": "27.82",
        "201101": "26.84",
        "201102": "23.64",
        "201103": "21.12",
        "201104": "21.20",
        "201105": "19.64",
        "201106": "17.91",
        "201107": "16.60",
        "201108": "13.81",
        "201109": "11.79",
        "201110": "10.53",
        "201111": "9.28",
        "201112": "8.02",
        "201201": "10.34",
        "201202": "12.97",
        "201203": "11.44",
        "201204": "9.92",
        "201205": "9.56",
        "201206": "9.07",
        "201207": "8.97",
        "201208": "8.38",
        "201209": "8.68",
        "201210": "8.10",
        "201211": "7.11",
        "201212": "7.28",
        "201301": "7.97",
        "201302": "7.59",
        "201303": "8.02",
        "201304": "8.64",
        "201305": "10.63",
        "201306": "9.46",
        "201307": "8.34",
        "201308": "8.36",
        "201309": "9.19",
        "201310": "8.64",
        "201311": "8.73",
        "201312": "12.33",
        "201401": "18.56",
        "201402": "20.34",
        "201403": "22.18",
        "201404": "21.62",
        "201405": "28.35",
        "201406": "36.34",
        "201407": "31.67",
        "201408": "32.41",
        "201409": "29.47",
        "201410": "26.20",
        "201411": "25.06",
        "201412": "25.65",
        "201501": "28.76",
        "201502": "29.32",
        "201503": "30.90",
        "201504": "29.03",
        "201505": "24.39",
        "201506": "18.33",
        "201507": "15.37",
        "201508": "12.93",
        "201509": "13.05",
        "201510": "14.80",
        "201511": "14.94",
        "201512": "15.70",
        "201601": "13.73",
        "201602": "13.35",
        "201603": "14.49",
        "201604": "13.06",
        "201605": "11.97",
        "201606": "12.21",
        "201607": "12.77",
        "201608": "12.49",
        "201609": "12.72",
        "201610": "12.74",
        "201611": "11.42",
        "201612": "11.65",
        "201701": "11.52",
        "201702": "13.62",
        "201703": "15.05",
        "201704": "15.43",
        "201705": "15.69",
        "201706": "15.35",
        "201707": "14.01",
        "201708": "13.45",
        "201709": "13.58",
        "201710": "13.16",
        "201711": "13.10",
        "201712": "12.67",
        "201801": "14.90",
        "201802": "17.15",
        "201803": "16.83",
        "201804": "16.03",
        "201805": "14.38",
        "201806": "15.15",
        "201807": "15.11",
        "201808": "14.85",
        "201809": "14.32",
        "201810": "12.24",
        "201811": "10.80",
        "201812": "10.66",
        "201901": "10.43",
        "201902": "10.77",
        "201903": "11.71",
        "201904": "11.52",
        "201905": "10.65",
        "201906": "10.57",
        "201907": "10.64",
        "201908": "11.32",
        "201909": "12.04",
        "201910": "11.95",
        "201911": "11.76",
        "201912": "11.97",
        "202001": "11.92",
        "202002": "11.35",
        "202003": "10.37",
        "202004": "9.63",
        "202005": "9.92",
        "202006": "10.45",
        "202007": "14.27",
        "202008": "14.47",
        "202009": "16.02",
        "202010": "17.05",
        "202011": "16.90",
        "202012": "16.18",
        "202101": "16.00",
        "202102": "17.27",
        "202103": "23.88",
        "202104": "35.59",
        "202105": "27.70",
        "202106": "31.59",
        "202107": "40.13",
        "202108": "33.71",
        "202109": "31.26",
        "202110": "25.07",
        "202111": "28.57",
        "202112": "29.00",
        "202201": "28.18",
        "202202": "26.60",
        "202203": "24.22",
        "202204": "24.37",
        "202205": "23.19",
        "202206": "23.25",
        "202207": "20.05",
        "202208": "23.73",
        "202209": "23.61",
        "202210": "20.49",
        "202211": "23.19",
        "202212": "23.14",
        "202301": "22.15",
        "202302": "23.36",
        "202303": "23.68",
        "202304": "22.87",
        "202305": "21.54",
        "202306": "22.69",
        "202307": "22.51",
        "202308": "20.94",
        "202309": "21.54",
        "202310": "22.74",
        "202311": "25.33",
        "202312": "28.32",
        "202401": "25.92",
        "202402": "33.77",
        "202403": "29.51",
        "202404": "無"
    },
    "quarters": {
        "20011": {
            "year_quarter": 20011,
            "year": 2001,
            "quarter": 1,
            "eps": null,
            "eps_growth_year": null,
            "eps_4q": null,
            "eps_4q_growth_year": null,
            "roe": null,
            "roe_4q": 0,
            "gross_profit": null,
            "gross_margin": null,
            "gross_margin_4q_avg": 0,
            "net_income": null,
            "net_income_4q": null,
            "revenue": null,
            "revenue_4q": null,
            "common_shares": null,
            "book_valuer_per_share": null,
            "book_valuer_per_share_4q_avg": 0,
            "equity": null,
            "current_ratio": null,
            "debt_ratio": null,
            "inventory_turnover_ratio": null,
            "account_receivable_turnover_ratio": null,
            "reinvestment_rate": null,
            "research_to_sale_ratio": null,
            "price_fair": 0,
            "eps_avg_yearly": 0,
            "eps_latest_yearly": 0,
            "eps_growth_yearly": 0
        },
        "20012": {
            "year_quarter": 20012,
            "year": 2001,
            "quarter": 2,
            "eps": null,
            "eps_growth_year": null,
            "eps_4q": null,
            "eps_4q_growth_year": null,
            "roe": null,
            "roe_4q": 0,
            "gross_profit": null,
            "gross_margin": null,
            "gross_margin_4q_avg": 0,
            "net_income": null,
            "net_income_4q": null,
            "revenue": null,
            "revenue_4q": null,
            "common_shares": null,
            "book_valuer_per_share": null,
            "book_valuer_per_share_4q_avg": 0,
            "equity": null,
            "current_ratio": null,
            "debt_ratio": null,
            "inventory_turnover_ratio": null,
            "account_receivable_turnover_ratio": null,
            "reinvestment_rate": null,
            "research_to_sale_ratio": null,
            "price_fair": 0,
            "eps_avg_yearly": 0,
            "eps_latest_yearly": 0,
            "eps_growth_yearly": 0
        },
        "20013": {
            "year_quarter": 20013,
            "year": 2001,
            "quarter": 3,
            "eps": null,
            "eps_growth_year": null,
            "eps_4q": null,
            "eps_4q_growth_year": null,
            "roe": null,
            "roe_4q": 0,
            "gross_profit": null,
            "gross_margin": null,
            "gross_margin_4q_avg": 0,
            "net_income": null,
            "net_income_4q": null,
            "revenue": null,
            "revenue_4q": null,
            "common_shares": null,
            "book_valuer_per_share": null,
            "book_valuer_per_share_4q_avg": 0,
            "equity": null,
            "current_ratio": null,
            "debt_ratio": null,
            "inventory_turnover_ratio": null,
            "account_receivable_turnover_ratio": null,
            "reinvestment_rate": null,
            "research_to_sale_ratio": null,
            "price_fair": 0,
            "eps_avg_yearly": 0,
            "eps_latest_yearly": 0,
            "eps_growth_yearly": 0
        },
        "20014": {
            "year_quarter": 20014,
            "year": 2001,
            "quarter": 4,
            "eps": null,
            "eps_growth_year": null,
            "eps_4q": null,
            "eps_4q_growth_year": null,
            "roe": null,
            "roe_4q": 0,
            "gross_profit": null,
            "gross_margin": null,
            "gross_margin_4q_avg": 0,
            "net_income": null,
            "net_income_4q": null,
            "revenue": null,
            "revenue_4q": null,
            "common_shares": 60000,
            "book_valuer_per_share": 20.1,
            "book_valuer_per_share_4q_avg": 5.03,
            "equity": 120602,
            "current_ratio": 132.91,
            "debt_ratio": 63.52,
            "inventory_turnover_ratio": null,
            "account_receivable_turnover_ratio": null,
            "reinvestment_rate": null,
            "research_to_sale_ratio": null,
            "price_fair": 0,
            "eps_avg_yearly": 0,
            "eps_latest_yearly": 0,
            "eps_growth_yearly": 0
        },
        "20021": {
            "year_quarter": 20021,
            "year": 2002,
            "quarter": 1,
            "eps": null,
            "eps_growth_year": null,
            "eps_4q": null,
            "eps_4q_growth_year": null,
            "roe": null,
            "roe_4q": 0,
            "gross_profit": null,
            "gross_margin": null,
            "gross_margin_4q_avg": 0,
            "net_income": null,
            "net_income_4q": null,
            "revenue": null,
            "revenue_4q": null,
            "common_shares": null,
            "book_valuer_per_share": null,
            "book_valuer_per_share_4q_avg": 5.03,
            "equity": null,
            "current_ratio": null,
            "debt_ratio": null,
            "inventory_turnover_ratio": null,
            "account_receivable_turnover_ratio": null,
            "reinvestment_rate": null,
            "research_to_sale_ratio": null,
            "price_fair": 0,
            "eps_avg_yearly": 0,
            "eps_latest_yearly": 0,
            "eps_growth_yearly": 0
        },
        "20022": {
            "year_quarter": 20022,
            "year": 2002,
            "quarter": 2,
            "eps": null,
            "eps_growth_year": null,
            "eps_4q": null,
            "eps_4q_growth_year": null,
            "roe": null,
            "roe_4q": 0,
            "gross_profit": null,
            "gross_margin": null,
            "gross_margin_4q_avg": 0,
            "net_income": null,
            "net_income_4q": null,
            "revenue": null,
            "revenue_4q": null,
            "common_shares": null,
            "book_valuer_per_share": null,
            "book_valuer_per_share_4q_avg": 5.03,
            "equity": null,
            "current_ratio": null,
            "debt_ratio": null,
            "inventory_turnover_ratio": null,
            "account_receivable_turnover_ratio": null,
            "reinvestment_rate": null,
            "research_to_sale_ratio": null,
            "price_fair": 0,
            "eps_avg_yearly": 0,
            "eps_latest_yearly": 0,
            "eps_growth_yearly": 0
        },
        "20023": {
            "year_quarter": 20023,
            "year": 2002,
            "quarter": 3,
            "eps": null,
            "eps_growth_year": null,
            "eps_4q": null,
            "eps_4q_growth_year": null,
            "roe": null,
            "roe_4q": 0,
            "gross_profit": null,
            "gross_margin": null,
            "gross_margin_4q_avg": 0,
            "net_income": null,
            "net_income_4q": null,
            "revenue": null,
            "revenue_4q": null,
            "common_shares": null,
            "book_valuer_per_share": null,
            "book_valuer_per_share_4q_avg": 5.03,
            "equity": null,
            "current_ratio": null,
            "debt_ratio": null,
            "inventory_turnover_ratio": null,
            "account_receivable_turnover_ratio": null,
            "reinvestment_rate": null,
            "research_to_sale_ratio": null,
            "price_fair": 0,
            "eps_avg_yearly": 0,
            "eps_latest_yearly": 0,
            "eps_growth_yearly": 0
        },
        "20024": {
            "year_quarter": 20024,
            "year": 2002,
            "quarter": 4,
            "eps": null,
            "eps_growth_year": null,
            "eps_4q": null,
            "eps_4q_growth_year": null,
            "roe": null,
            "roe_4q": 0,
            "gross_profit": null,
            "gross_margin": null,
            "gross_margin_4q_avg": 0,
            "net_income": null,
            "net_income_4q": null,
            "revenue": null,
            "revenue_4q": null,
            "common_shares": 110000,
            "book_valuer_per_share": 11.68,
            "book_valuer_per_share_4q_avg": 2.92,
            "equity": 128471,
            "current_ratio": 128.6,
            "debt_ratio": 59.24,
            "inventory_turnover_ratio": null,
            "account_receivable_turnover_ratio": null,
            "reinvestment_rate": null,
            "research_to_sale_ratio": null,
            "price_fair": 0,
            "eps_avg_yearly": 0,
            "eps_latest_yearly": 0,
            "eps_growth_yearly": 0
        },
        "20031": {
            "year_quarter": 20031,
            "year": 2003,
            "quarter": 1,
            "eps": -0.84,
            "eps_growth_year": null,
            "eps_4q": null,
            "eps_4q_growth_year": null,
            "roe": -7.94,
            "roe_4q": -7.94,
            "gross_profit": 13881,
            "gross_margin": 11.51,
            "gross_margin_4q_avg": 2.88,
            "net_income": -9809,
            "net_income_4q": null,
            "revenue": 120593,
            "revenue_4q": null,
            "common_shares": 110000,
            "book_valuer_per_share": 10.79,
            "book_valuer_per_share_4q_avg": 5.62,
            "equity": 118659,
            "current_ratio": 125.59,
            "debt_ratio": 53.91,
            "inventory_turnover_ratio": 7.08,
            "account_receivable_turnover_ratio": null,
            "reinvestment_rate": null,
            "research_to_sale_ratio": null,
            "price_fair": 0,
            "eps_avg_yearly": 0,
            "eps_latest_yearly": 0,
            "eps_growth_yearly": 0
        },
        "20032": {
            "year_quarter": 20032,
            "year": 2003,
            "quarter": 2,
            "eps": 0.9,
            "eps_growth_year": null,
            "eps_4q": null,
            "eps_4q_growth_year": null,
            "roe": 8.16,
            "roe_4q": 0.21999999999999975,
            "gross_profit": 25845,
            "gross_margin": 12.02,
            "gross_margin_4q_avg": 5.88,
            "net_income": 9944,
            "net_income_4q": null,
            "revenue": 214961,
            "revenue_4q": null,
            "common_shares": 110000,
            "book_valuer_per_share": 11.38,
            "book_valuer_per_share_4q_avg": 8.46,
            "equity": 125157,
            "current_ratio": 115.91,
            "debt_ratio": 68.5,
            "inventory_turnover_ratio": 11.73,
            "account_receivable_turnover_ratio": null,
            "reinvestment_rate": null,
            "research_to_sale_ratio": null,
            "price_fair": 0,
            "eps_avg_yearly": 0,
            "eps_latest_yearly": 0,
            "eps_growth_yearly": 0
        },
        "20033": {
            "year_quarter": 20033,
            "year": 2003,
            "quarter": 3,
            "eps": null,
            "eps_growth_year": null,
            "eps_4q": null,
            "eps_4q_growth_year": null,
            "roe": null,
            "roe_4q": 0.21999999999999975,
            "gross_profit": null,
            "gross_margin": null,
            "gross_margin_4q_avg": 5.88,
            "net_income": null,
            "net_income_4q": null,
            "revenue": null,
            "revenue_4q": null,
            "common_shares": null,
            "book_valuer_per_share": null,
            "book_valuer_per_share_4q_avg": 8.46,
            "equity": null,
            "current_ratio": null,
            "debt_ratio": null,
            "inventory_turnover_ratio": null,
            "account_receivable_turnover_ratio": null,
            "reinvestment_rate": null,
            "research_to_sale_ratio": null,
            "price_fair": 0,
            "eps_avg_yearly": 0,
            "eps_latest_yearly": 0,
            "eps_growth_yearly": 0
        },
        "20034": {
            "year_quarter": 20034,
            "year": 2003,
            "quarter": 4,
            "eps": null,
            "eps_growth_year": null,
            "eps_4q": null,
            "eps_4q_growth_year": null,
            "roe": null,
            "roe_4q": 0.21999999999999975,
            "gross_profit": null,
            "gross_margin": null,
            "gross_margin_4q_avg": 5.88,
            "net_income": null,
            "net_income_4q": null,
            "revenue": null,
            "revenue_4q": null,
            "common_shares": 117100,
            "book_valuer_per_share": 12.88,
            "book_valuer_per_share_4q_avg": 8.76,
            "equity": 150819,
            "current_ratio": 137.06,
            "debt_ratio": 60.7,
            "inventory_turnover_ratio": null,
            "account_receivable_turnover_ratio": null,
            "reinvestment_rate": null,
            "research_to_sale_ratio": null,
            "price_fair": 0,
            "eps_avg_yearly": 0,
            "eps_latest_yearly": 0,
            "eps_growth_yearly": 0
        },
        "20041": {
            "year_quarter": 20041,
            "year": 2004,
            "quarter": 1,
            "eps": 0.08,
            "eps_growth_year": null,
            "eps_4q": null,
            "eps_4q_growth_year": null,
            "roe": 0.68,
            "roe_4q": 8.84,
            "gross_profit": 16814,
            "gross_margin": 11.03,
            "gross_margin_4q_avg": 5.76,
            "net_income": 1152,
            "net_income_4q": null,
            "revenue": 152502,
            "revenue_4q": null,
            "common_shares": 147100,
            "book_valuer_per_share": 12.76,
            "book_valuer_per_share_4q_avg": 9.26,
            "equity": 187656,
            "current_ratio": 167.24,
            "debt_ratio": 48.15,
            "inventory_turnover_ratio": 14.66,
            "account_receivable_turnover_ratio": null,
            "reinvestment_rate": null,
            "research_to_sale_ratio": null,
            "price_fair": 0,
            "eps_avg_yearly": 0,
            "eps_latest_yearly": 0,
            "eps_growth_yearly": 0
        },
        "20042": {
            "year_quarter": 20042,
            "year": 2004,
            "quarter": 2,
            "eps": 0.87,
            "eps_growth_year": -3.33,
            "eps_4q": null,
            "eps_4q_growth_year": null,
            "roe": 6.57,
            "roe_4q": 7.25,
            "gross_profit": 44429,
            "gross_margin": 8.7,
            "gross_margin_4q_avg": 4.93,
            "net_income": 12645,
            "net_income_4q": null,
            "revenue": 510959,
            "revenue_4q": null,
            "common_shares": 147100,
            "book_valuer_per_share": 13.41,
            "book_valuer_per_share_4q_avg": 9.76,
            "equity": 197290,
            "current_ratio": 122.83,
            "debt_ratio": 72.45,
            "inventory_turnover_ratio": 23.74,
            "account_receivable_turnover_ratio": null,
            "reinvestment_rate": null,
            "research_to_sale_ratio": null,
            "price_fair": 121.8,
            "eps_avg_yearly": 3.48,
            "eps_latest_yearly": 3.48,
            "eps_growth_yearly": 3950
        },
        "20043": {
            "year_quarter": 20043,
            "year": 2004,
            "quarter": 3,
            "eps": 0.77,
            "eps_growth_year": null,
            "eps_4q": null,
            "eps_4q_growth_year": null,
            "roe": 7.41,
            "roe_4q": 14.66,
            "gross_profit": 60631,
            "gross_margin": 9.55,
            "gross_margin_4q_avg": 7.32,
            "net_income": 15174,
            "net_income_4q": null,
            "revenue": 634711,
            "revenue_4q": null,
            "common_shares": 166852,
            "book_valuer_per_share": 12.73,
            "book_valuer_per_share_4q_avg": 12.95,
            "equity": 212465,
            "current_ratio": 122.06,
            "debt_ratio": 73.17,
            "inventory_turnover_ratio": 17.7,
            "account_receivable_turnover_ratio": null,
            "reinvestment_rate": null,
            "research_to_sale_ratio": null,
            "price_fair": 114.8,
            "eps_avg_yearly": 3.28,
            "eps_latest_yearly": 3.08,
            "eps_growth_yearly": 1952.01
        },
        "20044": {
            "year_quarter": 20044,
            "year": 2004,
            "quarter": 4,
            "eps": 1.27,
            "eps_growth_year": null,
            "eps_4q": 3.01,
            "eps_4q_growth_year": null,
            "roe": 9.48,
            "roe_4q": 24.14,
            "gross_profit": 41642,
            "gross_margin": 8.72,
            "gross_margin_4q_avg": 9.5,
            "net_income": 21101,
            "net_income_4q": null,
            "revenue": 477556,
            "revenue_4q": null,
            "common_shares": 166852,
            "book_valuer_per_share": 13.95,
            "book_valuer_per_share_4q_avg": 13.21,
            "equity": 232690,
            "current_ratio": 135.24,
            "debt_ratio": 66.68,
            "inventory_turnover_ratio": 7.59,
            "account_receivable_turnover_ratio": null,
            "reinvestment_rate": null,
            "research_to_sale_ratio": null,
            "price_fair": 135.8,
            "eps_avg_yearly": 3.88,
            "eps_latest_yearly": 5.08,
            "eps_growth_yearly": 1387.92
        },
        "20051": {
            "year_quarter": 20051,
            "year": 2005,
            "quarter": 1,
            "eps": 0.33,
            "eps_growth_year": 312.5,
            "eps_4q": 3.13,
            "eps_4q_growth_year": null,
            "roe": 2.27,
            "roe_4q": 25.73,
            "gross_profit": 36209,
            "gross_margin": 6.84,
            "gross_margin_4q_avg": 8.45,
            "net_income": 5772,
            "net_income_4q": null,
            "revenue": 529542,
            "revenue_4q": null,
            "common_shares": 180952,
            "book_valuer_per_share": 15.21,
            "book_valuer_per_share_4q_avg": 13.83,
            "equity": 275299,
            "current_ratio": 155.78,
            "debt_ratio": 56.11,
            "inventory_turnover_ratio": 9.31,
            "account_receivable_turnover_ratio": null,
            "reinvestment_rate": null,
            "research_to_sale_ratio": null,
            "price_fair": 113.4,
            "eps_avg_yearly": 3.24,
            "eps_latest_yearly": 1.32,
            "eps_growth_yearly": 966.93
        },
        "20052": {
            "year_quarter": 20052,
            "year": 2005,
            "quarter": 2,
            "eps": 1.14,
            "eps_growth_year": 31.03,
            "eps_4q": 3.49,
            "eps_4q_growth_year": null,
            "roe": 7.27,
            "roe_4q": 26.43,
            "gross_profit": 59913,
            "gross_margin": 9.37,
            "gross_margin_4q_avg": 8.62,
            "net_income": 20423,
            "net_income_4q": null,
            "revenue": 639577,
            "revenue_4q": null,
            "common_shares": 180952,
            "book_valuer_per_share": 15.82,
            "book_valuer_per_share_4q_avg": 14.43,
            "equity": 286180,
            "current_ratio": 139.58,
            "debt_ratio": 63.71,
            "inventory_turnover_ratio": 32.93,
            "account_receivable_turnover_ratio": null,
            "reinvestment_rate": null,
            "research_to_sale_ratio": null,
            "price_fair": 122.64,
            "eps_avg_yearly": 3.5,
            "eps_latest_yearly": 4.56,
            "eps_growth_yearly": 969.9
        },
        "20053": {
            "year_quarter": 20053,
            "year": 2005,
            "quarter": 3,
            "eps": 1.31,
            "eps_growth_year": 70.13,
            "eps_4q": 3.54,
            "eps_4q_growth_year": null,
            "roe": 9.26,
            "roe_4q": 28.28,
            "gross_profit": 55987,
            "gross_margin": 11.91,
            "gross_margin_4q_avg": 9.21,
            "net_income": 27787,
            "net_income_4q": null,
            "revenue": 470073,
            "revenue_4q": null,
            "common_shares": 180952,
            "book_valuer_per_share": 17.35,
            "book_valuer_per_share_4q_avg": 15.58,
            "equity": 313967,
            "current_ratio": 142.35,
            "debt_ratio": 62.97,
            "inventory_turnover_ratio": 81.75,
            "account_receivable_turnover_ratio": null,
            "reinvestment_rate": null,
            "research_to_sale_ratio": null,
            "price_fair": 132.77,
            "eps_avg_yearly": 3.79,
            "eps_latest_yearly": 5.24,
            "eps_growth_yearly": 818.19
        },
        "20054": {
            "year_quarter": 20054,
            "year": 2005,
            "quarter": 4,
            "eps": 0.22,
            "eps_growth_year": -82.68,
            "eps_4q": 2.71,
            "eps_4q_growth_year": -10.07,
            "roe": 1.36,
            "roe_4q": 20.16,
            "gross_profit": 24576,
            "gross_margin": 10.73,
            "gross_margin_4q_avg": 9.71,
            "net_income": 4769,
            "net_income_4q": null,
            "revenue": 229074,
            "revenue_4q": null,
            "common_shares": 247595,
            "book_valuer_per_share": 15.68,
            "book_valuer_per_share_4q_avg": 16.02,
            "equity": 387733,
            "current_ratio": 208.62,
            "debt_ratio": 39.48,
            "inventory_turnover_ratio": 31.64,
            "account_receivable_turnover_ratio": null,
            "reinvestment_rate": null,
            "research_to_sale_ratio": null,
            "price_fair": 118.2,
            "eps_avg_yearly": 3.38,
            "eps_latest_yearly": 0.88,
            "eps_growth_yearly": 653.76
        },
        "20061": {
            "year_quarter": 20061,
            "year": 2006,
            "quarter": 1,
            "eps": 0.1,
            "eps_growth_year": -69.7,
            "eps_4q": 2.16,
            "eps_4q_growth_year": -30.93,
            "roe": 0.66,
            "roe_4q": 18.549999999999997,
            "gross_profit": 24590,
            "gross_margin": 11.96,
            "gross_margin_4q_avg": 10.99,
            "net_income": 2572,
            "net_income_4q": null,
            "revenue": 205621,
            "revenue_4q": null,
            "common_shares": 249860,
            "book_valuer_per_share": 15.74,
            "book_valuer_per_share_4q_avg": 16.15,
            "equity": 393238,
            "current_ratio": 229.98,
            "debt_ratio": 33.02,
            "inventory_turnover_ratio": 18.11,
            "account_receivable_turnover_ratio": null,
            "reinvestment_rate": null,
            "research_to_sale_ratio": null,
            "price_fair": 105.18,
            "eps_avg_yearly": 3.01,
            "eps_latest_yearly": 0.4,
            "eps_growth_yearly": 544.77
        },
        "20062": {
            "year_quarter": 20062,
            "year": 2006,
            "quarter": 2,
            "eps": 0.42,
            "eps_growth_year": -63.16,
            "eps_4q": 1.84,
            "eps_4q_growth_year": -47.12,
            "roe": 2.68,
            "roe_4q": 13.96,
            "gross_profit": 29279,
            "gross_margin": 11.44,
            "gross_margin_4q_avg": 11.51,
            "net_income": 10361,
            "net_income_4q": null,
            "revenue": 256001,
            "revenue_4q": null,
            "common_shares": 249935,
            "book_valuer_per_share": 15.22,
            "book_valuer_per_share_4q_avg": 16,
            "equity": 380298,
            "current_ratio": 180.78,
            "debt_ratio": 46.66,
            "inventory_turnover_ratio": 19.14,
            "account_receivable_turnover_ratio": null,
            "reinvestment_rate": null,
            "research_to_sale_ratio": null,
            "price_fair": 100.02,
            "eps_avg_yearly": 2.86,
            "eps_latest_yearly": 1.68,
            "eps_growth_yearly": 626.46
        },
        "20063": {
            "year_quarter": 20063,
            "year": 2006,
            "quarter": 3,
            "eps": 0.39,
            "eps_growth_year": -70.23,
            "eps_4q": 1.03,
            "eps_4q_growth_year": -70.85,
            "roe": 2.79,
            "roe_4q": 7.490000000000001,
            "gross_profit": 46930,
            "gross_margin": 9.45,
            "gross_margin_4q_avg": 10.9,
            "net_income": 10755,
            "net_income_4q": null,
            "revenue": 496776,
            "revenue_4q": null,
            "common_shares": 277172,
            "book_valuer_per_share": 14.11,
            "book_valuer_per_share_4q_avg": 15.19,
            "equity": 391052,
            "current_ratio": 147.65,
            "debt_ratio": 56.36,
            "inventory_turnover_ratio": 30.74,
            "account_receivable_turnover_ratio": null,
            "reinvestment_rate": null,
            "research_to_sale_ratio": null,
            "price_fair": 95.48,
            "eps_avg_yearly": 2.73,
            "eps_latest_yearly": 1.56,
            "eps_growth_yearly": 560.96
        },
        "20064": {
            "year_quarter": 20064,
            "year": 2006,
            "quarter": 4,
            "eps": 0.05,
            "eps_growth_year": -77.27,
            "eps_4q": 0.89,
            "eps_4q_growth_year": -67.01,
            "roe": 0.36,
            "roe_4q": 6.49,
            "gross_profit": 22091,
            "gross_margin": 10.43,
            "gross_margin_4q_avg": 10.82,
            "net_income": 1403,
            "net_income_4q": null,
            "revenue": 211808,
            "revenue_4q": null,
            "common_shares": 277172,
            "book_valuer_per_share": 14.16,
            "book_valuer_per_share_4q_avg": 14.81,
            "equity": 392456,
            "current_ratio": 222.86,
            "debt_ratio": 42.78,
            "inventory_turnover_ratio": 13.53,
            "account_receivable_turnover_ratio": null,
            "reinvestment_rate": null,
            "research_to_sale_ratio": null,
            "price_fair": 87.44,
            "eps_avg_yearly": 2.5,
            "eps_latest_yearly": 0.2,
            "eps_growth_yearly": 478.26
        },
        "20071": {
            "year_quarter": 20071,
            "year": 2007,
            "quarter": 1,
            "eps": 0.22,
            "eps_growth_year": 120,
            "eps_4q": 1.03,
            "eps_4q_growth_year": -52.31,
            "roe": 1.54,
            "roe_4q": 7.369999999999999,
            "gross_profit": 22265,
            "gross_margin": 15.36,
            "gross_margin_4q_avg": 11.67,
            "net_income": 6116,
            "net_income_4q": null,
            "revenue": 144907,
            "revenue_4q": null,
            "common_shares": 278482,
            "book_valuer_per_share": 14.36,
            "book_valuer_per_share_4q_avg": 14.46,
            "equity": 399881,
            "current_ratio": 236.69,
            "debt_ratio": 39.92,
            "inventory_turnover_ratio": 13.9,
            "account_receivable_turnover_ratio": null,
            "reinvestment_rate": null,
            "research_to_sale_ratio": null,
            "price_fair": 82.72,
            "eps_avg_yearly": 2.36,
            "eps_latest_yearly": 0.88,
            "eps_growth_yearly": 551.74
        },
        "20072": {
            "year_quarter": 20072,
            "year": 2007,
            "quarter": 2,
            "eps": 0.61,
            "eps_growth_year": 45.24,
            "eps_4q": 1.27,
            "eps_4q_growth_year": -31.35,
            "roe": 4.21,
            "roe_4q": 8.9,
            "gross_profit": 35235,
            "gross_margin": 12.65,
            "gross_margin_4q_avg": 11.97,
            "net_income": 16995,
            "net_income_4q": null,
            "revenue": 278513,
            "revenue_4q": null,
            "common_shares": 278482,
            "book_valuer_per_share": 14.63,
            "book_valuer_per_share_4q_avg": 14.32,
            "equity": 407424,
            "current_ratio": 180.59,
            "debt_ratio": 48.53,
            "inventory_turnover_ratio": 23.94,
            "account_receivable_turnover_ratio": null,
            "reinvestment_rate": null,
            "research_to_sale_ratio": null,
            "price_fair": 82.92,
            "eps_avg_yearly": 2.37,
            "eps_latest_yearly": 2.44,
            "eps_growth_yearly": 563.84
        },
        "20073": {
            "year_quarter": 20073,
            "year": 2007,
            "quarter": 3,
            "eps": 0.47,
            "eps_growth_year": 20.51,
            "eps_4q": 1.35,
            "eps_4q_growth_year": 31.13,
            "roe": 3.15,
            "roe_4q": 9.259999999999998,
            "gross_profit": 33836,
            "gross_margin": 11.54,
            "gross_margin_4q_avg": 12.5,
            "net_income": 13046,
            "net_income_4q": null,
            "revenue": 293142,
            "revenue_4q": null,
            "common_shares": 278482,
            "book_valuer_per_share": 15.1,
            "book_valuer_per_share_4q_avg": 14.56,
            "equity": 420468,
            "current_ratio": 187.78,
            "debt_ratio": 47.24,
            "inventory_turnover_ratio": 22.78,
            "account_receivable_turnover_ratio": null,
            "reinvestment_rate": null,
            "research_to_sale_ratio": null,
            "price_fair": 81.7,
            "eps_avg_yearly": 2.33,
            "eps_latest_yearly": 1.88,
            "eps_growth_yearly": 517.01
        },
        "20074": {
            "year_quarter": 20074,
            "year": 2007,
            "quarter": 4,
            "eps": -0.11,
            "eps_growth_year": -320,
            "eps_4q": 1.2,
            "eps_4q_growth_year": 34.19,
            "roe": -0.75,
            "roe_4q": 8.149999999999999,
            "gross_profit": 19093,
            "gross_margin": 9.94,
            "gross_margin_4q_avg": 12.37,
            "net_income": -3167,
            "net_income_4q": null,
            "revenue": 192048,
            "revenue_4q": null,
            "common_shares": 278482,
            "book_valuer_per_share": 14.98,
            "book_valuer_per_share_4q_avg": 14.77,
            "equity": 418530,
            "current_ratio": 204.97,
            "debt_ratio": 44.26,
            "inventory_turnover_ratio": 20.37,
            "account_receivable_turnover_ratio": null,
            "reinvestment_rate": 128.4,
            "research_to_sale_ratio": null,
            "price_fair": 81.7,
            "eps_avg_yearly": 2.33,
            "eps_latest_yearly": 1.88,
            "eps_growth_yearly": 517.01
        },
        "20081": {
            "year_quarter": 20081,
            "year": 2008,
            "quarter": 1,
            "eps": -1.03,
            "eps_growth_year": -568.18,
            "eps_4q": -0.07,
            "eps_4q_growth_year": -106.66,
            "roe": -7.17,
            "roe_4q": -0.5599999999999996,
            "gross_profit": 24623,
            "gross_margin": 13.51,
            "gross_margin_4q_avg": 11.91,
            "net_income": -28997,
            "net_income_4q": null,
            "revenue": 182209,
            "revenue_4q": null,
            "common_shares": 279282,
            "book_valuer_per_share": 13.94,
            "book_valuer_per_share_4q_avg": 14.66,
            "equity": 390332,
            "current_ratio": 218.95,
            "debt_ratio": 43.98,
            "inventory_turnover_ratio": 7.59,
            "account_receivable_turnover_ratio": null,
            "reinvestment_rate": 181,
            "research_to_sale_ratio": null,
            "price_fair": 81.7,
            "eps_avg_yearly": 2.33,
            "eps_latest_yearly": 1.88,
            "eps_growth_yearly": 517.01
        },
        "20082": {
            "year_quarter": 20082,
            "year": 2008,
            "quarter": 2,
            "eps": -0.55,
            "eps_growth_year": -190.16,
            "eps_4q": -1.22,
            "eps_4q_growth_year": -196.77,
            "roe": -4.13,
            "roe_4q": -8.9,
            "gross_profit": 26142,
            "gross_margin": 10.21,
            "gross_margin_4q_avg": 11.3,
            "net_income": -15677,
            "net_income_4q": null,
            "revenue": 255993,
            "revenue_4q": null,
            "common_shares": 279422,
            "book_valuer_per_share": 13.21,
            "book_valuer_per_share_4q_avg": 14.31,
            "equity": 369665,
            "current_ratio": 156.54,
            "debt_ratio": 57.29,
            "inventory_turnover_ratio": 10.03,
            "account_receivable_turnover_ratio": null,
            "reinvestment_rate": 285.83,
            "research_to_sale_ratio": null,
            "price_fair": 78.62,
            "eps_avg_yearly": 2.25,
            "eps_latest_yearly": 1.88,
            "eps_growth_yearly": 252.94
        },
        "20083": {
            "year_quarter": 20083,
            "year": 2008,
            "quarter": 3,
            "eps": -0.03,
            "eps_growth_year": -106.38,
            "eps_4q": -1.58,
            "eps_4q_growth_year": -216.52,
            "roe": -0.38,
            "roe_4q": -12.43,
            "gross_profit": 11049,
            "gross_margin": 6.04,
            "gross_margin_4q_avg": 9.93,
            "net_income": -1382,
            "net_income_4q": null,
            "revenue": 182957,
            "revenue_4q": null,
            "common_shares": 306275,
            "book_valuer_per_share": 11.48,
            "book_valuer_per_share_4q_avg": 13.4,
            "equity": 351808,
            "current_ratio": 139.5,
            "debt_ratio": 62.59,
            "inventory_turnover_ratio": 5.18,
            "account_receivable_turnover_ratio": null,
            "reinvestment_rate": 397.36,
            "research_to_sale_ratio": null,
            "price_fair": 76.18,
            "eps_avg_yearly": 2.18,
            "eps_latest_yearly": 1.88,
            "eps_growth_yearly": 277.84
        },
        "20084": {
            "year_quarter": 20084,
            "year": 2008,
            "quarter": 4,
            "eps": -0.96,
            "eps_growth_year": null,
            "eps_4q": -2.39,
            "eps_4q_growth_year": -299.15,
            "roe": -8.89,
            "roe_4q": -20.57,
            "gross_profit": 2987,
            "gross_margin": 2.07,
            "gross_margin_4q_avg": 7.96,
            "net_income": -29687,
            "net_income_4q": null,
            "revenue": 144097,
            "revenue_4q": null,
            "common_shares": 306275,
            "book_valuer_per_share": 10.31,
            "book_valuer_per_share_4q_avg": 12.24,
            "equity": 316245,
            "current_ratio": 127.67,
            "debt_ratio": 64.69,
            "inventory_turnover_ratio": 3.5,
            "account_receivable_turnover_ratio": 1.81,
            "reinvestment_rate": 1095.93,
            "research_to_sale_ratio": null,
            "price_fair": 66.95,
            "eps_avg_yearly": 1.91,
            "eps_latest_yearly": 1.88,
            "eps_growth_yearly": 279.49
        },
        "20091": {
            "year_quarter": 20091,
            "year": 2009,
            "quarter": 1,
            "eps": -0.17,
            "eps_growth_year": null,
            "eps_4q": -1.66,
            "eps_4q_growth_year": null,
            "roe": -1.71,
            "roe_4q": -15.110000000000003,
            "gross_profit": 10328,
            "gross_margin": 8.28,
            "gross_margin_4q_avg": 6.65,
            "net_income": -5429,
            "net_income_4q": null,
            "revenue": 124795,
            "revenue_4q": null,
            "common_shares": 306663,
            "book_valuer_per_share": 10.35,
            "book_valuer_per_share_4q_avg": 11.34,
            "equity": 317545,
            "current_ratio": 126.38,
            "debt_ratio": 67.19,
            "inventory_turnover_ratio": 4.05,
            "account_receivable_turnover_ratio": 0.76,
            "reinvestment_rate": 1642.92,
            "research_to_sale_ratio": null,
            "price_fair": 69.02,
            "eps_avg_yearly": 1.97,
            "eps_latest_yearly": 1.88,
            "eps_growth_yearly": 337.05
        },
        "20092": {
            "year_quarter": 20092,
            "year": 2009,
            "quarter": 2,
            "eps": -0.49,
            "eps_growth_year": null,
            "eps_4q": -1.65,
            "eps_4q_growth_year": null,
            "roe": -4.94,
            "roe_4q": -15.920000000000002,
            "gross_profit": 25158,
            "gross_margin": 9.55,
            "gross_margin_4q_avg": 6.49,
            "net_income": -15261,
            "net_income_4q": null,
            "revenue": 263518,
            "revenue_4q": null,
            "common_shares": 306663,
            "book_valuer_per_share": 9.8,
            "book_valuer_per_share_4q_avg": 10.49,
            "equity": 300932,
            "current_ratio": 114.88,
            "debt_ratio": 73.06,
            "inventory_turnover_ratio": 8.67,
            "account_receivable_turnover_ratio": 1.32,
            "reinvestment_rate": null,
            "research_to_sale_ratio": null,
            "price_fair": 58.96,
            "eps_avg_yearly": 1.68,
            "eps_latest_yearly": 1.88,
            "eps_growth_yearly": 265.4
        },
        "20093": {
            "year_quarter": 20093,
            "year": 2009,
            "quarter": 3,
            "eps": 0.13,
            "eps_growth_year": null,
            "eps_4q": -1.64,
            "eps_4q_growth_year": null,
            "roe": 1.18,
            "roe_4q": -14.360000000000001,
            "gross_profit": 38438,
            "gross_margin": 9.92,
            "gross_margin_4q_avg": 7.46,
            "net_income": 3614,
            "net_income_4q": null,
            "revenue": 387538,
            "revenue_4q": null,
            "common_shares": 306663,
            "book_valuer_per_share": 10.08,
            "book_valuer_per_share_4q_avg": 10.14,
            "equity": 309651,
            "current_ratio": 117.86,
            "debt_ratio": 73.73,
            "inventory_turnover_ratio": 10.92,
            "account_receivable_turnover_ratio": 1.47,
            "reinvestment_rate": null,
            "research_to_sale_ratio": null,
            "price_fair": 43.4,
            "eps_avg_yearly": 1.24,
            "eps_latest_yearly": 1.88,
            "eps_growth_yearly": 291.12
        },
        "20094": {
            "year_quarter": 20094,
            "year": 2009,
            "quarter": 4,
            "eps": -0.44,
            "eps_growth_year": null,
            "eps_4q": -0.97,
            "eps_4q_growth_year": null,
            "roe": -4.57,
            "roe_4q": -10.040000000000003,
            "gross_profit": 14364,
            "gross_margin": 5.36,
            "gross_margin_4q_avg": 8.28,
            "net_income": -13890,
            "net_income_4q": null,
            "revenue": 267790,
            "revenue_4q": null,
            "common_shares": 306663,
            "book_valuer_per_share": 9.71,
            "book_valuer_per_share_4q_avg": 9.99,
            "equity": 298076,
            "current_ratio": 120.52,
            "debt_ratio": 71.26,
            "inventory_turnover_ratio": 11.39,
            "account_receivable_turnover_ratio": 1.21,
            "reinvestment_rate": null,
            "research_to_sale_ratio": null,
            "price_fair": 45.2,
            "eps_avg_yearly": 1.29,
            "eps_latest_yearly": 1.88,
            "eps_growth_yearly": 380.26
        },
        "20101": {
            "year_quarter": 20101,
            "year": 2010,
            "quarter": 1,
            "eps": -0.13,
            "eps_growth_year": null,
            "eps_4q": -0.93,
            "eps_4q_growth_year": null,
            "roe": -1.43,
            "roe_4q": -9.760000000000002,
            "gross_profit": 24343,
            "gross_margin": 8.15,
            "gross_margin_4q_avg": 8.25,
            "net_income": -4223,
            "net_income_4q": null,
            "revenue": 298685,
            "revenue_4q": null,
            "common_shares": 306663,
            "book_valuer_per_share": 9.48,
            "book_valuer_per_share_4q_avg": 9.77,
            "equity": 291585,
            "current_ratio": 115.61,
            "debt_ratio": 72.25,
            "inventory_turnover_ratio": 33.93,
            "account_receivable_turnover_ratio": 0.64,
            "reinvestment_rate": null,
            "research_to_sale_ratio": 3.19,
            "price_fair": 50.4,
            "eps_avg_yearly": 1.44,
            "eps_latest_yearly": 1.88,
            "eps_growth_yearly": 480
        },
        "20102": {
            "year_quarter": 20102,
            "year": 2010,
            "quarter": 2,
            "eps": 0.54,
            "eps_growth_year": null,
            "eps_4q": 0.1,
            "eps_4q_growth_year": null,
            "roe": 5.4,
            "roe_4q": 0.5800000000000003,
            "gross_profit": 57280,
            "gross_margin": 9.44,
            "gross_margin_4q_avg": 8.22,
            "net_income": 16075,
            "net_income_4q": null,
            "revenue": 606643,
            "revenue_4q": null,
            "common_shares": 306663,
            "book_valuer_per_share": 9.91,
            "book_valuer_per_share_4q_avg": 9.8,
            "equity": 304085,
            "current_ratio": 111.35,
            "debt_ratio": 76,
            "inventory_turnover_ratio": 45,
            "account_receivable_turnover_ratio": 1.05,
            "reinvestment_rate": null,
            "research_to_sale_ratio": 1.69,
            "price_fair": 48.72,
            "eps_avg_yearly": 1.39,
            "eps_latest_yearly": 1.88,
            "eps_growth_yearly": 320
        },
        "20103": {
            "year_quarter": 20103,
            "year": 2010,
            "quarter": 3,
            "eps": 0.34,
            "eps_growth_year": 163.28,
            "eps_4q": 0.31,
            "eps_4q_growth_year": null,
            "roe": 3.29,
            "roe_4q": 2.6900000000000013,
            "gross_profit": 50687,
            "gross_margin": 9,
            "gross_margin_4q_avg": 7.99,
            "net_income": 10301,
            "net_income_4q": null,
            "revenue": 563013,
            "revenue_4q": null,
            "common_shares": 306663,
            "book_valuer_per_share": 10.47,
            "book_valuer_per_share_4q_avg": 9.89,
            "equity": 321975,
            "current_ratio": 116.41,
            "debt_ratio": 72.89,
            "inventory_turnover_ratio": 32.45,
            "account_receivable_turnover_ratio": 0.88,
            "reinvestment_rate": null,
            "research_to_sale_ratio": 1.61,
            "price_fair": 47.32,
            "eps_avg_yearly": 1.35,
            "eps_latest_yearly": 1.36,
            "eps_growth_yearly": 296.08
        },
        "20104": {
            "year_quarter": 20104,
            "year": 2010,
            "quarter": 4,
            "eps": -0.55,
            "eps_growth_year": null,
            "eps_4q": 0.21,
            "eps_4q_growth_year": null,
            "roe": -5.42,
            "roe_4q": 1.8400000000000005,
            "gross_profit": 26637,
            "gross_margin": 8.88,
            "gross_margin_4q_avg": 8.87,
            "net_income": -16893,
            "net_income_4q": null,
            "revenue": 300083,
            "revenue_4q": null,
            "common_shares": 306663,
            "book_valuer_per_share": 9.81,
            "book_valuer_per_share_4q_avg": 9.92,
            "equity": 301519,
            "current_ratio": 116,
            "debt_ratio": 70.57,
            "inventory_turnover_ratio": 25.33,
            "account_receivable_turnover_ratio": 0.55,
            "reinvestment_rate": null,
            "research_to_sale_ratio": 3.1,
            "price_fair": 57.4,
            "eps_avg_yearly": 1.64,
            "eps_latest_yearly": 1.36,
            "eps_growth_yearly": 457.28
        },
        "20111": {
            "year_quarter": 20111,
            "year": 2011,
            "quarter": 1,
            "eps": -0.22,
            "eps_growth_year": null,
            "eps_4q": 0.11,
            "eps_4q_growth_year": null,
            "roe": -2.38,
            "roe_4q": 0.8900000000000006,
            "gross_profit": 24743,
            "gross_margin": 8.82,
            "gross_margin_4q_avg": 9.04,
            "net_income": -7090,
            "net_income_4q": null,
            "revenue": 280568,
            "revenue_4q": null,
            "common_shares": 306663,
            "book_valuer_per_share": 9.57,
            "book_valuer_per_share_4q_avg": 9.94,
            "equity": 293912,
            "current_ratio": 112.87,
            "debt_ratio": 71.45,
            "inventory_turnover_ratio": 17.77,
            "account_receivable_turnover_ratio": 0.55,
            "reinvestment_rate": null,
            "research_to_sale_ratio": 3.56,
            "price_fair": 66.27,
            "eps_avg_yearly": 1.89,
            "eps_latest_yearly": 1.36,
            "eps_growth_yearly": 156.38
        },
        "20112": {
            "year_quarter": 20112,
            "year": 2011,
            "quarter": 2,
            "eps": 0.29,
            "eps_growth_year": -46.43,
            "eps_4q": -0.14,
            "eps_4q_growth_year": -243.78,
            "roe": 2.92,
            "roe_4q": -1.5899999999999999,
            "gross_profit": 48202,
            "gross_margin": 9.83,
            "gross_margin_4q_avg": 9.13,
            "net_income": 8636,
            "net_income_4q": null,
            "revenue": 490301,
            "revenue_4q": null,
            "common_shares": 306663,
            "book_valuer_per_share": 9.66,
            "book_valuer_per_share_4q_avg": 9.88,
            "equity": 296654,
            "current_ratio": 109.32,
            "debt_ratio": 74.46,
            "inventory_turnover_ratio": 22.2,
            "account_receivable_turnover_ratio": 0.79,
            "reinvestment_rate": null,
            "research_to_sale_ratio": 1.83,
            "price_fair": 4.86,
            "eps_avg_yearly": 1.62,
            "eps_latest_yearly": 1.36,
            "eps_growth_yearly": -119.98
        },
        "20113": {
            "year_quarter": 20113,
            "year": 2011,
            "quarter": 3,
            "eps": 0.17,
            "eps_growth_year": -49.45,
            "eps_4q": -0.31,
            "eps_4q_growth_year": -199.03,
            "roe": 1.75,
            "roe_4q": -3.13,
            "gross_profit": 30748,
            "gross_margin": 9.86,
            "gross_margin_4q_avg": 9.35,
            "net_income": 5196,
            "net_income_4q": null,
            "revenue": 311777,
            "revenue_4q": null,
            "common_shares": 306663,
            "book_valuer_per_share": 9.73,
            "book_valuer_per_share_4q_avg": 9.69,
            "equity": 298474,
            "current_ratio": 110.39,
            "debt_ratio": 72.89,
            "inventory_turnover_ratio": 13.25,
            "account_receivable_turnover_ratio": 0.47,
            "reinvestment_rate": null,
            "research_to_sale_ratio": 2.89,
            "price_fair": 3.06,
            "eps_avg_yearly": 1.02,
            "eps_latest_yearly": 0.68,
            "eps_growth_yearly": -156.83
        },
        "20114": {
            "year_quarter": 20114,
            "year": 2011,
            "quarter": 4,
            "eps": -0.53,
            "eps_growth_year": null,
            "eps_4q": -0.29,
            "eps_4q_growth_year": -241.18,
            "roe": -5.67,
            "roe_4q": -3.38,
            "gross_profit": 12766,
            "gross_margin": 6.81,
            "gross_margin_4q_avg": 8.83,
            "net_income": -16391,
            "net_income_4q": null,
            "revenue": 187381,
            "revenue_4q": null,
            "common_shares": 306663,
            "book_valuer_per_share": 9.12,
            "book_valuer_per_share_4q_avg": 9.52,
            "equity": 279834,
            "current_ratio": 107.54,
            "debt_ratio": 72.19,
            "inventory_turnover_ratio": 6.78,
            "account_receivable_turnover_ratio": 0.31,
            "reinvestment_rate": null,
            "research_to_sale_ratio": 4.39,
            "price_fair": 3.06,
            "eps_avg_yearly": 1.02,
            "eps_latest_yearly": 0.68,
            "eps_growth_yearly": -156.83
        },
        "20121": {
            "year_quarter": 20121,
            "year": 2012,
            "quarter": 1,
            "eps": -0.75,
            "eps_growth_year": null,
            "eps_4q": -0.82,
            "eps_4q_growth_year": -850.55,
            "roe": -8.58,
            "roe_4q": -9.58,
            "gross_profit": 12169,
            "gross_margin": 8.69,
            "gross_margin_4q_avg": 8.8,
            "net_income": -23093,
            "net_income_4q": null,
            "revenue": 140030,
            "revenue_4q": null,
            "common_shares": 306663,
            "book_valuer_per_share": 8.42,
            "book_valuer_per_share_4q_avg": 9.23,
            "equity": 258162,
            "current_ratio": 101.8,
            "debt_ratio": 72.33,
            "inventory_turnover_ratio": 8.22,
            "account_receivable_turnover_ratio": 0.25,
            "reinvestment_rate": null,
            "research_to_sale_ratio": 5.14,
            "price_fair": 3.06,
            "eps_avg_yearly": 1.02,
            "eps_latest_yearly": 0.68,
            "eps_growth_yearly": -156.83
        },
        "20122": {
            "year_quarter": 20122,
            "year": 2012,
            "quarter": 2,
            "eps": 0.03,
            "eps_growth_year": -88.43,
            "eps_4q": -1.07,
            "eps_4q_growth_year": null,
            "roe": 0.35,
            "roe_4q": -12.15,
            "gross_profit": 26704,
            "gross_margin": 10.92,
            "gross_margin_4q_avg": 9.07,
            "net_income": 894,
            "net_income_4q": null,
            "revenue": 244470,
            "revenue_4q": null,
            "common_shares": 306663,
            "book_valuer_per_share": 8.45,
            "book_valuer_per_share_4q_avg": 8.93,
            "equity": 258904,
            "current_ratio": 107.63,
            "debt_ratio": 74.49,
            "inventory_turnover_ratio": 30.11,
            "account_receivable_turnover_ratio": 0.44,
            "reinvestment_rate": null,
            "research_to_sale_ratio": 2.74,
            "price_fair": 3.06,
            "eps_avg_yearly": 1.02,
            "eps_latest_yearly": 0.68,
            "eps_growth_yearly": -156.83
        },
        "20123": {
            "year_quarter": 20123,
            "year": 2012,
            "quarter": 3,
            "eps": -0.26,
            "eps_growth_year": -252.86,
            "eps_4q": -1.51,
            "eps_4q_growth_year": null,
            "roe": -3.22,
            "roe_4q": -17.119999999999997,
            "gross_profit": 23960,
            "gross_margin": 10.12,
            "gross_margin_4q_avg": 9.14,
            "net_income": -8228,
            "net_income_4q": null,
            "revenue": 236846,
            "revenue_4q": null,
            "common_shares": 306663,
            "book_valuer_per_share": 8.23,
            "book_valuer_per_share_4q_avg": 8.56,
            "equity": 252020,
            "current_ratio": 106.52,
            "debt_ratio": 74.26,
            "inventory_turnover_ratio": 21.63,
            "account_receivable_turnover_ratio": 0.42,
            "reinvestment_rate": null,
            "research_to_sale_ratio": 2.89,
            "price_fair": 3.06,
            "eps_avg_yearly": 1.02,
            "eps_latest_yearly": 0.68,
            "eps_growth_yearly": -156.83
        },
        "20124": {
            "year_quarter": 20124,
            "year": 2012,
            "quarter": 4,
            "eps": -1.18,
            "eps_growth_year": null,
            "eps_4q": -2.17,
            "eps_4q_growth_year": null,
            "roe": -15.6,
            "roe_4q": -27.049999999999997,
            "gross_profit": 13880,
            "gross_margin": 10.18,
            "gross_margin_4q_avg": 9.98,
            "net_income": -36376,
            "net_income_4q": null,
            "revenue": 136348,
            "revenue_4q": null,
            "common_shares": 306663,
            "book_valuer_per_share": 7,
            "book_valuer_per_share_4q_avg": 8.03,
            "equity": 214358,
            "current_ratio": 105.99,
            "debt_ratio": 74.57,
            "inventory_turnover_ratio": 17.68,
            "account_receivable_turnover_ratio": 0.26,
            "reinvestment_rate": null,
            "research_to_sale_ratio": 4.47,
            "price_fair": 3.06,
            "eps_avg_yearly": 1.02,
            "eps_latest_yearly": 0.68,
            "eps_growth_yearly": -156.83
        },
        "20131": {
            "year_quarter": 20131,
            "year": 2013,
            "quarter": 1,
            "eps": -0.09,
            "eps_growth_year": null,
            "eps_4q": -1.51,
            "eps_4q_growth_year": null,
            "roe": -1.29,
            "roe_4q": -19.759999999999998,
            "gross_profit": 14642,
            "gross_margin": 10.3,
            "gross_margin_4q_avg": 10.38,
            "net_income": -2766,
            "net_income_4q": null,
            "revenue": 142099,
            "revenue_4q": null,
            "common_shares": 306663,
            "book_valuer_per_share": 6.97,
            "book_valuer_per_share_4q_avg": 7.66,
            "equity": 213407,
            "current_ratio": 104.37,
            "debt_ratio": 75.07,
            "inventory_turnover_ratio": 28.36,
            "account_receivable_turnover_ratio": 0.37,
            "reinvestment_rate": null,
            "research_to_sale_ratio": 4.01,
            "price_fair": 3.06,
            "eps_avg_yearly": 1.02,
            "eps_latest_yearly": 0.68,
            "eps_growth_yearly": -156.83
        },
        "20132": {
            "year_quarter": 20132,
            "year": 2013,
            "quarter": 2,
            "eps": -0.02,
            "eps_growth_year": -159.89,
            "eps_4q": -1.55,
            "eps_4q_growth_year": null,
            "roe": -0.21,
            "roe_4q": -20.32,
            "gross_profit": 26504,
            "gross_margin": 10.34,
            "gross_margin_4q_avg": 10.24,
            "net_income": -454,
            "net_income_4q": null,
            "revenue": 256260,
            "revenue_4q": null,
            "common_shares": 306663,
            "book_valuer_per_share": 7.06,
            "book_valuer_per_share_4q_avg": 7.32,
            "equity": 216557,
            "current_ratio": 104.47,
            "debt_ratio": 76.95,
            "inventory_turnover_ratio": 37.32,
            "account_receivable_turnover_ratio": 0.83,
            "reinvestment_rate": null,
            "research_to_sale_ratio": 2.22,
            "price_fair": 3.06,
            "eps_avg_yearly": 1.02,
            "eps_latest_yearly": 0.68,
            "eps_growth_yearly": -156.83
        },
        "20133": {
            "year_quarter": 20133,
            "year": 2013,
            "quarter": 3,
            "eps": -0.21,
            "eps_growth_year": null,
            "eps_4q": -1.5,
            "eps_4q_growth_year": null,
            "roe": -3.02,
            "roe_4q": -20.119999999999997,
            "gross_profit": 20108,
            "gross_margin": 10.06,
            "gross_margin_4q_avg": 10.22,
            "net_income": -6429,
            "net_income_4q": null,
            "revenue": 199966,
            "revenue_4q": null,
            "common_shares": 306663,
            "book_valuer_per_share": 6.81,
            "book_valuer_per_share_4q_avg": 6.96,
            "equity": 208773,
            "current_ratio": 103,
            "debt_ratio": 76.53,
            "inventory_turnover_ratio": 21.67,
            "account_receivable_turnover_ratio": 0.62,
            "reinvestment_rate": null,
            "research_to_sale_ratio": 2.58,
            "price_fair": 3.06,
            "eps_avg_yearly": 1.02,
            "eps_latest_yearly": 0.68,
            "eps_growth_yearly": -156.83
        },
        "20134": {
            "year_quarter": 20134,
            "year": 2013,
            "quarter": 4,
            "eps": -0.27,
            "eps_growth_year": null,
            "eps_4q": -0.58,
            "eps_4q_growth_year": null,
            "roe": -3.96,
            "roe_4q": -8.48,
            "gross_profit": 13896,
            "gross_margin": 9.02,
            "gross_margin_4q_avg": 9.93,
            "net_income": -8137,
            "net_income_4q": null,
            "revenue": 154031,
            "revenue_4q": null,
            "common_shares": 306663,
            "book_valuer_per_share": 6.59,
            "book_valuer_per_share_4q_avg": 6.86,
            "equity": 202039,
            "current_ratio": 205.83,
            "debt_ratio": 77.6,
            "inventory_turnover_ratio": 17.19,
            "account_receivable_turnover_ratio": 0.54,
            "reinvestment_rate": null,
            "research_to_sale_ratio": 3.63,
            "price_fair": 3.06,
            "eps_avg_yearly": 1.02,
            "eps_latest_yearly": 0.68,
            "eps_growth_yearly": -156.83
        },
        "20141": {
            "year_quarter": 20141,
            "year": 2014,
            "quarter": 1,
            "eps": 10.09,
            "eps_growth_year": null,
            "eps_4q": 9.6,
            "eps_4q_growth_year": null,
            "roe": 79.9,
            "roe_4q": 72.71000000000002,
            "gross_profit": 16800,
            "gross_margin": 12.27,
            "gross_margin_4q_avg": 10.42,
            "net_income": 309416,
            "net_income_4q": null,
            "revenue": 136921,
            "revenue_4q": null,
            "common_shares": 306663,
            "book_valuer_per_share": 17.34,
            "book_valuer_per_share_4q_avg": 9.45,
            "equity": 572422,
            "current_ratio": 395.84,
            "debt_ratio": 25.57,
            "inventory_turnover_ratio": 6.38,
            "account_receivable_turnover_ratio": 0.46,
            "reinvestment_rate": -204.47,
            "research_to_sale_ratio": 4.28,
            "price_fair": 3.06,
            "eps_avg_yearly": 1.02,
            "eps_latest_yearly": 0.68,
            "eps_growth_yearly": -156.83
        },
        "20142": {
            "year_quarter": 20142,
            "year": 2014,
            "quarter": 2,
            "eps": -0.02,
            "eps_growth_year": null,
            "eps_4q": 9.6,
            "eps_4q_growth_year": null,
            "roe": 0.05,
            "roe_4q": 72.97000000000001,
            "gross_profit": 32367,
            "gross_margin": 11.01,
            "gross_margin_4q_avg": 10.59,
            "net_income": 267,
            "net_income_4q": null,
            "revenue": 293897,
            "revenue_4q": null,
            "common_shares": 306663,
            "book_valuer_per_share": 17.29,
            "book_valuer_per_share_4q_avg": 12.01,
            "equity": 571637,
            "current_ratio": 298.54,
            "debt_ratio": 32.45,
            "inventory_turnover_ratio": 7.69,
            "account_receivable_turnover_ratio": 0.84,
            "reinvestment_rate": -218.36,
            "research_to_sale_ratio": 1.82,
            "price_fair": 3.06,
            "eps_avg_yearly": 1.02,
            "eps_latest_yearly": 0.68,
            "eps_growth_yearly": -156.83
        },
        "20143": {
            "year_quarter": 20143,
            "year": 2014,
            "quarter": 3,
            "eps": 0,
            "eps_growth_year": null,
            "eps_4q": 9.81,
            "eps_4q_growth_year": null,
            "roe": 0.08,
            "roe_4q": 76.07000000000001,
            "gross_profit": 22356,
            "gross_margin": 8.97,
            "gross_margin_4q_avg": 10.32,
            "net_income": 448,
            "net_income_4q": null,
            "revenue": 249249,
            "revenue_4q": null,
            "common_shares": 306663,
            "book_valuer_per_share": 17.31,
            "book_valuer_per_share_4q_avg": 14.63,
            "equity": 572844,
            "current_ratio": 360.6,
            "debt_ratio": 26.81,
            "inventory_turnover_ratio": 6.9,
            "account_receivable_turnover_ratio": 0.66,
            "reinvestment_rate": -225.63,
            "research_to_sale_ratio": 2.12,
            "price_fair": 2.04,
            "eps_avg_yearly": 0.68,
            "eps_latest_yearly": 0.68,
            "eps_growth_yearly": -165.52
        },
        "20144": {
            "year_quarter": 20144,
            "year": 2014,
            "quarter": 4,
            "eps": 0.16,
            "eps_growth_year": null,
            "eps_4q": 10.23,
            "eps_4q_growth_year": null,
            "roe": 0.63,
            "roe_4q": 80.66000000000001,
            "gross_profit": 20622,
            "gross_margin": 10.3,
            "gross_margin_4q_avg": 10.64,
            "net_income": 3641,
            "net_income_4q": null,
            "revenue": 200234,
            "revenue_4q": null,
            "common_shares": 306663,
            "book_valuer_per_share": 17.51,
            "book_valuer_per_share_4q_avg": 17.36,
            "equity": 577796,
            "current_ratio": 286.5,
            "debt_ratio": 30.1,
            "inventory_turnover_ratio": 4.74,
            "account_receivable_turnover_ratio": 0.53,
            "reinvestment_rate": -180.99,
            "research_to_sale_ratio": 3.14,
            "price_fair": 2.04,
            "eps_avg_yearly": 0.68,
            "eps_latest_yearly": 0.68,
            "eps_growth_yearly": -165.52
        },
        "20151": {
            "year_quarter": 20151,
            "year": 2015,
            "quarter": 1,
            "eps": -0.31,
            "eps_growth_year": -103.07,
            "eps_4q": -0.16,
            "eps_4q_growth_year": -101.72,
            "roe": -2.16,
            "roe_4q": -1.4000000000000001,
            "gross_profit": 12359,
            "gross_margin": 8.38,
            "gross_margin_4q_avg": 9.67,
            "net_income": -12295,
            "net_income_4q": null,
            "revenue": 147533,
            "revenue_4q": null,
            "common_shares": 306663,
            "book_valuer_per_share": 17.13,
            "book_valuer_per_share_4q_avg": 17.31,
            "equity": 563111,
            "current_ratio": 331.03,
            "debt_ratio": 26.68,
            "inventory_turnover_ratio": 2.79,
            "account_receivable_turnover_ratio": 0.39,
            "reinvestment_rate": -183.25,
            "research_to_sale_ratio": 3.9,
            "price_fair": 2.04,
            "eps_avg_yearly": 0.68,
            "eps_latest_yearly": 0.68,
            "eps_growth_yearly": -165.52
        },
        "20152": {
            "year_quarter": 20152,
            "year": 2015,
            "quarter": 2,
            "eps": -0.54,
            "eps_growth_year": null,
            "eps_4q": -0.63,
            "eps_4q_growth_year": -106.6,
            "roe": -3.41,
            "roe_4q": -4.86,
            "gross_profit": 22523,
            "gross_margin": 9.44,
            "gross_margin_4q_avg": 9.27,
            "net_income": -19225,
            "net_income_4q": null,
            "revenue": 238583,
            "revenue_4q": null,
            "common_shares": 306663,
            "book_valuer_per_share": 16.7,
            "book_valuer_per_share_4q_avg": 17.16,
            "equity": 563478,
            "current_ratio": 267.59,
            "debt_ratio": 32.22,
            "inventory_turnover_ratio": 4.84,
            "account_receivable_turnover_ratio": 0.61,
            "reinvestment_rate": -204,
            "research_to_sale_ratio": 2.15,
            "price_fair": 2.04,
            "eps_avg_yearly": 0.68,
            "eps_latest_yearly": 0.68,
            "eps_growth_yearly": -165.52
        },
        "20153": {
            "year_quarter": 20153,
            "year": 2015,
            "quarter": 3,
            "eps": 0.47,
            "eps_growth_year": null,
            "eps_4q": -0.16,
            "eps_4q_growth_year": -101.59,
            "roe": 2.34,
            "roe_4q": -2.6000000000000005,
            "gross_profit": 16784,
            "gross_margin": 9.23,
            "gross_margin_4q_avg": 9.34,
            "net_income": 13310,
            "net_income_4q": null,
            "revenue": 181885,
            "revenue_4q": null,
            "common_shares": 334263,
            "book_valuer_per_share": 15.72,
            "book_valuer_per_share_4q_avg": 16.77,
            "equity": 574018,
            "current_ratio": 293.96,
            "debt_ratio": 29.02,
            "inventory_turnover_ratio": 4.09,
            "account_receivable_turnover_ratio": 0.45,
            "reinvestment_rate": -193.98,
            "research_to_sale_ratio": 2.74,
            "price_fair": 0,
            "eps_avg_yearly": 0,
            "eps_latest_yearly": 0,
            "eps_growth_yearly": 0
        },
        "20154": {
            "year_quarter": 20154,
            "year": 2015,
            "quarter": 4,
            "eps": -0.17,
            "eps_growth_year": -208.61,
            "eps_4q": -0.47,
            "eps_4q_growth_year": -104.57,
            "roe": -1.69,
            "roe_4q": -4.92,
            "gross_profit": 13253,
            "gross_margin": 6.19,
            "gross_margin_4q_avg": 8.31,
            "net_income": -9696,
            "net_income_4q": null,
            "revenue": 213958,
            "revenue_4q": null,
            "common_shares": 334263,
            "book_valuer_per_share": 15.76,
            "book_valuer_per_share_4q_avg": 16.33,
            "equity": 571581,
            "current_ratio": 287.28,
            "debt_ratio": 29.17,
            "inventory_turnover_ratio": 5.27,
            "account_receivable_turnover_ratio": 0.54,
            "reinvestment_rate": -178.46,
            "research_to_sale_ratio": 2.27,
            "price_fair": 0,
            "eps_avg_yearly": 0,
            "eps_latest_yearly": 0,
            "eps_growth_yearly": 0
        },
        "20161": {
            "year_quarter": 20161,
            "year": 2016,
            "quarter": 1,
            "eps": -0.39,
            "eps_growth_year": null,
            "eps_4q": -0.57,
            "eps_4q_growth_year": null,
            "roe": -2.98,
            "roe_4q": -5.74,
            "gross_profit": 9902,
            "gross_margin": 6.7,
            "gross_margin_4q_avg": 7.89,
            "net_income": -16919,
            "net_income_4q": null,
            "revenue": 147818,
            "revenue_4q": null,
            "common_shares": 334263,
            "book_valuer_per_share": 15.61,
            "book_valuer_per_share_4q_avg": 15.95,
            "equity": 562425,
            "current_ratio": 275.08,
            "debt_ratio": 27.45,
            "inventory_turnover_ratio": 3.69,
            "account_receivable_turnover_ratio": 0.36,
            "reinvestment_rate": -166.78,
            "research_to_sale_ratio": 3.94,
            "price_fair": 0,
            "eps_avg_yearly": 0,
            "eps_latest_yearly": 0,
            "eps_growth_yearly": 0
        },
        "20162": {
            "year_quarter": 20162,
            "year": 2016,
            "quarter": 2,
            "eps": 0.08,
            "eps_growth_year": null,
            "eps_4q": 0.01,
            "eps_4q_growth_year": null,
            "roe": 0.03,
            "roe_4q": -2.3000000000000007,
            "gross_profit": 21451,
            "gross_margin": 9.15,
            "gross_margin_4q_avg": 7.82,
            "net_income": 171,
            "net_income_4q": null,
            "revenue": 234378,
            "revenue_4q": null,
            "common_shares": 334263,
            "book_valuer_per_share": 15.77,
            "book_valuer_per_share_4q_avg": 15.72,
            "equity": 565187,
            "current_ratio": 235.94,
            "debt_ratio": 44.44,
            "inventory_turnover_ratio": 5.62,
            "account_receivable_turnover_ratio": 0.53,
            "reinvestment_rate": -26.93,
            "research_to_sale_ratio": 2.15,
            "price_fair": 0,
            "eps_avg_yearly": 0,
            "eps_latest_yearly": 0,
            "eps_growth_yearly": 0
        },
        "20163": {
            "year_quarter": 20163,
            "year": 2016,
            "quarter": 3,
            "eps": -0.45,
            "eps_growth_year": -195.74,
            "eps_4q": -0.92,
            "eps_4q_growth_year": null,
            "roe": -3.63,
            "roe_4q": -8.27,
            "gross_profit": 16053,
            "gross_margin": 8.35,
            "gross_margin_4q_avg": 7.6,
            "net_income": -20260,
            "net_income_4q": null,
            "revenue": 192148,
            "revenue_4q": null,
            "common_shares": 334263,
            "book_valuer_per_share": 15.48,
            "book_valuer_per_share_4q_avg": 15.66,
            "equity": 550388,
            "current_ratio": 220.98,
            "debt_ratio": 46.02,
            "inventory_turnover_ratio": 4.05,
            "account_receivable_turnover_ratio": 0.42,
            "reinvestment_rate": -24.4,
            "research_to_sale_ratio": 2.53,
            "price_fair": 0,
            "eps_avg_yearly": 0,
            "eps_latest_yearly": 0,
            "eps_growth_yearly": 0
        },
        "20164": {
            "year_quarter": 20164,
            "year": 2016,
            "quarter": 4,
            "eps": -0.02,
            "eps_growth_year": null,
            "eps_4q": -0.78,
            "eps_4q_growth_year": null,
            "roe": -1.42,
            "roe_4q": -8,
            "gross_profit": 8784,
            "gross_margin": 4.24,
            "gross_margin_4q_avg": 7.11,
            "net_income": -7727,
            "net_income_4q": null,
            "revenue": 207364,
            "revenue_4q": null,
            "common_shares": 334263,
            "book_valuer_per_share": 15.38,
            "book_valuer_per_share_4q_avg": 15.56,
            "equity": 540042,
            "current_ratio": 223.99,
            "debt_ratio": 45.73,
            "inventory_turnover_ratio": 4.31,
            "account_receivable_turnover_ratio": 0.45,
            "reinvestment_rate": -10.89,
            "research_to_sale_ratio": 2.65,
            "price_fair": 0,
            "eps_avg_yearly": 0,
            "eps_latest_yearly": 0,
            "eps_growth_yearly": 0
        },
        "20171": {
            "year_quarter": 20171,
            "year": 2017,
            "quarter": 1,
            "eps": -0.99,
            "eps_growth_year": null,
            "eps_4q": -1.38,
            "eps_4q_growth_year": null,
            "roe": -7.22,
            "roe_4q": -12.24,
            "gross_profit": 6843,
            "gross_margin": 3.33,
            "gross_margin_4q_avg": 6.27,
            "net_income": -37659,
            "net_income_4q": null,
            "revenue": 205416,
            "revenue_4q": null,
            "common_shares": 334263,
            "book_valuer_per_share": 14.42,
            "book_valuer_per_share_4q_avg": 15.26,
            "equity": 503204,
            "current_ratio": 202.73,
            "debt_ratio": 48.38,
            "inventory_turnover_ratio": 4.75,
            "account_receivable_turnover_ratio": 0.45,
            "reinvestment_rate": -13.63,
            "research_to_sale_ratio": 2.67,
            "price_fair": 0,
            "eps_avg_yearly": 0,
            "eps_latest_yearly": 0,
            "eps_growth_yearly": 0
        },
        "20172": {
            "year_quarter": 20172,
            "year": 2017,
            "quarter": 2,
            "eps": 0.05,
            "eps_growth_year": -37.5,
            "eps_4q": -1.41,
            "eps_4q_growth_year": -17979.49,
            "roe": -0.84,
            "roe_4q": -13.11,
            "gross_profit": 26170,
            "gross_margin": 9.14,
            "gross_margin_4q_avg": 6.27,
            "net_income": -4205,
            "net_income_4q": null,
            "revenue": 286287,
            "revenue_4q": null,
            "common_shares": 334263,
            "book_valuer_per_share": 14.42,
            "book_valuer_per_share_4q_avg": 14.93,
            "equity": 497453,
            "current_ratio": 179.32,
            "debt_ratio": 51.76,
            "inventory_turnover_ratio": 6.94,
            "account_receivable_turnover_ratio": 0.6,
            "reinvestment_rate": -15.87,
            "research_to_sale_ratio": 1.93,
            "price_fair": 0,
            "eps_avg_yearly": 0,
            "eps_latest_yearly": 0,
            "eps_growth_yearly": 0
        },
        "20173": {
            "year_quarter": 20173,
            "year": 2017,
            "quarter": 3,
            "eps": -0.39,
            "eps_growth_year": null,
            "eps_4q": -1.35,
            "eps_4q_growth_year": null,
            "roe": -2.78,
            "roe_4q": -12.26,
            "gross_profit": 11294,
            "gross_margin": 4.34,
            "gross_margin_4q_avg": 5.26,
            "net_income": -13447,
            "net_income_4q": null,
            "revenue": 260016,
            "revenue_4q": null,
            "common_shares": 334263,
            "book_valuer_per_share": 14.04,
            "book_valuer_per_share_4q_avg": 14.57,
            "equity": 469281,
            "current_ratio": 196.53,
            "debt_ratio": 51,
            "inventory_turnover_ratio": 8.49,
            "account_receivable_turnover_ratio": 0.55,
            "reinvestment_rate": -32.24,
            "research_to_sale_ratio": 2.11,
            "price_fair": 0,
            "eps_avg_yearly": 0,
            "eps_latest_yearly": 0,
            "eps_growth_yearly": 0
        },
        "20174": {
            "year_quarter": 20174,
            "year": 2017,
            "quarter": 4,
            "eps": -0.36,
            "eps_growth_year": null,
            "eps_4q": -1.68,
            "eps_4q_growth_year": null,
            "roe": -2.46,
            "roe_4q": -13.3,
            "gross_profit": 14773,
            "gross_margin": 6.48,
            "gross_margin_4q_avg": 5.82,
            "net_income": -11927,
            "net_income_4q": null,
            "revenue": 227863,
            "revenue_4q": null,
            "common_shares": 334263,
            "book_valuer_per_share": 14.91,
            "book_valuer_per_share_4q_avg": 14.45,
            "equity": 498527,
            "current_ratio": 205.94,
            "debt_ratio": 47.58,
            "inventory_turnover_ratio": 11.28,
            "account_receivable_turnover_ratio": 0.52,
            "reinvestment_rate": 147.17,
            "research_to_sale_ratio": 2.01,
            "price_fair": 0,
            "eps_avg_yearly": 0,
            "eps_latest_yearly": 0,
            "eps_growth_yearly": 0
        },
        "20181": {
            "year_quarter": 20181,
            "year": 2018,
            "quarter": 1,
            "eps": -0.59,
            "eps_growth_year": null,
            "eps_4q": -1.28,
            "eps_4q_growth_year": null,
            "roe": -3.79,
            "roe_4q": -9.87,
            "gross_profit": 10242,
            "gross_margin": 5.57,
            "gross_margin_4q_avg": 6.38,
            "net_income": -19710,
            "net_income_4q": null,
            "revenue": 183815,
            "revenue_4q": null,
            "common_shares": 334263,
            "book_valuer_per_share": 16.23,
            "book_valuer_per_share_4q_avg": 14.9,
            "equity": 542556,
            "current_ratio": 202.4,
            "debt_ratio": 45.01,
            "inventory_turnover_ratio": 7.58,
            "account_receivable_turnover_ratio": 0.45,
            "reinvestment_rate": null,
            "research_to_sale_ratio": 3.25,
            "price_fair": 0,
            "eps_avg_yearly": 0,
            "eps_latest_yearly": 0,
            "eps_growth_yearly": 0
        },
        "20182": {
            "year_quarter": 20182,
            "year": 2018,
            "quarter": 2,
            "eps": 0.32,
            "eps_growth_year": 540,
            "eps_4q": -1.01,
            "eps_4q_growth_year": null,
            "roe": 2,
            "roe_4q": -7.029999999999999,
            "gross_profit": 22381,
            "gross_margin": 9.01,
            "gross_margin_4q_avg": 6.35,
            "net_income": 10785,
            "net_income_4q": null,
            "revenue": 248536,
            "revenue_4q": null,
            "common_shares": 334263,
            "book_valuer_per_share": 16.06,
            "book_valuer_per_share_4q_avg": 15.31,
            "equity": 536979,
            "current_ratio": 195.11,
            "debt_ratio": 47.35,
            "inventory_turnover_ratio": 9.36,
            "account_receivable_turnover_ratio": 0.58,
            "reinvestment_rate": null,
            "research_to_sale_ratio": 3.25,
            "price_fair": 0,
            "eps_avg_yearly": 0,
            "eps_latest_yearly": 0,
            "eps_growth_yearly": 0
        },
        "20183": {
            "year_quarter": 20183,
            "year": 2018,
            "quarter": 3,
            "eps": -0.1,
            "eps_growth_year": null,
            "eps_4q": -0.73,
            "eps_4q_growth_year": null,
            "roe": -0.65,
            "roe_4q": -4.9,
            "gross_profit": 16585,
            "gross_margin": 7.54,
            "gross_margin_4q_avg": 7.15,
            "net_income": -3467,
            "net_income_4q": null,
            "revenue": 219924,
            "revenue_4q": null,
            "common_shares": 334263,
            "book_valuer_per_share": 15.98,
            "book_valuer_per_share_4q_avg": 15.8,
            "equity": 534033,
            "current_ratio": 187.27,
            "debt_ratio": 47.72,
            "inventory_turnover_ratio": 12.91,
            "account_receivable_turnover_ratio": 0.48,
            "reinvestment_rate": null,
            "research_to_sale_ratio": 1.94,
            "price_fair": 0,
            "eps_avg_yearly": 0,
            "eps_latest_yearly": 0,
            "eps_growth_yearly": 0
        },
        "20184": {
            "year_quarter": 20184,
            "year": 2018,
            "quarter": 4,
            "eps": -0.15,
            "eps_growth_year": null,
            "eps_4q": -0.52,
            "eps_4q_growth_year": null,
            "roe": -0.99,
            "roe_4q": -3.43,
            "gross_profit": 10030,
            "gross_margin": 5.63,
            "gross_margin_4q_avg": 6.94,
            "net_income": -5092,
            "net_income_4q": null,
            "revenue": 178256,
            "revenue_4q": null,
            "common_shares": 334263,
            "book_valuer_per_share": 14.68,
            "book_valuer_per_share_4q_avg": 15.74,
            "equity": 490832,
            "current_ratio": 201.55,
            "debt_ratio": 48.36,
            "inventory_turnover_ratio": 7.71,
            "account_receivable_turnover_ratio": 0.42,
            "reinvestment_rate": null,
            "research_to_sale_ratio": 2.1,
            "price_fair": 0,
            "eps_avg_yearly": 0,
            "eps_latest_yearly": 0,
            "eps_growth_yearly": 0
        },
        "20191": {
            "year_quarter": 20191,
            "year": 2019,
            "quarter": 1,
            "eps": -0.11,
            "eps_growth_year": null,
            "eps_4q": -0.04,
            "eps_4q_growth_year": null,
            "roe": -0.73,
            "roe_4q": -0.3700000000000001,
            "gross_profit": 14684,
            "gross_margin": 7.78,
            "gross_margin_4q_avg": 7.49,
            "net_income": -3599,
            "net_income_4q": null,
            "revenue": 188678,
            "revenue_4q": null,
            "common_shares": 334263,
            "book_valuer_per_share": 14.99,
            "book_valuer_per_share_4q_avg": 15.43,
            "equity": 500935,
            "current_ratio": 210.51,
            "debt_ratio": 46.44,
            "inventory_turnover_ratio": 7.66,
            "account_receivable_turnover_ratio": 0.48,
            "reinvestment_rate": null,
            "research_to_sale_ratio": 2.32,
            "price_fair": 0,
            "eps_avg_yearly": 0,
            "eps_latest_yearly": 0,
            "eps_growth_yearly": 0
        },
        "20192": {
            "year_quarter": 20192,
            "year": 2019,
            "quarter": 2,
            "eps": 0.06,
            "eps_growth_year": -81.25,
            "eps_4q": -0.3,
            "eps_4q_growth_year": null,
            "roe": 0.42,
            "roe_4q": -1.9500000000000002,
            "gross_profit": 22620,
            "gross_margin": 8.65,
            "gross_margin_4q_avg": 7.4,
            "net_income": 2062,
            "net_income_4q": null,
            "revenue": 261426,
            "revenue_4q": null,
            "common_shares": 334263,
            "book_valuer_per_share": 14.68,
            "book_valuer_per_share_4q_avg": 15.08,
            "equity": 490818,
            "current_ratio": 184.51,
            "debt_ratio": 50.84,
            "inventory_turnover_ratio": 12.77,
            "account_receivable_turnover_ratio": 0.62,
            "reinvestment_rate": null,
            "research_to_sale_ratio": 1.68,
            "price_fair": 0,
            "eps_avg_yearly": 0,
            "eps_latest_yearly": 0,
            "eps_growth_yearly": 0
        },
        "20193": {
            "year_quarter": 20193,
            "year": 2019,
            "quarter": 3,
            "eps": -0.13,
            "eps_growth_year": null,
            "eps_4q": -0.33,
            "eps_4q_growth_year": null,
            "roe": -0.9,
            "roe_4q": -2.2,
            "gross_profit": 15611,
            "gross_margin": 6.23,
            "gross_margin_4q_avg": 7.07,
            "net_income": -4419,
            "net_income_4q": null,
            "revenue": 250431,
            "revenue_4q": null,
            "common_shares": 334263,
            "book_valuer_per_share": 14.59,
            "book_valuer_per_share_4q_avg": 14.74,
            "equity": 487656,
            "current_ratio": 180.37,
            "debt_ratio": 51.54,
            "inventory_turnover_ratio": 8.19,
            "account_receivable_turnover_ratio": 0.56,
            "reinvestment_rate": null,
            "research_to_sale_ratio": 1.77,
            "price_fair": 0,
            "eps_avg_yearly": 0,
            "eps_latest_yearly": 0,
            "eps_growth_yearly": 0
        },
        "20194": {
            "year_quarter": 20194,
            "year": 2019,
            "quarter": 4,
            "eps": -0.38,
            "eps_growth_year": null,
            "eps_4q": -0.56,
            "eps_4q_growth_year": null,
            "roe": -2.65,
            "roe_4q": -3.86,
            "gross_profit": 14059,
            "gross_margin": 5.81,
            "gross_margin_4q_avg": 7.12,
            "net_income": -12789,
            "net_income_4q": null,
            "revenue": 241977,
            "revenue_4q": null,
            "common_shares": 334263,
            "book_valuer_per_share": 14.26,
            "book_valuer_per_share_4q_avg": 14.63,
            "equity": 476616,
            "current_ratio": 175.69,
            "debt_ratio": 51.87,
            "inventory_turnover_ratio": 5.4,
            "account_receivable_turnover_ratio": 0.57,
            "reinvestment_rate": null,
            "research_to_sale_ratio": 1.57,
            "price_fair": 0,
            "eps_avg_yearly": 0,
            "eps_latest_yearly": 0,
            "eps_growth_yearly": 0
        },
        "20201": {
            "year_quarter": 20201,
            "year": 2020,
            "quarter": 1,
            "eps": -0.04,
            "eps_growth_year": null,
            "eps_4q": -0.5,
            "eps_4q_growth_year": null,
            "roe": -0.33,
            "roe_4q": -3.46,
            "gross_profit": 14826,
            "gross_margin": 9.08,
            "gross_margin_4q_avg": 7.44,
            "net_income": -1502,
            "net_income_4q": null,
            "revenue": 163336,
            "revenue_4q": null,
            "common_shares": 334263,
            "book_valuer_per_share": 12.96,
            "book_valuer_per_share_4q_avg": 14.12,
            "equity": 433357,
            "current_ratio": 189.89,
            "debt_ratio": 51.27,
            "inventory_turnover_ratio": 4.16,
            "account_receivable_turnover_ratio": 0.41,
            "reinvestment_rate": null,
            "research_to_sale_ratio": 2.76,
            "price_fair": 0,
            "eps_avg_yearly": 0,
            "eps_latest_yearly": 0,
            "eps_growth_yearly": 0
        },
        "20202": {
            "year_quarter": 20202,
            "year": 2020,
            "quarter": 2,
            "eps": -0.5,
            "eps_growth_year": -933.33,
            "eps_4q": -1.06,
            "eps_4q_growth_year": null,
            "roe": -3.91,
            "roe_4q": -7.790000000000001,
            "gross_profit": 20347,
            "gross_margin": 8.55,
            "gross_margin_4q_avg": 7.42,
            "net_income": -16825,
            "net_income_4q": null,
            "revenue": 237878,
            "revenue_4q": null,
            "common_shares": 334263,
            "book_valuer_per_share": 12.8,
            "book_valuer_per_share_4q_avg": 13.65,
            "equity": 428005,
            "current_ratio": 164.15,
            "debt_ratio": 55.64,
            "inventory_turnover_ratio": 6.85,
            "account_receivable_turnover_ratio": 0.58,
            "reinvestment_rate": null,
            "research_to_sale_ratio": 2.13,
            "price_fair": 0,
            "eps_avg_yearly": 0,
            "eps_latest_yearly": 0,
            "eps_growth_yearly": 0
        },
        "20203": {
            "year_quarter": 20203,
            "year": 2020,
            "quarter": 3,
            "eps": 0.17,
            "eps_growth_year": null,
            "eps_4q": -0.77,
            "eps_4q_growth_year": null,
            "roe": 1.32,
            "roe_4q": -5.57,
            "gross_profit": 27636,
            "gross_margin": 7.37,
            "gross_margin_4q_avg": 7.7,
            "net_income": 5522,
            "net_income_4q": null,
            "revenue": 375119,
            "revenue_4q": null,
            "common_shares": 334263,
            "book_valuer_per_share": 12.27,
            "book_valuer_per_share_4q_avg": 13.07,
            "equity": 410302,
            "current_ratio": 148.9,
            "debt_ratio": 61.38,
            "inventory_turnover_ratio": 8.58,
            "account_receivable_turnover_ratio": 0.85,
            "reinvestment_rate": null,
            "research_to_sale_ratio": 1.5,
            "price_fair": 0,
            "eps_avg_yearly": 0,
            "eps_latest_yearly": 0,
            "eps_growth_yearly": 0
        },
        "20204": {
            "year_quarter": 20204,
            "year": 2020,
            "quarter": 4,
            "eps": 1.28,
            "eps_growth_year": null,
            "eps_4q": 0.9,
            "eps_4q_growth_year": null,
            "roe": 9.84,
            "roe_4q": 6.92,
            "gross_profit": 31763,
            "gross_margin": 8.15,
            "gross_margin_4q_avg": 8.29,
            "net_income": 42852,
            "net_income_4q": null,
            "revenue": 389554,
            "revenue_4q": null,
            "common_shares": 334263,
            "book_valuer_per_share": 13.78,
            "book_valuer_per_share_4q_avg": 12.95,
            "equity": 460702,
            "current_ratio": 216.43,
            "debt_ratio": 44.79,
            "inventory_turnover_ratio": 9.15,
            "account_receivable_turnover_ratio": 0.88,
            "reinvestment_rate": null,
            "research_to_sale_ratio": 1.41,
            "price_fair": 179.2,
            "eps_avg_yearly": 5.12,
            "eps_latest_yearly": 5.12,
            "eps_growth_yearly": 2611.76
        },
        "20211": {
            "year_quarter": 20211,
            "year": 2021,
            "quarter": 1,
            "eps": 0.38,
            "eps_growth_year": null,
            "eps_4q": 1.32,
            "eps_4q_growth_year": null,
            "roe": 2.68,
            "roe_4q": 9.93,
            "gross_profit": 26504,
            "gross_margin": 8.62,
            "gross_margin_4q_avg": 8.17,
            "net_income": 12545,
            "net_income_4q": null,
            "revenue": 307347,
            "revenue_4q": null,
            "common_shares": 334263,
            "book_valuer_per_share": 14.21,
            "book_valuer_per_share_4q_avg": 13.27,
            "equity": 475116,
            "current_ratio": 254.62,
            "debt_ratio": 39,
            "inventory_turnover_ratio": 9.64,
            "account_receivable_turnover_ratio": 0.72,
            "reinvestment_rate": null,
            "research_to_sale_ratio": 1.78,
            "price_fair": 116.2,
            "eps_avg_yearly": 3.32,
            "eps_latest_yearly": 1.52,
            "eps_growth_yearly": 1165.26
        },
        "20212": {
            "year_quarter": 20212,
            "year": 2021,
            "quarter": 2,
            "eps": 0.07,
            "eps_growth_year": null,
            "eps_4q": 1.9,
            "eps_4q_growth_year": null,
            "roe": 0.53,
            "roe_4q": 14.370000000000001,
            "gross_profit": 30194,
            "gross_margin": 7.87,
            "gross_margin_4q_avg": 8,
            "net_income": 2496,
            "net_income_4q": null,
            "revenue": 383422,
            "revenue_4q": null,
            "common_shares": 334263,
            "book_valuer_per_share": 13.88,
            "book_valuer_per_share_4q_avg": 13.54,
            "equity": 464083,
            "current_ratio": 203.52,
            "debt_ratio": 47.72,
            "inventory_turnover_ratio": 9.22,
            "account_receivable_turnover_ratio": 0.88,
            "reinvestment_rate": null,
            "research_to_sale_ratio": 1.62,
            "price_fair": 80.73,
            "eps_avg_yearly": 2.31,
            "eps_latest_yearly": 0.28,
            "eps_growth_yearly": 668.07
        },
        "20213": {
            "year_quarter": 20213,
            "year": 2021,
            "quarter": 3,
            "eps": 0.3,
            "eps_growth_year": 76.47,
            "eps_4q": 2.03,
            "eps_4q_growth_year": null,
            "roe": 2.18,
            "roe_4q": 15.23,
            "gross_profit": 31711,
            "gross_margin": 7.94,
            "gross_margin_4q_avg": 8.15,
            "net_income": 9920,
            "net_income_4q": null,
            "revenue": 399622,
            "revenue_4q": null,
            "common_shares": 334263,
            "book_valuer_per_share": 13.37,
            "book_valuer_per_share_4q_avg": 13.81,
            "equity": 446900,
            "current_ratio": 208.33,
            "debt_ratio": 46.32,
            "inventory_turnover_ratio": 6.67,
            "account_receivable_turnover_ratio": 0.93,
            "reinvestment_rate": -4019.85,
            "research_to_sale_ratio": 1.47,
            "price_fair": 71.05,
            "eps_avg_yearly": 2.03,
            "eps_latest_yearly": 1.2,
            "eps_growth_yearly": 829.62
        },
        "20214": {
            "year_quarter": 20214,
            "year": 2021,
            "quarter": 4,
            "eps": 0.2,
            "eps_growth_year": -84.11,
            "eps_4q": 0.95,
            "eps_4q_growth_year": 5.74,
            "roe": 1.54,
            "roe_4q": 6.93,
            "gross_profit": 26905,
            "gross_margin": 6.81,
            "gross_margin_4q_avg": 7.81,
            "net_income": 6811,
            "net_income_4q": null,
            "revenue": 395294,
            "revenue_4q": null,
            "common_shares": 334263,
            "book_valuer_per_share": 13.17,
            "book_valuer_per_share_4q_avg": 13.66,
            "equity": 440272,
            "current_ratio": 218.62,
            "debt_ratio": 44.75,
            "inventory_turnover_ratio": 6.75,
            "account_receivable_turnover_ratio": 0.92,
            "reinvestment_rate": -1226.51,
            "research_to_sale_ratio": 1.76,
            "price_fair": 62.44,
            "eps_avg_yearly": 1.78,
            "eps_latest_yearly": 0.8,
            "eps_growth_yearly": 637.03
        },
        "20221": {
            "year_quarter": 20221,
            "year": 2022,
            "quarter": 1,
            "eps": 0.48,
            "eps_growth_year": 26.32,
            "eps_4q": 1.05,
            "eps_4q_growth_year": -20.27,
            "roe": 3.38,
            "roe_4q": 7.63,
            "gross_profit": 26720,
            "gross_margin": 7.61,
            "gross_margin_4q_avg": 7.56,
            "net_income": 15928,
            "net_income_4q": null,
            "revenue": 351229,
            "revenue_4q": null,
            "common_shares": 334263,
            "book_valuer_per_share": 15.01,
            "book_valuer_per_share_4q_avg": 13.86,
            "equity": 501623,
            "current_ratio": 295,
            "debt_ratio": 49.16,
            "inventory_turnover_ratio": 6.45,
            "account_receivable_turnover_ratio": 0.74,
            "reinvestment_rate": -373.32,
            "research_to_sale_ratio": 2.12,
            "price_fair": 63.23,
            "eps_avg_yearly": 1.81,
            "eps_latest_yearly": 1.92,
            "eps_growth_yearly": 624.19
        },
        "20222": {
            "year_quarter": 20222,
            "year": 2022,
            "quarter": 2,
            "eps": 0.75,
            "eps_growth_year": 971.43,
            "eps_4q": 1.73,
            "eps_4q_growth_year": -8.78,
            "roe": 5,
            "roe_4q": 12.099999999999998,
            "gross_profit": 39128,
            "gross_margin": 10.29,
            "gross_margin_4q_avg": 8.16,
            "net_income": 25188,
            "net_income_4q": null,
            "revenue": 380122,
            "revenue_4q": null,
            "common_shares": 334263,
            "book_valuer_per_share": 15.16,
            "book_valuer_per_share_4q_avg": 14.18,
            "equity": 506711,
            "current_ratio": 262.35,
            "debt_ratio": 51.43,
            "inventory_turnover_ratio": 8.51,
            "account_receivable_turnover_ratio": 0.73,
            "reinvestment_rate": -300.06,
            "research_to_sale_ratio": 2.67,
            "price_fair": 69.2,
            "eps_avg_yearly": 1.98,
            "eps_latest_yearly": 3,
            "eps_growth_yearly": 567.16
        },
        "20223": {
            "year_quarter": 20223,
            "year": 2022,
            "quarter": 3,
            "eps": 0.87,
            "eps_growth_year": 190,
            "eps_4q": 2.3,
            "eps_4q_growth_year": 13.36,
            "roe": 5.54,
            "roe_4q": 15.459999999999997,
            "gross_profit": 19428,
            "gross_margin": 7.6,
            "gross_margin_4q_avg": 8.08,
            "net_income": 28949,
            "net_income_4q": null,
            "revenue": 255752,
            "revenue_4q": null,
            "common_shares": 334263,
            "book_valuer_per_share": 16.13,
            "book_valuer_per_share_4q_avg": 14.87,
            "equity": 539005,
            "current_ratio": 322.85,
            "debt_ratio": 45.92,
            "inventory_turnover_ratio": 5.55,
            "account_receivable_turnover_ratio": 0.49,
            "reinvestment_rate": -207.96,
            "research_to_sale_ratio": 1.4,
            "price_fair": 75.78,
            "eps_avg_yearly": 2.17,
            "eps_latest_yearly": 3.48,
            "eps_growth_yearly": 504.27
        },
        "20224": {
            "year_quarter": 20224,
            "year": 2022,
            "quarter": 4,
            "eps": -0.56,
            "eps_growth_year": -375.88,
            "eps_4q": 1.53,
            "eps_4q_growth_year": 61.38,
            "roe": -3.56,
            "roe_4q": 10.36,
            "gross_profit": 13533,
            "gross_margin": 5.57,
            "gross_margin_4q_avg": 7.77,
            "net_income": -18790,
            "net_income_4q": null,
            "revenue": 242937,
            "revenue_4q": null,
            "common_shares": 334263,
            "book_valuer_per_share": 15.44,
            "book_valuer_per_share_4q_avg": 15.44,
            "equity": 516135,
            "current_ratio": 372.43,
            "debt_ratio": 44.62,
            "inventory_turnover_ratio": 4.83,
            "account_receivable_turnover_ratio": 0.49,
            "reinvestment_rate": -264.59,
            "research_to_sale_ratio": 3.26,
            "price_fair": 75.78,
            "eps_avg_yearly": 2.17,
            "eps_latest_yearly": 3.48,
            "eps_growth_yearly": 504.27
        },
        "20231": {
            "year_quarter": 20231,
            "year": 2023,
            "quarter": 1,
            "eps": -0.39,
            "eps_growth_year": -181.25,
            "eps_4q": 0.67,
            "eps_4q_growth_year": -36.51,
            "roe": -2.6,
            "roe_4q": 4.38,
            "gross_profit": 11631,
            "gross_margin": 6.42,
            "gross_margin_4q_avg": 7.47,
            "net_income": -13028,
            "net_income_4q": null,
            "revenue": 181113,
            "revenue_4q": null,
            "common_shares": 334263,
            "book_valuer_per_share": 14.54,
            "book_valuer_per_share_4q_avg": 15.32,
            "equity": 485964,
            "current_ratio": 335.22,
            "debt_ratio": 46.94,
            "inventory_turnover_ratio": 3.61,
            "account_receivable_turnover_ratio": 0.39,
            "reinvestment_rate": -292.1,
            "research_to_sale_ratio": 3.7,
            "price_fair": 75.78,
            "eps_avg_yearly": 2.17,
            "eps_latest_yearly": 3.48,
            "eps_growth_yearly": 504.27
        },
        "20232": {
            "year_quarter": 20232,
            "year": 2023,
            "quarter": 2,
            "eps": 0.41,
            "eps_growth_year": -45.33,
            "eps_4q": 0.32,
            "eps_4q_growth_year": -81.25,
            "roe": 2.8,
            "roe_4q": 2.1799999999999997,
            "gross_profit": 23475,
            "gross_margin": 6.76,
            "gross_margin_4q_avg": 6.59,
            "net_income": 13716,
            "net_income_4q": null,
            "revenue": 347396,
            "revenue_4q": null,
            "common_shares": 334263,
            "book_valuer_per_share": 14.81,
            "book_valuer_per_share_4q_avg": 15.23,
            "equity": 495055,
            "current_ratio": 274.52,
            "debt_ratio": 51.3,
            "inventory_turnover_ratio": 6.56,
            "account_receivable_turnover_ratio": 0.68,
            "reinvestment_rate": -254.23,
            "research_to_sale_ratio": 2.05,
            "price_fair": 75.78,
            "eps_avg_yearly": 2.17,
            "eps_latest_yearly": 3.48,
            "eps_growth_yearly": 504.27
        },
        "20233": {
            "year_quarter": 20233,
            "year": 2023,
            "quarter": 3,
            "eps": 0.4,
            "eps_growth_year": -54.02,
            "eps_4q": -0.14,
            "eps_4q_growth_year": -106.06,
            "roe": 2.65,
            "roe_4q": -0.7100000000000009,
            "gross_profit": 18415,
            "gross_margin": 6.39,
            "gross_margin_4q_avg": 6.29,
            "net_income": 13442,
            "net_income_4q": null,
            "revenue": 288174,
            "revenue_4q": null,
            "common_shares": 334263,
            "book_valuer_per_share": 15.51,
            "book_valuer_per_share_4q_avg": 15.08,
            "equity": 518491,
            "current_ratio": 331.17,
            "debt_ratio": 48.25,
            "inventory_turnover_ratio": 6.28,
            "account_receivable_turnover_ratio": 0.55,
            "reinvestment_rate": -214.13,
            "research_to_sale_ratio": 2.24,
            "price_fair": 73.58,
            "eps_avg_yearly": 2.1,
            "eps_latest_yearly": 1.6,
            "eps_growth_yearly": 447.16
        },
        "20234": {
            "year_quarter": 20234,
            "year": 2023,
            "quarter": 4,
            "eps": -0.62,
            "eps_growth_year": null,
            "eps_4q": -0.2,
            "eps_4q_growth_year": -112.81,
            "roe": -4.08,
            "roe_4q": -1.2300000000000004,
            "gross_profit": 15277,
            "gross_margin": 6.54,
            "gross_margin_4q_avg": 6.53,
            "net_income": -20696,
            "net_income_4q": null,
            "revenue": 233768,
            "revenue_4q": null,
            "common_shares": 334263,
            "book_valuer_per_share": 14.86,
            "book_valuer_per_share_4q_avg": 14.93,
            "equity": 496679,
            "current_ratio": 366.66,
            "debt_ratio": 46.85,
            "inventory_turnover_ratio": 8.66,
            "account_receivable_turnover_ratio": 0.52,
            "reinvestment_rate": -229.86,
            "research_to_sale_ratio": 2.38,
            "price_fair": 73.58,
            "eps_avg_yearly": 2.1,
            "eps_latest_yearly": 1.6,
            "eps_growth_yearly": 447.16
        }
    },
    "months": {
        "2004-02": {
            "month": "2004-02",
            "price": "26.00",
            "revenue": 45166
        },
        "2004-03": {
            "month": "2004-03",
            "price": "28.55",
            "revenue": 65134
        },
        "2004-04": {
            "month": "2004-04",
            "price": "31.36",
            "revenue": 88412
        },
        "2004-05": {
            "month": "2004-05",
            "price": "33.01",
            "revenue": 209947
        },
        "2004-06": {
            "month": "2004-06",
            "price": "31.21",
            "revenue": 212600
        },
        "2004-07": {
            "month": "2004-07",
            "price": "35.89",
            "revenue": 165952
        },
        "2004-08": {
            "month": "2004-08",
            "price": "36.80",
            "revenue": 239982
        },
        "2004-09": {
            "month": "2004-09",
            "price": "30.76",
            "revenue": 228776
        },
        "2004-10": {
            "month": "2004-10",
            "price": "29.05",
            "revenue": 151329
        },
        "2004-11": {
            "month": "2004-11",
            "price": "29.05",
            "revenue": 150082
        },
        "2004-12": {
            "month": "2004-12",
            "price": "25.46",
            "revenue": 199058
        },
        "2005-01": {
            "month": "2005-01",
            "price": "24.60",
            "revenue": 216835
        },
        "2005-02": {
            "month": "2005-02",
            "price": "29.06",
            "revenue": 164547
        },
        "2005-03": {
            "month": "2005-03",
            "price": "43.73",
            "revenue": 125188
        },
        "2005-04": {
            "month": "2005-04",
            "price": "46.83",
            "revenue": 226312
        },
        "2005-05": {
            "month": "2005-05",
            "price": "38.06",
            "revenue": 219614
        },
        "2005-06": {
            "month": "2005-06",
            "price": "40.01",
            "revenue": 193711
        },
        "2005-07": {
            "month": "2005-07",
            "price": "40.41",
            "revenue": 138482
        },
        "2005-08": {
            "month": "2005-08",
            "price": "33.59",
            "revenue": 167860
        },
        "2005-09": {
            "month": "2005-09",
            "price": "32.78",
            "revenue": 163732
        },
        "2005-10": {
            "month": "2005-10",
            "price": "35.91",
            "revenue": 85211
        },
        "2005-11": {
            "month": "2005-11",
            "price": "36.22",
            "revenue": 79993
        },
        "2005-12": {
            "month": "2005-12",
            "price": "50.15",
            "revenue": 63869
        },
        "2006-01": {
            "month": "2006-01",
            "price": "48.64",
            "revenue": 62628
        },
        "2006-02": {
            "month": "2006-02",
            "price": "44.49",
            "revenue": 66607
        },
        "2006-03": {
            "month": "2006-03",
            "price": "76.29",
            "revenue": 76386
        },
        "2006-04": {
            "month": "2006-04",
            "price": "153.18",
            "revenue": 76187
        },
        "2006-05": {
            "month": "2006-05",
            "price": "138.67",
            "revenue": 75550
        },
        "2006-06": {
            "month": "2006-06",
            "price": "101.86",
            "revenue": 104265
        },
        "2006-07": {
            "month": "2006-07",
            "price": "122.57",
            "revenue": 127547
        },
        "2006-08": {
            "month": "2006-08",
            "price": "149.63",
            "revenue": 201908
        },
        "2006-09": {
            "month": "2006-09",
            "price": "141.36",
            "revenue": 167321
        },
        "2006-10": {
            "month": "2006-10",
            "price": "129.68",
            "revenue": 85652
        },
        "2006-11": {
            "month": "2006-11",
            "price": "123.66",
            "revenue": 68148
        },
        "2006-12": {
            "month": "2006-12",
            "price": "147.10",
            "revenue": 58008
        },
        "2007-01": {
            "month": "2007-01",
            "price": "136.70",
            "revenue": 48959
        },
        "2007-02": {
            "month": "2007-02",
            "price": "138.00",
            "revenue": 39407
        },
        "2007-03": {
            "month": "2007-03",
            "price": "122.37",
            "revenue": 56541
        },
        "2007-04": {
            "month": "2007-04",
            "price": "129.95",
            "revenue": 77460
        },
        "2007-05": {
            "month": "2007-05",
            "price": "80.55",
            "revenue": 101081
        },
        "2007-06": {
            "month": "2007-06",
            "price": "83.39",
            "revenue": 99971
        },
        "2007-07": {
            "month": "2007-07",
            "price": "91.69",
            "revenue": 96973
        },
        "2007-08": {
            "month": "2007-08",
            "price": "88.84",
            "revenue": 109460
        },
        "2007-09": {
            "month": "2007-09",
            "price": "81.71",
            "revenue": 86710
        },
        "2007-10": {
            "month": "2007-10",
            "price": "68.09",
            "revenue": 83759
        },
        "2007-11": {
            "month": "2007-11",
            "price": "61.83",
            "revenue": 58687
        },
        "2007-12": {
            "month": "2007-12",
            "price": "57.65",
            "revenue": 49602
        },
        "2008-01": {
            "month": "2008-01",
            "price": "48.63",
            "revenue": 31325
        },
        "2008-02": {
            "month": "2008-02",
            "price": "43.38",
            "revenue": 47211
        },
        "2008-03": {
            "month": "2008-03",
            "price": "63.19",
            "revenue": 95508
        },
        "2008-04": {
            "month": "2008-04",
            "price": "62.22",
            "revenue": 71069
        },
        "2008-05": {
            "month": "2008-05",
            "price": "54.81",
            "revenue": 76676
        },
        "2008-06": {
            "month": "2008-06",
            "price": "48.86",
            "revenue": 91265
        },
        "2008-07": {
            "month": "2008-07",
            "price": "40.54",
            "revenue": 62527
        },
        "2008-08": {
            "month": "2008-08",
            "price": "37.23",
            "revenue": 84353
        },
        "2008-09": {
            "month": "2008-09",
            "price": "24.78",
            "revenue": 26451
        },
        "2008-10": {
            "month": "2008-10",
            "price": "17.68",
            "revenue": 66354
        },
        "2008-11": {
            "month": "2008-11",
            "price": "13.64",
            "revenue": 33388
        },
        "2008-12": {
            "month": "2008-12",
            "price": "13.52",
            "revenue": 36726
        },
        "2009-01": {
            "month": "2009-01",
            "price": "12.39",
            "revenue": 28022
        },
        "2009-02": {
            "month": "2009-02",
            "price": "17.45",
            "revenue": 26504
        },
        "2009-03": {
            "month": "2009-03",
            "price": "24.45",
            "revenue": 66866
        },
        "2009-04": {
            "month": "2009-04",
            "price": "24.71",
            "revenue": 77116
        },
        "2009-05": {
            "month": "2009-05",
            "price": "26.06",
            "revenue": 80633
        },
        "2009-06": {
            "month": "2009-06",
            "price": "24.96",
            "revenue": 99577
        },
        "2009-07": {
            "month": "2009-07",
            "price": "31.13",
            "revenue": 122129
        },
        "2009-08": {
            "month": "2009-08",
            "price": "33.53",
            "revenue": 126701
        },
        "2009-09": {
            "month": "2009-09",
            "price": "32.92",
            "revenue": 135098
        },
        "2009-10": {
            "month": "2009-10",
            "price": "33.55",
            "revenue": 93570
        },
        "2009-11": {
            "month": "2009-11",
            "price": "31.31",
            "revenue": 77278
        },
        "2009-12": {
            "month": "2009-12",
            "price": "33.26",
            "revenue": 89119
        },
        "2010-01": {
            "month": "2010-01",
            "price": "32.72",
            "revenue": 86517
        },
        "2010-02": {
            "month": "2010-02",
            "price": "27.69",
            "revenue": 65365
        },
        "2010-03": {
            "month": "2010-03",
            "price": "28.45",
            "revenue": 141779
        },
        "2010-04": {
            "month": "2010-04",
            "price": "36.21",
            "revenue": 190016
        },
        "2010-05": {
            "month": "2010-05",
            "price": "33.44",
            "revenue": 208666
        },
        "2010-06": {
            "month": "2010-06",
            "price": "36.13",
            "revenue": 200246
        },
        "2010-07": {
            "month": "2010-07",
            "price": "35.98",
            "revenue": 180568
        },
        "2010-08": {
            "month": "2010-08",
            "price": "34.63",
            "revenue": 194396
        },
        "2010-09": {
            "month": "2010-09",
            "price": "31.74",
            "revenue": 181322
        },
        "2010-10": {
            "month": "2010-10",
            "price": "31.00",
            "revenue": 94490
        },
        "2010-11": {
            "month": "2010-11",
            "price": "26.74",
            "revenue": 98712
        },
        "2010-12": {
            "month": "2010-12",
            "price": "27.82",
            "revenue": 102567
        },
        "2011-01": {
            "month": "2011-01",
            "price": "26.84",
            "revenue": 70947
        },
        "2011-02": {
            "month": "2011-02",
            "price": "23.64",
            "revenue": 73030
        },
        "2011-03": {
            "month": "2011-03",
            "price": "21.12",
            "revenue": 129855
        },
        "2011-04": {
            "month": "2011-04",
            "price": "21.20",
            "revenue": 144461
        },
        "2011-05": {
            "month": "2011-05",
            "price": "19.64",
            "revenue": 179313
        },
        "2011-06": {
            "month": "2011-06",
            "price": "17.91",
            "revenue": 158445
        },
        "2011-07": {
            "month": "2011-07",
            "price": "16.60",
            "revenue": 120925
        },
        "2011-08": {
            "month": "2011-08",
            "price": "13.81",
            "revenue": 109660
        },
        "2011-09": {
            "month": "2011-09",
            "price": "11.79",
            "revenue": 71899
        },
        "2011-10": {
            "month": "2011-10",
            "price": "10.53",
            "revenue": 57753
        },
        "2011-11": {
            "month": "2011-11",
            "price": "9.28",
            "revenue": 72533
        },
        "2011-12": {
            "month": "2011-12",
            "price": "8.02",
            "revenue": 47158
        },
        "2012-01": {
            "month": "2012-01",
            "price": "10.34",
            "revenue": 31030
        },
        "2012-02": {
            "month": "2012-02",
            "price": "12.97",
            "revenue": 48426
        },
        "2012-03": {
            "month": "2012-03",
            "price": "11.44",
            "revenue": 53227
        },
        "2012-04": {
            "month": "2012-04",
            "price": "9.92",
            "revenue": 61362
        },
        "2012-05": {
            "month": "2012-05",
            "price": "9.56",
            "revenue": 83715
        },
        "2012-06": {
            "month": "2012-06",
            "price": "9.07",
            "revenue": 89654
        },
        "2012-07": {
            "month": "2012-07",
            "price": "8.97",
            "revenue": 87566
        },
        "2012-08": {
            "month": "2012-08",
            "price": "8.38",
            "revenue": 87248
        },
        "2012-09": {
            "month": "2012-09",
            "price": "8.68",
            "revenue": 53699
        },
        "2012-10": {
            "month": "2012-10",
            "price": "8.10",
            "revenue": 49382
        },
        "2012-11": {
            "month": "2012-11",
            "price": "7.11",
            "revenue": 38550
        },
        "2012-12": {
            "month": "2012-12",
            "price": "7.28",
            "revenue": 45111
        },
        "2013-01": {
            "month": "2013-01",
            "price": "7.97",
            "revenue": 51507
        },
        "2013-02": {
            "month": "2013-02",
            "price": "7.59",
            "revenue": 28857
        },
        "2013-03": {
            "month": "2013-03",
            "price": "8.02",
            "revenue": 61581
        },
        "2013-04": {
            "month": "2013-04",
            "price": "8.64",
            "revenue": 91065
        },
        "2013-05": {
            "month": "2013-05",
            "price": "10.63",
            "revenue": 82576
        },
        "2013-06": {
            "month": "2013-06",
            "price": "9.46",
            "revenue": 82712
        },
        "2013-07": {
            "month": "2013-07",
            "price": "8.34",
            "revenue": 77878
        },
        "2013-08": {
            "month": "2013-08",
            "price": "8.36",
            "revenue": 72181
        },
        "2013-09": {
            "month": "2013-09",
            "price": "9.19",
            "revenue": 49920
        },
        "2013-10": {
            "month": "2013-10",
            "price": "8.64",
            "revenue": 59501
        },
        "2013-11": {
            "month": "2013-11",
            "price": "8.73",
            "revenue": 44565
        },
        "2013-12": {
            "month": "2013-12",
            "price": "12.33",
            "revenue": 49864
        },
        "2014-01": {
            "month": "2014-01",
            "price": "18.56",
            "revenue": 22353
        },
        "2014-02": {
            "month": "2014-02",
            "price": "20.34",
            "revenue": 26867
        },
        "2014-03": {
            "month": "2014-03",
            "price": "22.18",
            "revenue": 75394
        },
        "2014-04": {
            "month": "2014-04",
            "price": "21.62",
            "revenue": 104886
        },
        "2014-05": {
            "month": "2014-05",
            "price": "28.35",
            "revenue": 94510
        },
        "2014-06": {
            "month": "2014-06",
            "price": "36.34",
            "revenue": 94560
        },
        "2014-07": {
            "month": "2014-07",
            "price": "31.67",
            "revenue": 94904
        },
        "2014-08": {
            "month": "2014-08",
            "price": "32.41",
            "revenue": 80799
        },
        "2014-09": {
            "month": "2014-09",
            "price": "29.47",
            "revenue": 73449
        },
        "2014-10": {
            "month": "2014-10",
            "price": "26.20",
            "revenue": 75524
        },
        "2014-11": {
            "month": "2014-11",
            "price": "25.06",
            "revenue": 64486
        },
        "2014-12": {
            "month": "2014-12",
            "price": "25.65",
            "revenue": 60802
        },
        "2015-01": {
            "month": "2015-01",
            "price": "28.76",
            "revenue": 53232
        },
        "2015-02": {
            "month": "2015-02",
            "price": "29.32",
            "revenue": 30303
        },
        "2015-03": {
            "month": "2015-03",
            "price": "30.90",
            "revenue": 63969
        },
        "2015-04": {
            "month": "2015-04",
            "price": "29.03",
            "revenue": 85476
        },
        "2015-05": {
            "month": "2015-05",
            "price": "24.39",
            "revenue": 85733
        },
        "2015-06": {
            "month": "2015-06",
            "price": "18.33",
            "revenue": 67020
        },
        "2015-07": {
            "month": "2015-07",
            "price": "15.37",
            "revenue": 67296
        },
        "2015-08": {
            "month": "2015-08",
            "price": "12.93",
            "revenue": 71122
        },
        "2015-09": {
            "month": "2015-09",
            "price": "13.05",
            "revenue": 43122
        },
        "2015-10": {
            "month": "2015-10",
            "price": "14.80",
            "revenue": 93310
        },
        "2015-11": {
            "month": "2015-11",
            "price": "14.94",
            "revenue": 59327
        },
        "2015-12": {
            "month": "2015-12",
            "price": "15.70",
            "revenue": 62015
        },
        "2016-01": {
            "month": "2016-01",
            "price": "13.73",
            "revenue": 36631
        },
        "2016-02": {
            "month": "2016-02",
            "price": "13.35",
            "revenue": 33162
        },
        "2016-03": {
            "month": "2016-03",
            "price": "14.49",
            "revenue": 77723
        },
        "2016-04": {
            "month": "2016-04",
            "price": "13.06",
            "revenue": 76708
        },
        "2016-05": {
            "month": "2016-05",
            "price": "11.97",
            "revenue": 76449
        },
        "2016-06": {
            "month": "2016-06",
            "price": "12.21",
            "revenue": 80751
        },
        "2016-07": {
            "month": "2016-07",
            "price": "12.77",
            "revenue": 71809
        },
        "2016-08": {
            "month": "2016-08",
            "price": "12.49",
            "revenue": 68099
        },
        "2016-09": {
            "month": "2016-09",
            "price": "12.72",
            "revenue": 52734
        },
        "2016-10": {
            "month": "2016-10",
            "price": "12.74",
            "revenue": 76914
        },
        "2016-11": {
            "month": "2016-11",
            "price": "11.42",
            "revenue": 51710
        },
        "2016-12": {
            "month": "2016-12",
            "price": "11.65",
            "revenue": 78304
        },
        "2017-01": {
            "month": "2017-01",
            "price": "11.52",
            "revenue": 59468
        },
        "2017-02": {
            "month": "2017-02",
            "price": "13.62",
            "revenue": 71704
        },
        "2017-03": {
            "month": "2017-03",
            "price": "15.05",
            "revenue": 73971
        },
        "2017-04": {
            "month": "2017-04",
            "price": "15.43",
            "revenue": 87642
        },
        "2017-05": {
            "month": "2017-05",
            "price": "15.69",
            "revenue": 91715
        },
        "2017-06": {
            "month": "2017-06",
            "price": "15.35",
            "revenue": 106633
        },
        "2017-07": {
            "month": "2017-07",
            "price": "14.01",
            "revenue": 101174
        },
        "2017-08": {
            "month": "2017-08",
            "price": "13.45",
            "revenue": 78687
        },
        "2017-09": {
            "month": "2017-09",
            "price": "13.58",
            "revenue": 80694
        },
        "2017-10": {
            "month": "2017-10",
            "price": "13.16",
            "revenue": 71716
        },
        "2017-11": {
            "month": "2017-11",
            "price": "13.10",
            "revenue": 82600
        },
        "2017-12": {
            "month": "2017-12",
            "price": "12.67",
            "revenue": 72430
        },
        "2018-01": {
            "month": "2018-01",
            "price": "14.90",
            "revenue": 61532
        },
        "2018-02": {
            "month": "2018-02",
            "price": "17.15",
            "revenue": 46429
        },
        "2018-03": {
            "month": "2018-03",
            "price": "16.83",
            "revenue": 75895
        },
        "2018-04": {
            "month": "2018-04",
            "price": "16.03",
            "revenue": 69058
        },
        "2018-05": {
            "month": "2018-05",
            "price": "14.38",
            "revenue": 101433
        },
        "2018-06": {
            "month": "2018-06",
            "price": "15.15",
            "revenue": 78528
        },
        "2018-07": {
            "month": "2018-07",
            "price": "15.11",
            "revenue": 67557
        },
        "2018-08": {
            "month": "2018-08",
            "price": "14.85",
            "revenue": 76299
        },
        "2018-09": {
            "month": "2018-09",
            "price": "14.32",
            "revenue": 75869
        },
        "2018-10": {
            "month": "2018-10",
            "price": "12.24",
            "revenue": 70810
        },
        "2018-11": {
            "month": "2018-11",
            "price": "10.80",
            "revenue": 58060
        },
        "2018-12": {
            "month": "2018-12",
            "price": "10.66",
            "revenue": 48797
        },
        "2019-01": {
            "month": "2019-01",
            "price": "10.43",
            "revenue": 69659
        },
        "2019-02": {
            "month": "2019-02",
            "price": "10.77",
            "revenue": 45824
        },
        "2019-03": {
            "month": "2019-03",
            "price": "11.71",
            "revenue": 73308
        },
        "2019-04": {
            "month": "2019-04",
            "price": "11.52",
            "revenue": 75393
        },
        "2019-05": {
            "month": "2019-05",
            "price": "10.65",
            "revenue": 106311
        },
        "2019-06": {
            "month": "2019-06",
            "price": "10.57",
            "revenue": 79990
        },
        "2019-07": {
            "month": "2019-07",
            "price": "10.64",
            "revenue": 87612
        },
        "2019-08": {
            "month": "2019-08",
            "price": "11.32",
            "revenue": 83296
        },
        "2019-09": {
            "month": "2019-09",
            "price": "12.04",
            "revenue": 79738
        },
        "2019-10": {
            "month": "2019-10",
            "price": "11.95",
            "revenue": 86815
        },
        "2019-11": {
            "month": "2019-11",
            "price": "11.76",
            "revenue": 78716
        },
        "2019-12": {
            "month": "2019-12",
            "price": "11.97",
            "revenue": 78238
        },
        "2020-01": {
            "month": "2020-01",
            "price": "11.92",
            "revenue": 55074
        },
        "2020-02": {
            "month": "2020-02",
            "price": "11.35",
            "revenue": 57369
        },
        "2020-03": {
            "month": "2020-03",
            "price": "10.37",
            "revenue": 50827
        },
        "2020-04": {
            "month": "2020-04",
            "price": "9.63",
            "revenue": 61145
        },
        "2020-05": {
            "month": "2020-05",
            "price": "9.92",
            "revenue": 94198
        },
        "2020-06": {
            "month": "2020-06",
            "price": "10.45",
            "revenue": 82489
        },
        "2020-07": {
            "month": "2020-07",
            "price": "14.27",
            "revenue": 121894
        },
        "2020-08": {
            "month": "2020-08",
            "price": "14.47",
            "revenue": 126528
        },
        "2020-09": {
            "month": "2020-09",
            "price": "16.02",
            "revenue": 126893
        },
        "2020-10": {
            "month": "2020-10",
            "price": "17.05",
            "revenue": 139427
        },
        "2020-11": {
            "month": "2020-11",
            "price": "16.90",
            "revenue": 125275
        },
        "2020-12": {
            "month": "2020-12",
            "price": "16.18",
            "revenue": 121555
        },
        "2021-01": {
            "month": "2021-01",
            "price": "16.00",
            "revenue": 110855
        },
        "2021-02": {
            "month": "2021-02",
            "price": "17.27",
            "revenue": 85185
        },
        "2021-03": {
            "month": "2021-03",
            "price": "23.88",
            "revenue": 111494
        },
        "2021-04": {
            "month": "2021-04",
            "price": "35.59",
            "revenue": 113515
        },
        "2021-05": {
            "month": "2021-05",
            "price": "27.70",
            "revenue": 167432
        },
        "2021-06": {
            "month": "2021-06",
            "price": "31.59",
            "revenue": 103218
        },
        "2021-07": {
            "month": "2021-07",
            "price": "40.13",
            "revenue": 157232
        },
        "2021-08": {
            "month": "2021-08",
            "price": "33.71",
            "revenue": 145056
        },
        "2021-09": {
            "month": "2021-09",
            "price": "31.26",
            "revenue": 97474
        },
        "2021-10": {
            "month": "2021-10",
            "price": "25.07",
            "revenue": 161865
        },
        "2021-11": {
            "month": "2021-11",
            "price": "28.57",
            "revenue": 102368
        },
        "2021-12": {
            "month": "2021-12",
            "price": "29.00",
            "revenue": 131287
        },
        "2022-01": {
            "month": "2022-01",
            "price": "28.18",
            "revenue": 105379
        },
        "2022-02": {
            "month": "2022-02",
            "price": "26.60",
            "revenue": 73597
        },
        "2022-03": {
            "month": "2022-03",
            "price": "24.22",
            "revenue": 172585
        },
        "2022-04": {
            "month": "2022-04",
            "price": "24.37",
            "revenue": 136778
        },
        "2022-05": {
            "month": "2022-05",
            "price": "23.19",
            "revenue": 136189
        },
        "2022-06": {
            "month": "2022-06",
            "price": "23.25",
            "revenue": 106906
        },
        "2022-07": {
            "month": "2022-07",
            "price": "20.05",
            "revenue": 96594
        },
        "2022-08": {
            "month": "2022-08",
            "price": "23.73",
            "revenue": 84130
        },
        "2022-09": {
            "month": "2022-09",
            "price": "23.61",
            "revenue": 74989
        },
        "2022-10": {
            "month": "2022-10",
            "price": "20.49",
            "revenue": 92957
        },
        "2022-11": {
            "month": "2022-11",
            "price": "23.19",
            "revenue": 71779
        },
        "2022-12": {
            "month": "2022-12",
            "price": "23.14",
            "revenue": 79049
        },
        "2023-01": {
            "month": "2023-01",
            "price": "22.15",
            "revenue": 52135
        },
        "2023-02": {
            "month": "2023-02",
            "price": "23.36",
            "revenue": 39587
        },
        "2023-03": {
            "month": "2023-03",
            "price": "23.68",
            "revenue": 89379
        },
        "2023-04": {
            "month": "2023-04",
            "price": "22.87",
            "revenue": 104295
        },
        "2023-05": {
            "month": "2023-05",
            "price": "21.54",
            "revenue": 134290
        },
        "2023-06": {
            "month": "2023-06",
            "price": "22.69",
            "revenue": 108164
        },
        "2023-07": {
            "month": "2023-07",
            "price": "22.51",
            "revenue": 108129
        },
        "2023-08": {
            "month": "2023-08",
            "price": "20.94",
            "revenue": 91056
        },
        "2023-09": {
            "month": "2023-09",
            "price": "21.54",
            "revenue": 88619
        },
        "2023-10": {
            "month": "2023-10",
            "price": "22.74",
            "revenue": 82950
        },
        "2023-11": {
            "month": "2023-11",
            "price": "25.33",
            "revenue": 81671
        },
        "2023-12": {
            "month": "2023-12",
            "price": "28.32",
            "revenue": 69201
        },
        "2024-01": {
            "month": "2024-01",
            "price": "25.92",
            "revenue": 74034
        },
        "2024-02": {
            "month": "2024-02",
            "price": "33.77",
            "revenue": 73808
        }
    }
}
