{
    "summary": {
        "stock_name": "東碩",
        "stock_id": "3272",
        "category": "電腦及週邊設備",
        "main_business": "USB萬用匯流埠等電腦週邊設備之研發、產製<br>居家智能應用之軟、韌、硬體之開發整合<br>前項有關產品及原料之進出口貿易業務",
        "website_url": "http://www.goodway.com.tw",
        "ceo": "曹賜正(代)",
        "pe_ratio": -18,
        "report_year_from": 2002,
        "report_year_to": 2023,
        "age": 22,
        "eps_negative_percentage": 9,
        "eps_growth_avg": {
            "last_all": -16.59,
            "last_2y": -27.79,
            "last_4y": -5.72,
            "last_8y": -16.59,
            "last_12y": null,
            "last_16y": null,
            "last_20y": null,
            "at_2006_last_3y": null,
            "at_2007_last_3y": null,
            "at_2008_last_3y": null,
            "at_2009_last_3y": null,
            "at_2010_last_3y": null,
            "at_2011_last_3y": null,
            "at_2012_last_3y": null,
            "at_2013_last_3y": null,
            "at_2014_last_3y": null,
            "at_2015_last_3y": null,
            "at_2016_last_3y": null,
            "at_2017_last_3y": -33.86,
            "at_2018_last_3y": -30.18,
            "at_2019_last_3y": -19.42,
            "at_2020_last_3y": 6.86,
            "at_2021_last_3y": -11.94,
            "at_2022_last_3y": 17.85,
            "at_2023_last_3y": -2.86,
            "at_2024_last_3y": -2.86,
            "at_2006_last_all": null,
            "at_2007_last_all": null,
            "at_2008_last_all": null,
            "at_2009_last_all": null,
            "at_2010_last_all": null,
            "at_2011_last_all": null,
            "at_2012_last_all": null,
            "at_2013_last_all": null,
            "at_2014_last_all": null,
            "at_2015_last_all": -60.19,
            "at_2016_last_all": -46.7,
            "at_2017_last_all": -33.86,
            "at_2018_last_all": -30.18,
            "at_2019_last_all": -27.57,
            "at_2020_last_all": -10.99,
            "at_2021_last_all": -21.33,
            "at_2022_last_all": -6.16,
            "at_2023_last_all": -16.59,
            "at_2024_last_all": -16.59
        },
        "latest_eps": -1.91,
        "latest_price": 34.1,
        "latest_roe": -6.55,
        "latest_gross_margin": 5.81,
        "latest_equity": 1719839,
        "latest_revenue": 680236,
        "latest_gross_profit": 39545,
        "latest_net_income": -56510,
        "latest_debt_ratio": 62.47,
        "latest_current_ratio": 125.68,
        "latest_account_receivable_turnover_ratio": 0.84,
        "latest_inventory_turnover_ratio": 0.78,
        "latest_reinvestment_rate": 349.12,
        "latest_research_to_sale_ratio": 5.14
    },
    "eps_dividends": {
        "2001": {
            "cash": 0,
            "stock": 0,
            "eps": 0
        },
        "2002": {
            "cash": 0,
            "stock": 0,
            "eps": 0
        },
        "2003": {
            "cash": 0,
            "stock": 0,
            "eps": 0
        },
        "2004": {
            "cash": 0,
            "stock": 0,
            "eps": 0
        },
        "2005": {
            "cash": 0,
            "stock": 0,
            "eps": 0
        },
        "2006": {
            "cash": 0,
            "stock": 0.75,
            "eps": 0
        },
        "2007": {
            "cash": 0,
            "stock": 0,
            "eps": 0
        },
        "2008": {
            "cash": 0,
            "stock": 0,
            "eps": 0
        },
        "2009": {
            "cash": 0,
            "stock": 0,
            "eps": 0
        },
        "2010": {
            "cash": 0,
            "stock": 0,
            "eps": 0
        },
        "2011": {
            "cash": 0,
            "stock": 0,
            "eps": 0
        },
        "2012": {
            "cash": 0,
            "stock": 0,
            "eps": 0
        },
        "2013": {
            "cash": 0.1,
            "stock": 0.2,
            "eps": 0
        },
        "2014": {
            "cash": 2,
            "stock": 2,
            "eps": 12.41
        },
        "2015": {
            "cash": 4.5,
            "stock": 4,
            "eps": 4.94
        },
        "2016": {
            "cash": 1.77,
            "stock": 0,
            "eps": 3.3
        },
        "2017": {
            "cash": 1.49,
            "stock": 0,
            "eps": 3.03
        },
        "2018": {
            "cash": 1.35,
            "stock": 0,
            "eps": 2.45
        },
        "2019": {
            "cash": 1,
            "stock": 0,
            "eps": 2.03
        },
        "2020": {
            "cash": 0.8,
            "stock": 0,
            "eps": 3.49
        },
        "2021": {
            "cash": 1.8,
            "stock": 0,
            "eps": 0.58
        },
        "2022": {
            "cash": 1,
            "stock": 0,
            "eps": 4.25
        },
        "2023": {
            "cash": 1.7,
            "stock": 1.2,
            "eps": -5.38
        }
    },
    "dividends": {
        "2006-05-16": {
            "cash": 0,
            "stock": 0.75
        },
        "2013-06-11": {
            "cash": 0.1,
            "stock": 0.2
        },
        "2014-05-09": {
            "cash": 2,
            "stock": 2
        },
        "2015-09-07": {
            "cash": 4.5,
            "stock": 4
        },
        "2016-08-22": {
            "cash": 1.77,
            "stock": 0
        },
        "2017-08-22": {
            "cash": 1.49,
            "stock": 0
        },
        "2018-09-05": {
            "cash": 1.35,
            "stock": 0
        },
        "2019-08-21": {
            "cash": 1,
            "stock": 0
        },
        "2020-08-28": {
            "cash": 0.8,
            "stock": 0
        },
        "2021-09-24": {
            "cash": 1.8,
            "stock": 0
        },
        "2022-10-07": {
            "cash": 1,
            "stock": 0
        },
        "2023-08-25": {
            "cash": 1.7,
            "stock": 1.2
        }
    },
    "prices": {
        "200101": "無",
        "200102": "無",
        "200103": "無",
        "200104": "無",
        "200105": "無",
        "200106": "無",
        "200107": "無",
        "200108": "無",
        "200109": "無",
        "200110": "無",
        "200111": "無",
        "200112": "無",
        "200201": "無",
        "200202": "無",
        "200203": "無",
        "200204": "無",
        "200205": "無",
        "200206": "無",
        "200207": "無",
        "200208": "無",
        "200209": "無",
        "200210": "無",
        "200211": "無",
        "200212": "無",
        "200301": "無",
        "200302": "無",
        "200303": "無",
        "200304": "無",
        "200305": "無",
        "200306": "無",
        "200307": "無",
        "200308": "無",
        "200309": "無",
        "200310": "無",
        "200311": "無",
        "200312": "無",
        "200401": "無",
        "200402": "無",
        "200403": "無",
        "200404": "無",
        "200405": "無",
        "200406": "無",
        "200407": "無",
        "200408": "23.58",
        "200409": "無",
        "200410": "無",
        "200411": "無",
        "200412": "無",
        "200501": "16.78",
        "200502": "無",
        "200503": "12.94",
        "200504": "12.50",
        "200505": "11.06",
        "200506": "無",
        "200507": "無",
        "200508": "無",
        "200509": "8.93",
        "200510": "7.94",
        "200511": "7.86",
        "200512": "8.47",
        "200601": "10.84",
        "200602": "15.24",
        "200603": "16.03",
        "200604": "16.48",
        "200605": "18.12",
        "200606": "18.65",
        "200607": "17.00",
        "200608": "16.80",
        "200609": "16.00",
        "200610": "13.50",
        "200611": "11.71",
        "200612": "8.40",
        "200701": "8.11",
        "200702": "7.96",
        "200703": "8.10",
        "200704": "8.26",
        "200705": "9.82",
        "200706": "11.58",
        "200707": "15.21",
        "200708": "17.48",
        "200709": "16.40",
        "200710": "17.98",
        "200711": "18.22",
        "200712": "13.40",
        "200801": "13.01",
        "200802": "11.66",
        "200803": "10.05",
        "200804": "9.45",
        "200805": "7.66",
        "200806": "6.08",
        "200807": "5.76",
        "200808": "6.33",
        "200809": "4.14",
        "200810": "3.56",
        "200811": "1.20",
        "200812": "2.80",
        "200901": "無",
        "200902": "2.80",
        "200903": "2.73",
        "200904": "3.08",
        "200905": "3.58",
        "200906": "4.80",
        "200907": "5.00",
        "200908": "5.00",
        "200909": "4.94",
        "200910": "5.12",
        "200911": "5.34",
        "200912": "5.34",
        "201001": "6.03",
        "201002": "5.98",
        "201003": "5.62",
        "201004": "5.82",
        "201005": "5.84",
        "201006": "5.92",
        "201007": "6.10",
        "201008": "5.64",
        "201009": "5.64",
        "201010": "5.73",
        "201011": "5.89",
        "201012": "5.92",
        "201101": "5.36",
        "201102": "5.23",
        "201103": "5.53",
        "201104": "7.37",
        "201105": "8.01",
        "201106": "7.67",
        "201107": "7.79",
        "201108": "6.64",
        "201109": "5.48",
        "201110": "4.30",
        "201111": "3.94",
        "201112": "3.61",
        "201201": "3.87",
        "201202": "5.01",
        "201203": "4.43",
        "201204": "4.27",
        "201205": "3.85",
        "201206": "3.94",
        "201207": "5.20",
        "201208": "5.13",
        "201209": "5.91",
        "201210": "6.26",
        "201211": "6.16",
        "201212": "6.25",
        "201301": "8.02",
        "201302": "12.93",
        "201303": "19.13",
        "201304": "22.81",
        "201305": "25.77",
        "201306": "32.16",
        "201307": "34.50",
        "201308": "30.84",
        "201309": "29.16",
        "201310": "25.65",
        "201311": "26.40",
        "201312": "31.69",
        "201401": "42.52",
        "201402": "53.99",
        "201403": "64.18",
        "201404": "86.83",
        "201405": "110.38",
        "201406": "155.92",
        "201407": "161.95",
        "201408": "143.00",
        "201409": "139.74",
        "201410": "115.11",
        "201411": "118.48",
        "201412": "140.38",
        "201501": "143.22",
        "201502": "138.65",
        "201503": "166.39",
        "201504": "173.38",
        "201505": "137.25",
        "201506": "104.66",
        "201507": "100.27",
        "201508": "57.63",
        "201509": "56.24",
        "201510": "66.75",
        "201511": "65.94",
        "201512": "63.01",
        "201601": "51.50",
        "201602": "53.29",
        "201603": "59.21",
        "201604": "50.67",
        "201605": "42.00",
        "201606": "41.01",
        "201607": "42.91",
        "201608": "42.92",
        "201609": "49.78",
        "201610": "53.08",
        "201611": "49.49",
        "201612": "50.04",
        "201701": "49.39",
        "201702": "50.12",
        "201703": "48.42",
        "201704": "43.66",
        "201705": "43.23",
        "201706": "49.08",
        "201707": "49.40",
        "201708": "55.40",
        "201709": "64.12",
        "201710": "70.41",
        "201711": "59.16",
        "201712": "52.88",
        "201801": "56.34",
        "201802": "51.32",
        "201803": "48.94",
        "201804": "47.71",
        "201805": "38.82",
        "201806": "38.97",
        "201807": "38.81",
        "201808": "39.09",
        "201809": "33.43",
        "201810": "27.35",
        "201811": "31.50",
        "201812": "33.56",
        "201901": "40.94",
        "201902": "43.10",
        "201903": "42.77",
        "201904": "40.74",
        "201905": "33.81",
        "201906": "33.27",
        "201907": "33.41",
        "201908": "29.68",
        "201909": "29.78",
        "201910": "28.60",
        "201911": "30.64",
        "201912": "32.49",
        "202001": "29.60",
        "202002": "25.42",
        "202003": "19.83",
        "202004": "20.62",
        "202005": "22.10",
        "202006": "22.19",
        "202007": "26.07",
        "202008": "47.84",
        "202009": "67.69",
        "202010": "64.32",
        "202011": "52.66",
        "202012": "51.08",
        "202101": "52.99",
        "202102": "51.43",
        "202103": "55.67",
        "202104": "53.80",
        "202105": "43.01",
        "202106": "41.09",
        "202107": "41.58",
        "202108": "40.32",
        "202109": "38.60",
        "202110": "38.14",
        "202111": "39.38",
        "202112": "40.14",
        "202201": "39.24",
        "202202": "37.94",
        "202203": "32.48",
        "202204": "30.35",
        "202205": "27.45",
        "202206": "28.48",
        "202207": "27.81",
        "202208": "31.14",
        "202209": "31.36",
        "202210": "37.50",
        "202211": "51.51",
        "202212": "46.08",
        "202301": "44.87",
        "202302": "42.07",
        "202303": "45.34",
        "202304": "46.82",
        "202305": "43.12",
        "202306": "44.00",
        "202307": "41.88",
        "202308": "35.42",
        "202309": "34.50",
        "202310": "34.42",
        "202311": "33.64",
        "202312": "34.26"
    },
    "quarters": {
        "20011": {
            "year_quarter": 20011,
            "year": 2001,
            "quarter": 1,
            "eps": null,
            "eps_growth_year": null,
            "eps_4q": null,
            "eps_4q_growth_year": null,
            "roe": null,
            "roe_4q": 0,
            "gross_profit": null,
            "gross_margin": null,
            "gross_margin_4q_avg": 0,
            "net_income": null,
            "net_income_4q": null,
            "revenue": null,
            "revenue_4q": null,
            "common_shares": null,
            "book_valuer_per_share": null,
            "book_valuer_per_share_4q_avg": 0,
            "equity": null,
            "current_ratio": null,
            "debt_ratio": null,
            "inventory_turnover_ratio": null,
            "account_receivable_turnover_ratio": null,
            "reinvestment_rate": null,
            "research_to_sale_ratio": null,
            "price_fair": 0,
            "eps_avg_yearly": 0,
            "eps_latest_yearly": 0,
            "eps_growth_yearly": 0
        },
        "20012": {
            "year_quarter": 20012,
            "year": 2001,
            "quarter": 2,
            "eps": null,
            "eps_growth_year": null,
            "eps_4q": null,
            "eps_4q_growth_year": null,
            "roe": null,
            "roe_4q": 0,
            "gross_profit": null,
            "gross_margin": null,
            "gross_margin_4q_avg": 0,
            "net_income": null,
            "net_income_4q": null,
            "revenue": null,
            "revenue_4q": null,
            "common_shares": null,
            "book_valuer_per_share": null,
            "book_valuer_per_share_4q_avg": 0,
            "equity": null,
            "current_ratio": null,
            "debt_ratio": null,
            "inventory_turnover_ratio": null,
            "account_receivable_turnover_ratio": null,
            "reinvestment_rate": null,
            "research_to_sale_ratio": null,
            "price_fair": 0,
            "eps_avg_yearly": 0,
            "eps_latest_yearly": 0,
            "eps_growth_yearly": 0
        },
        "20013": {
            "year_quarter": 20013,
            "year": 2001,
            "quarter": 3,
            "eps": null,
            "eps_growth_year": null,
            "eps_4q": null,
            "eps_4q_growth_year": null,
            "roe": null,
            "roe_4q": 0,
            "gross_profit": null,
            "gross_margin": null,
            "gross_margin_4q_avg": 0,
            "net_income": null,
            "net_income_4q": null,
            "revenue": null,
            "revenue_4q": null,
            "common_shares": null,
            "book_valuer_per_share": null,
            "book_valuer_per_share_4q_avg": 0,
            "equity": null,
            "current_ratio": null,
            "debt_ratio": null,
            "inventory_turnover_ratio": null,
            "account_receivable_turnover_ratio": null,
            "reinvestment_rate": null,
            "research_to_sale_ratio": null,
            "price_fair": 0,
            "eps_avg_yearly": 0,
            "eps_latest_yearly": 0,
            "eps_growth_yearly": 0
        },
        "20014": {
            "year_quarter": 20014,
            "year": 2001,
            "quarter": 4,
            "eps": null,
            "eps_growth_year": null,
            "eps_4q": null,
            "eps_4q_growth_year": null,
            "roe": null,
            "roe_4q": 0,
            "gross_profit": null,
            "gross_margin": null,
            "gross_margin_4q_avg": 0,
            "net_income": null,
            "net_income_4q": null,
            "revenue": null,
            "revenue_4q": null,
            "common_shares": 103000,
            "book_valuer_per_share": 11.76,
            "book_valuer_per_share_4q_avg": 2.94,
            "equity": 121154,
            "current_ratio": 136.37,
            "debt_ratio": 66.89,
            "inventory_turnover_ratio": null,
            "account_receivable_turnover_ratio": null,
            "reinvestment_rate": null,
            "research_to_sale_ratio": null,
            "price_fair": 0,
            "eps_avg_yearly": 0,
            "eps_latest_yearly": 0,
            "eps_growth_yearly": 0
        },
        "20021": {
            "year_quarter": 20021,
            "year": 2002,
            "quarter": 1,
            "eps": null,
            "eps_growth_year": null,
            "eps_4q": null,
            "eps_4q_growth_year": null,
            "roe": null,
            "roe_4q": 0,
            "gross_profit": null,
            "gross_margin": null,
            "gross_margin_4q_avg": 0,
            "net_income": null,
            "net_income_4q": null,
            "revenue": null,
            "revenue_4q": null,
            "common_shares": null,
            "book_valuer_per_share": null,
            "book_valuer_per_share_4q_avg": 2.94,
            "equity": null,
            "current_ratio": null,
            "debt_ratio": null,
            "inventory_turnover_ratio": null,
            "account_receivable_turnover_ratio": null,
            "reinvestment_rate": null,
            "research_to_sale_ratio": null,
            "price_fair": 0,
            "eps_avg_yearly": 0,
            "eps_latest_yearly": 0,
            "eps_growth_yearly": 0
        },
        "20022": {
            "year_quarter": 20022,
            "year": 2002,
            "quarter": 2,
            "eps": null,
            "eps_growth_year": null,
            "eps_4q": null,
            "eps_4q_growth_year": null,
            "roe": null,
            "roe_4q": 0,
            "gross_profit": null,
            "gross_margin": null,
            "gross_margin_4q_avg": 0,
            "net_income": null,
            "net_income_4q": null,
            "revenue": null,
            "revenue_4q": null,
            "common_shares": null,
            "book_valuer_per_share": null,
            "book_valuer_per_share_4q_avg": 2.94,
            "equity": null,
            "current_ratio": null,
            "debt_ratio": null,
            "inventory_turnover_ratio": null,
            "account_receivable_turnover_ratio": null,
            "reinvestment_rate": null,
            "research_to_sale_ratio": null,
            "price_fair": 0,
            "eps_avg_yearly": 0,
            "eps_latest_yearly": 0,
            "eps_growth_yearly": 0
        },
        "20023": {
            "year_quarter": 20023,
            "year": 2002,
            "quarter": 3,
            "eps": null,
            "eps_growth_year": null,
            "eps_4q": null,
            "eps_4q_growth_year": null,
            "roe": null,
            "roe_4q": 0,
            "gross_profit": null,
            "gross_margin": null,
            "gross_margin_4q_avg": 0,
            "net_income": null,
            "net_income_4q": null,
            "revenue": null,
            "revenue_4q": null,
            "common_shares": null,
            "book_valuer_per_share": null,
            "book_valuer_per_share_4q_avg": 2.94,
            "equity": null,
            "current_ratio": null,
            "debt_ratio": null,
            "inventory_turnover_ratio": null,
            "account_receivable_turnover_ratio": null,
            "reinvestment_rate": null,
            "research_to_sale_ratio": null,
            "price_fair": 0,
            "eps_avg_yearly": 0,
            "eps_latest_yearly": 0,
            "eps_growth_yearly": 0
        },
        "20024": {
            "year_quarter": 20024,
            "year": 2002,
            "quarter": 4,
            "eps": null,
            "eps_growth_year": null,
            "eps_4q": null,
            "eps_4q_growth_year": null,
            "roe": null,
            "roe_4q": 0,
            "gross_profit": null,
            "gross_margin": null,
            "gross_margin_4q_avg": 0,
            "net_income": null,
            "net_income_4q": null,
            "revenue": null,
            "revenue_4q": null,
            "common_shares": 180000,
            "book_valuer_per_share": 13.88,
            "book_valuer_per_share_4q_avg": 3.47,
            "equity": 249783,
            "current_ratio": 160.6,
            "debt_ratio": 55.63,
            "inventory_turnover_ratio": null,
            "account_receivable_turnover_ratio": null,
            "reinvestment_rate": null,
            "research_to_sale_ratio": null,
            "price_fair": 0,
            "eps_avg_yearly": 0,
            "eps_latest_yearly": 0,
            "eps_growth_yearly": 0
        },
        "20031": {
            "year_quarter": 20031,
            "year": 2003,
            "quarter": 1,
            "eps": null,
            "eps_growth_year": null,
            "eps_4q": null,
            "eps_4q_growth_year": null,
            "roe": null,
            "roe_4q": 0,
            "gross_profit": null,
            "gross_margin": null,
            "gross_margin_4q_avg": 0,
            "net_income": null,
            "net_income_4q": null,
            "revenue": null,
            "revenue_4q": null,
            "common_shares": null,
            "book_valuer_per_share": null,
            "book_valuer_per_share_4q_avg": 3.47,
            "equity": null,
            "current_ratio": null,
            "debt_ratio": null,
            "inventory_turnover_ratio": null,
            "account_receivable_turnover_ratio": null,
            "reinvestment_rate": null,
            "research_to_sale_ratio": null,
            "price_fair": 0,
            "eps_avg_yearly": 0,
            "eps_latest_yearly": 0,
            "eps_growth_yearly": 0
        },
        "20032": {
            "year_quarter": 20032,
            "year": 2003,
            "quarter": 2,
            "eps": null,
            "eps_growth_year": null,
            "eps_4q": null,
            "eps_4q_growth_year": null,
            "roe": null,
            "roe_4q": 0,
            "gross_profit": null,
            "gross_margin": null,
            "gross_margin_4q_avg": 0,
            "net_income": null,
            "net_income_4q": null,
            "revenue": null,
            "revenue_4q": null,
            "common_shares": null,
            "book_valuer_per_share": null,
            "book_valuer_per_share_4q_avg": 3.47,
            "equity": null,
            "current_ratio": null,
            "debt_ratio": null,
            "inventory_turnover_ratio": null,
            "account_receivable_turnover_ratio": null,
            "reinvestment_rate": null,
            "research_to_sale_ratio": null,
            "price_fair": 0,
            "eps_avg_yearly": 0,
            "eps_latest_yearly": 0,
            "eps_growth_yearly": 0
        },
        "20033": {
            "year_quarter": 20033,
            "year": 2003,
            "quarter": 3,
            "eps": null,
            "eps_growth_year": null,
            "eps_4q": null,
            "eps_4q_growth_year": null,
            "roe": null,
            "roe_4q": 0,
            "gross_profit": null,
            "gross_margin": null,
            "gross_margin_4q_avg": 0,
            "net_income": null,
            "net_income_4q": null,
            "revenue": null,
            "revenue_4q": null,
            "common_shares": null,
            "book_valuer_per_share": null,
            "book_valuer_per_share_4q_avg": 3.47,
            "equity": null,
            "current_ratio": null,
            "debt_ratio": null,
            "inventory_turnover_ratio": null,
            "account_receivable_turnover_ratio": null,
            "reinvestment_rate": null,
            "research_to_sale_ratio": null,
            "price_fair": 0,
            "eps_avg_yearly": 0,
            "eps_latest_yearly": 0,
            "eps_growth_yearly": 0
        },
        "20034": {
            "year_quarter": 20034,
            "year": 2003,
            "quarter": 4,
            "eps": null,
            "eps_growth_year": null,
            "eps_4q": null,
            "eps_4q_growth_year": null,
            "roe": null,
            "roe_4q": 0,
            "gross_profit": null,
            "gross_margin": null,
            "gross_margin_4q_avg": 0,
            "net_income": null,
            "net_income_4q": null,
            "revenue": null,
            "revenue_4q": null,
            "common_shares": 216120,
            "book_valuer_per_share": 12.13,
            "book_valuer_per_share_4q_avg": 3.03,
            "equity": 262120,
            "current_ratio": 140.83,
            "debt_ratio": 60,
            "inventory_turnover_ratio": null,
            "account_receivable_turnover_ratio": null,
            "reinvestment_rate": null,
            "research_to_sale_ratio": null,
            "price_fair": 0,
            "eps_avg_yearly": 0,
            "eps_latest_yearly": 0,
            "eps_growth_yearly": 0
        },
        "20041": {
            "year_quarter": 20041,
            "year": 2004,
            "quarter": 1,
            "eps": null,
            "eps_growth_year": null,
            "eps_4q": null,
            "eps_4q_growth_year": null,
            "roe": null,
            "roe_4q": 0,
            "gross_profit": null,
            "gross_margin": null,
            "gross_margin_4q_avg": 0,
            "net_income": null,
            "net_income_4q": null,
            "revenue": null,
            "revenue_4q": null,
            "common_shares": null,
            "book_valuer_per_share": null,
            "book_valuer_per_share_4q_avg": 3.03,
            "equity": null,
            "current_ratio": null,
            "debt_ratio": null,
            "inventory_turnover_ratio": null,
            "account_receivable_turnover_ratio": null,
            "reinvestment_rate": null,
            "research_to_sale_ratio": null,
            "price_fair": 0,
            "eps_avg_yearly": 0,
            "eps_latest_yearly": 0,
            "eps_growth_yearly": 0
        },
        "20042": {
            "year_quarter": 20042,
            "year": 2004,
            "quarter": 2,
            "eps": null,
            "eps_growth_year": null,
            "eps_4q": null,
            "eps_4q_growth_year": null,
            "roe": null,
            "roe_4q": 0,
            "gross_profit": null,
            "gross_margin": null,
            "gross_margin_4q_avg": 0,
            "net_income": null,
            "net_income_4q": null,
            "revenue": null,
            "revenue_4q": null,
            "common_shares": null,
            "book_valuer_per_share": null,
            "book_valuer_per_share_4q_avg": 3.03,
            "equity": null,
            "current_ratio": null,
            "debt_ratio": null,
            "inventory_turnover_ratio": null,
            "account_receivable_turnover_ratio": null,
            "reinvestment_rate": null,
            "research_to_sale_ratio": null,
            "price_fair": 0,
            "eps_avg_yearly": 0,
            "eps_latest_yearly": 0,
            "eps_growth_yearly": 0
        },
        "20043": {
            "year_quarter": 20043,
            "year": 2004,
            "quarter": 3,
            "eps": null,
            "eps_growth_year": null,
            "eps_4q": null,
            "eps_4q_growth_year": null,
            "roe": null,
            "roe_4q": 0,
            "gross_profit": null,
            "gross_margin": null,
            "gross_margin_4q_avg": 0,
            "net_income": null,
            "net_income_4q": null,
            "revenue": null,
            "revenue_4q": null,
            "common_shares": null,
            "book_valuer_per_share": null,
            "book_valuer_per_share_4q_avg": 3.03,
            "equity": null,
            "current_ratio": null,
            "debt_ratio": null,
            "inventory_turnover_ratio": null,
            "account_receivable_turnover_ratio": null,
            "reinvestment_rate": null,
            "research_to_sale_ratio": null,
            "price_fair": 0,
            "eps_avg_yearly": 0,
            "eps_latest_yearly": 0,
            "eps_growth_yearly": 0
        },
        "20044": {
            "year_quarter": 20044,
            "year": 2004,
            "quarter": 4,
            "eps": null,
            "eps_growth_year": null,
            "eps_4q": null,
            "eps_4q_growth_year": null,
            "roe": null,
            "roe_4q": 0,
            "gross_profit": null,
            "gross_margin": null,
            "gross_margin_4q_avg": 0,
            "net_income": null,
            "net_income_4q": null,
            "revenue": null,
            "revenue_4q": null,
            "common_shares": 241120,
            "book_valuer_per_share": 10.63,
            "book_valuer_per_share_4q_avg": 2.66,
            "equity": 256347,
            "current_ratio": 136.83,
            "debt_ratio": 60.71,
            "inventory_turnover_ratio": null,
            "account_receivable_turnover_ratio": null,
            "reinvestment_rate": null,
            "research_to_sale_ratio": null,
            "price_fair": 0,
            "eps_avg_yearly": 0,
            "eps_latest_yearly": 0,
            "eps_growth_yearly": 0
        },
        "20051": {
            "year_quarter": 20051,
            "year": 2005,
            "quarter": 1,
            "eps": null,
            "eps_growth_year": null,
            "eps_4q": null,
            "eps_4q_growth_year": null,
            "roe": null,
            "roe_4q": 0,
            "gross_profit": null,
            "gross_margin": null,
            "gross_margin_4q_avg": 0,
            "net_income": null,
            "net_income_4q": null,
            "revenue": null,
            "revenue_4q": null,
            "common_shares": null,
            "book_valuer_per_share": null,
            "book_valuer_per_share_4q_avg": 2.66,
            "equity": null,
            "current_ratio": null,
            "debt_ratio": null,
            "inventory_turnover_ratio": null,
            "account_receivable_turnover_ratio": null,
            "reinvestment_rate": null,
            "research_to_sale_ratio": null,
            "price_fair": 0,
            "eps_avg_yearly": 0,
            "eps_latest_yearly": 0,
            "eps_growth_yearly": 0
        },
        "20052": {
            "year_quarter": 20052,
            "year": 2005,
            "quarter": 2,
            "eps": null,
            "eps_growth_year": null,
            "eps_4q": null,
            "eps_4q_growth_year": null,
            "roe": null,
            "roe_4q": 0,
            "gross_profit": null,
            "gross_margin": null,
            "gross_margin_4q_avg": 0,
            "net_income": null,
            "net_income_4q": null,
            "revenue": null,
            "revenue_4q": null,
            "common_shares": null,
            "book_valuer_per_share": null,
            "book_valuer_per_share_4q_avg": 2.66,
            "equity": null,
            "current_ratio": null,
            "debt_ratio": null,
            "inventory_turnover_ratio": null,
            "account_receivable_turnover_ratio": null,
            "reinvestment_rate": null,
            "research_to_sale_ratio": null,
            "price_fair": 0,
            "eps_avg_yearly": 0,
            "eps_latest_yearly": 0,
            "eps_growth_yearly": 0
        },
        "20053": {
            "year_quarter": 20053,
            "year": 2005,
            "quarter": 3,
            "eps": null,
            "eps_growth_year": null,
            "eps_4q": null,
            "eps_4q_growth_year": null,
            "roe": null,
            "roe_4q": 0,
            "gross_profit": null,
            "gross_margin": null,
            "gross_margin_4q_avg": 0,
            "net_income": null,
            "net_income_4q": null,
            "revenue": null,
            "revenue_4q": null,
            "common_shares": null,
            "book_valuer_per_share": null,
            "book_valuer_per_share_4q_avg": 2.66,
            "equity": null,
            "current_ratio": null,
            "debt_ratio": null,
            "inventory_turnover_ratio": null,
            "account_receivable_turnover_ratio": null,
            "reinvestment_rate": null,
            "research_to_sale_ratio": null,
            "price_fair": 0,
            "eps_avg_yearly": 0,
            "eps_latest_yearly": 0,
            "eps_growth_yearly": 0
        },
        "20054": {
            "year_quarter": 20054,
            "year": 2005,
            "quarter": 4,
            "eps": null,
            "eps_growth_year": null,
            "eps_4q": null,
            "eps_4q_growth_year": null,
            "roe": null,
            "roe_4q": 0,
            "gross_profit": null,
            "gross_margin": null,
            "gross_margin_4q_avg": 0,
            "net_income": null,
            "net_income_4q": null,
            "revenue": null,
            "revenue_4q": null,
            "common_shares": 241120,
            "book_valuer_per_share": 12.8,
            "book_valuer_per_share_4q_avg": 3.2,
            "equity": 308711,
            "current_ratio": 137.68,
            "debt_ratio": 65.19,
            "inventory_turnover_ratio": null,
            "account_receivable_turnover_ratio": null,
            "reinvestment_rate": null,
            "research_to_sale_ratio": null,
            "price_fair": 0,
            "eps_avg_yearly": 0,
            "eps_latest_yearly": 0,
            "eps_growth_yearly": 0
        },
        "20061": {
            "year_quarter": 20061,
            "year": 2006,
            "quarter": 1,
            "eps": null,
            "eps_growth_year": null,
            "eps_4q": null,
            "eps_4q_growth_year": null,
            "roe": null,
            "roe_4q": 0,
            "gross_profit": null,
            "gross_margin": null,
            "gross_margin_4q_avg": 0,
            "net_income": null,
            "net_income_4q": null,
            "revenue": null,
            "revenue_4q": null,
            "common_shares": null,
            "book_valuer_per_share": null,
            "book_valuer_per_share_4q_avg": 3.2,
            "equity": null,
            "current_ratio": null,
            "debt_ratio": null,
            "inventory_turnover_ratio": null,
            "account_receivable_turnover_ratio": null,
            "reinvestment_rate": null,
            "research_to_sale_ratio": null,
            "price_fair": 0,
            "eps_avg_yearly": 0,
            "eps_latest_yearly": 0,
            "eps_growth_yearly": 0
        },
        "20062": {
            "year_quarter": 20062,
            "year": 2006,
            "quarter": 2,
            "eps": null,
            "eps_growth_year": null,
            "eps_4q": null,
            "eps_4q_growth_year": null,
            "roe": null,
            "roe_4q": 0,
            "gross_profit": null,
            "gross_margin": null,
            "gross_margin_4q_avg": 0,
            "net_income": null,
            "net_income_4q": null,
            "revenue": null,
            "revenue_4q": null,
            "common_shares": null,
            "book_valuer_per_share": null,
            "book_valuer_per_share_4q_avg": 3.2,
            "equity": null,
            "current_ratio": null,
            "debt_ratio": null,
            "inventory_turnover_ratio": null,
            "account_receivable_turnover_ratio": null,
            "reinvestment_rate": null,
            "research_to_sale_ratio": null,
            "price_fair": 0,
            "eps_avg_yearly": 0,
            "eps_latest_yearly": 0,
            "eps_growth_yearly": 0
        },
        "20063": {
            "year_quarter": 20063,
            "year": 2006,
            "quarter": 3,
            "eps": null,
            "eps_growth_year": null,
            "eps_4q": null,
            "eps_4q_growth_year": null,
            "roe": null,
            "roe_4q": 0,
            "gross_profit": null,
            "gross_margin": null,
            "gross_margin_4q_avg": 0,
            "net_income": null,
            "net_income_4q": null,
            "revenue": null,
            "revenue_4q": null,
            "common_shares": null,
            "book_valuer_per_share": null,
            "book_valuer_per_share_4q_avg": 3.2,
            "equity": null,
            "current_ratio": null,
            "debt_ratio": null,
            "inventory_turnover_ratio": null,
            "account_receivable_turnover_ratio": null,
            "reinvestment_rate": null,
            "research_to_sale_ratio": null,
            "price_fair": 0,
            "eps_avg_yearly": 0,
            "eps_latest_yearly": 0,
            "eps_growth_yearly": 0
        },
        "20064": {
            "year_quarter": 20064,
            "year": 2006,
            "quarter": 4,
            "eps": null,
            "eps_growth_year": null,
            "eps_4q": null,
            "eps_4q_growth_year": null,
            "roe": null,
            "roe_4q": 0,
            "gross_profit": null,
            "gross_margin": null,
            "gross_margin_4q_avg": 0,
            "net_income": null,
            "net_income_4q": null,
            "revenue": null,
            "revenue_4q": null,
            "common_shares": 264848,
            "book_valuer_per_share": 11.14,
            "book_valuer_per_share_4q_avg": 2.79,
            "equity": 295020,
            "current_ratio": 127.26,
            "debt_ratio": 65.75,
            "inventory_turnover_ratio": null,
            "account_receivable_turnover_ratio": null,
            "reinvestment_rate": null,
            "research_to_sale_ratio": null,
            "price_fair": 0,
            "eps_avg_yearly": 0,
            "eps_latest_yearly": 0,
            "eps_growth_yearly": 0
        },
        "20071": {
            "year_quarter": 20071,
            "year": 2007,
            "quarter": 1,
            "eps": null,
            "eps_growth_year": null,
            "eps_4q": null,
            "eps_4q_growth_year": null,
            "roe": null,
            "roe_4q": 0,
            "gross_profit": null,
            "gross_margin": null,
            "gross_margin_4q_avg": 0,
            "net_income": null,
            "net_income_4q": null,
            "revenue": null,
            "revenue_4q": null,
            "common_shares": null,
            "book_valuer_per_share": null,
            "book_valuer_per_share_4q_avg": 2.79,
            "equity": null,
            "current_ratio": null,
            "debt_ratio": null,
            "inventory_turnover_ratio": null,
            "account_receivable_turnover_ratio": null,
            "reinvestment_rate": null,
            "research_to_sale_ratio": null,
            "price_fair": 0,
            "eps_avg_yearly": 0,
            "eps_latest_yearly": 0,
            "eps_growth_yearly": 0
        },
        "20072": {
            "year_quarter": 20072,
            "year": 2007,
            "quarter": 2,
            "eps": null,
            "eps_growth_year": null,
            "eps_4q": null,
            "eps_4q_growth_year": null,
            "roe": null,
            "roe_4q": 0,
            "gross_profit": null,
            "gross_margin": null,
            "gross_margin_4q_avg": 0,
            "net_income": null,
            "net_income_4q": null,
            "revenue": null,
            "revenue_4q": null,
            "common_shares": null,
            "book_valuer_per_share": null,
            "book_valuer_per_share_4q_avg": 2.79,
            "equity": null,
            "current_ratio": null,
            "debt_ratio": null,
            "inventory_turnover_ratio": null,
            "account_receivable_turnover_ratio": null,
            "reinvestment_rate": null,
            "research_to_sale_ratio": null,
            "price_fair": 0,
            "eps_avg_yearly": 0,
            "eps_latest_yearly": 0,
            "eps_growth_yearly": 0
        },
        "20073": {
            "year_quarter": 20073,
            "year": 2007,
            "quarter": 3,
            "eps": null,
            "eps_growth_year": null,
            "eps_4q": null,
            "eps_4q_growth_year": null,
            "roe": null,
            "roe_4q": 0,
            "gross_profit": null,
            "gross_margin": null,
            "gross_margin_4q_avg": 0,
            "net_income": null,
            "net_income_4q": null,
            "revenue": null,
            "revenue_4q": null,
            "common_shares": null,
            "book_valuer_per_share": null,
            "book_valuer_per_share_4q_avg": 2.79,
            "equity": null,
            "current_ratio": null,
            "debt_ratio": null,
            "inventory_turnover_ratio": null,
            "account_receivable_turnover_ratio": null,
            "reinvestment_rate": null,
            "research_to_sale_ratio": null,
            "price_fair": 0,
            "eps_avg_yearly": 0,
            "eps_latest_yearly": 0,
            "eps_growth_yearly": 0
        },
        "20074": {
            "year_quarter": 20074,
            "year": 2007,
            "quarter": 4,
            "eps": null,
            "eps_growth_year": null,
            "eps_4q": null,
            "eps_4q_growth_year": null,
            "roe": null,
            "roe_4q": 0,
            "gross_profit": null,
            "gross_margin": null,
            "gross_margin_4q_avg": 0,
            "net_income": null,
            "net_income_4q": null,
            "revenue": null,
            "revenue_4q": null,
            "common_shares": 264848,
            "book_valuer_per_share": 12.14,
            "book_valuer_per_share_4q_avg": 3.04,
            "equity": 332410,
            "current_ratio": 135.38,
            "debt_ratio": 62.86,
            "inventory_turnover_ratio": null,
            "account_receivable_turnover_ratio": null,
            "reinvestment_rate": null,
            "research_to_sale_ratio": null,
            "price_fair": 0,
            "eps_avg_yearly": 0,
            "eps_latest_yearly": 0,
            "eps_growth_yearly": 0
        },
        "20081": {
            "year_quarter": 20081,
            "year": 2008,
            "quarter": 1,
            "eps": null,
            "eps_growth_year": null,
            "eps_4q": null,
            "eps_4q_growth_year": null,
            "roe": null,
            "roe_4q": 0,
            "gross_profit": null,
            "gross_margin": null,
            "gross_margin_4q_avg": 0,
            "net_income": null,
            "net_income_4q": null,
            "revenue": null,
            "revenue_4q": null,
            "common_shares": null,
            "book_valuer_per_share": null,
            "book_valuer_per_share_4q_avg": 3.04,
            "equity": null,
            "current_ratio": null,
            "debt_ratio": null,
            "inventory_turnover_ratio": null,
            "account_receivable_turnover_ratio": null,
            "reinvestment_rate": null,
            "research_to_sale_ratio": null,
            "price_fair": 0,
            "eps_avg_yearly": 0,
            "eps_latest_yearly": 0,
            "eps_growth_yearly": 0
        },
        "20082": {
            "year_quarter": 20082,
            "year": 2008,
            "quarter": 2,
            "eps": null,
            "eps_growth_year": null,
            "eps_4q": null,
            "eps_4q_growth_year": null,
            "roe": null,
            "roe_4q": 0,
            "gross_profit": null,
            "gross_margin": null,
            "gross_margin_4q_avg": 0,
            "net_income": null,
            "net_income_4q": null,
            "revenue": null,
            "revenue_4q": null,
            "common_shares": null,
            "book_valuer_per_share": null,
            "book_valuer_per_share_4q_avg": 3.04,
            "equity": null,
            "current_ratio": null,
            "debt_ratio": null,
            "inventory_turnover_ratio": null,
            "account_receivable_turnover_ratio": null,
            "reinvestment_rate": null,
            "research_to_sale_ratio": null,
            "price_fair": 0,
            "eps_avg_yearly": 0,
            "eps_latest_yearly": 0,
            "eps_growth_yearly": 0
        },
        "20083": {
            "year_quarter": 20083,
            "year": 2008,
            "quarter": 3,
            "eps": null,
            "eps_growth_year": null,
            "eps_4q": null,
            "eps_4q_growth_year": null,
            "roe": null,
            "roe_4q": 0,
            "gross_profit": null,
            "gross_margin": null,
            "gross_margin_4q_avg": 0,
            "net_income": null,
            "net_income_4q": null,
            "revenue": null,
            "revenue_4q": null,
            "common_shares": null,
            "book_valuer_per_share": null,
            "book_valuer_per_share_4q_avg": 3.04,
            "equity": null,
            "current_ratio": null,
            "debt_ratio": null,
            "inventory_turnover_ratio": null,
            "account_receivable_turnover_ratio": null,
            "reinvestment_rate": null,
            "research_to_sale_ratio": null,
            "price_fair": 0,
            "eps_avg_yearly": 0,
            "eps_latest_yearly": 0,
            "eps_growth_yearly": 0
        },
        "20084": {
            "year_quarter": 20084,
            "year": 2008,
            "quarter": 4,
            "eps": null,
            "eps_growth_year": null,
            "eps_4q": null,
            "eps_4q_growth_year": null,
            "roe": null,
            "roe_4q": 0,
            "gross_profit": null,
            "gross_margin": null,
            "gross_margin_4q_avg": 0,
            "net_income": null,
            "net_income_4q": null,
            "revenue": null,
            "revenue_4q": null,
            "common_shares": 264848,
            "book_valuer_per_share": 11.1,
            "book_valuer_per_share_4q_avg": 2.78,
            "equity": 294082,
            "current_ratio": 130.29,
            "debt_ratio": 59.59,
            "inventory_turnover_ratio": null,
            "account_receivable_turnover_ratio": null,
            "reinvestment_rate": null,
            "research_to_sale_ratio": null,
            "price_fair": 0,
            "eps_avg_yearly": 0,
            "eps_latest_yearly": 0,
            "eps_growth_yearly": 0
        },
        "20091": {
            "year_quarter": 20091,
            "year": 2009,
            "quarter": 1,
            "eps": null,
            "eps_growth_year": null,
            "eps_4q": null,
            "eps_4q_growth_year": null,
            "roe": null,
            "roe_4q": 0,
            "gross_profit": null,
            "gross_margin": null,
            "gross_margin_4q_avg": 0,
            "net_income": null,
            "net_income_4q": null,
            "revenue": null,
            "revenue_4q": null,
            "common_shares": null,
            "book_valuer_per_share": null,
            "book_valuer_per_share_4q_avg": 2.78,
            "equity": null,
            "current_ratio": null,
            "debt_ratio": null,
            "inventory_turnover_ratio": null,
            "account_receivable_turnover_ratio": null,
            "reinvestment_rate": null,
            "research_to_sale_ratio": null,
            "price_fair": 0,
            "eps_avg_yearly": 0,
            "eps_latest_yearly": 0,
            "eps_growth_yearly": 0
        },
        "20092": {
            "year_quarter": 20092,
            "year": 2009,
            "quarter": 2,
            "eps": null,
            "eps_growth_year": null,
            "eps_4q": null,
            "eps_4q_growth_year": null,
            "roe": null,
            "roe_4q": 0,
            "gross_profit": null,
            "gross_margin": null,
            "gross_margin_4q_avg": 0,
            "net_income": null,
            "net_income_4q": null,
            "revenue": null,
            "revenue_4q": null,
            "common_shares": 264848,
            "book_valuer_per_share": null,
            "book_valuer_per_share_4q_avg": 2.78,
            "equity": 265389,
            "current_ratio": null,
            "debt_ratio": null,
            "inventory_turnover_ratio": null,
            "account_receivable_turnover_ratio": null,
            "reinvestment_rate": null,
            "research_to_sale_ratio": null,
            "price_fair": 0,
            "eps_avg_yearly": 0,
            "eps_latest_yearly": 0,
            "eps_growth_yearly": 0
        },
        "20093": {
            "year_quarter": 20093,
            "year": 2009,
            "quarter": 3,
            "eps": null,
            "eps_growth_year": null,
            "eps_4q": null,
            "eps_4q_growth_year": null,
            "roe": null,
            "roe_4q": 0,
            "gross_profit": null,
            "gross_margin": null,
            "gross_margin_4q_avg": 0,
            "net_income": null,
            "net_income_4q": null,
            "revenue": null,
            "revenue_4q": null,
            "common_shares": null,
            "book_valuer_per_share": null,
            "book_valuer_per_share_4q_avg": 2.78,
            "equity": null,
            "current_ratio": null,
            "debt_ratio": null,
            "inventory_turnover_ratio": null,
            "account_receivable_turnover_ratio": null,
            "reinvestment_rate": null,
            "research_to_sale_ratio": null,
            "price_fair": 0,
            "eps_avg_yearly": 0,
            "eps_latest_yearly": 0,
            "eps_growth_yearly": 0
        },
        "20094": {
            "year_quarter": 20094,
            "year": 2009,
            "quarter": 4,
            "eps": null,
            "eps_growth_year": null,
            "eps_4q": null,
            "eps_4q_growth_year": null,
            "roe": null,
            "roe_4q": 0,
            "gross_profit": null,
            "gross_margin": null,
            "gross_margin_4q_avg": 0,
            "net_income": null,
            "net_income_4q": null,
            "revenue": null,
            "revenue_4q": null,
            "common_shares": 264848,
            "book_valuer_per_share": 10.29,
            "book_valuer_per_share_4q_avg": 2.57,
            "equity": 272454,
            "current_ratio": 113.72,
            "debt_ratio": 65.19,
            "inventory_turnover_ratio": null,
            "account_receivable_turnover_ratio": null,
            "reinvestment_rate": null,
            "research_to_sale_ratio": null,
            "price_fair": 0,
            "eps_avg_yearly": 0,
            "eps_latest_yearly": 0,
            "eps_growth_yearly": 0
        },
        "20101": {
            "year_quarter": 20101,
            "year": 2010,
            "quarter": 1,
            "eps": null,
            "eps_growth_year": null,
            "eps_4q": null,
            "eps_4q_growth_year": null,
            "roe": null,
            "roe_4q": 0,
            "gross_profit": null,
            "gross_margin": null,
            "gross_margin_4q_avg": 0,
            "net_income": null,
            "net_income_4q": null,
            "revenue": null,
            "revenue_4q": null,
            "common_shares": null,
            "book_valuer_per_share": null,
            "book_valuer_per_share_4q_avg": 2.57,
            "equity": null,
            "current_ratio": null,
            "debt_ratio": null,
            "inventory_turnover_ratio": null,
            "account_receivable_turnover_ratio": null,
            "reinvestment_rate": null,
            "research_to_sale_ratio": null,
            "price_fair": 0,
            "eps_avg_yearly": 0,
            "eps_latest_yearly": 0,
            "eps_growth_yearly": 0
        },
        "20102": {
            "year_quarter": 20102,
            "year": 2010,
            "quarter": 2,
            "eps": null,
            "eps_growth_year": null,
            "eps_4q": null,
            "eps_4q_growth_year": null,
            "roe": null,
            "roe_4q": 0,
            "gross_profit": null,
            "gross_margin": null,
            "gross_margin_4q_avg": 0,
            "net_income": null,
            "net_income_4q": null,
            "revenue": null,
            "revenue_4q": null,
            "common_shares": 264848,
            "book_valuer_per_share": 10.45,
            "book_valuer_per_share_4q_avg": 5.19,
            "equity": 276879,
            "current_ratio": 115.01,
            "debt_ratio": 65.17,
            "inventory_turnover_ratio": null,
            "account_receivable_turnover_ratio": null,
            "reinvestment_rate": null,
            "research_to_sale_ratio": null,
            "price_fair": 0,
            "eps_avg_yearly": 0,
            "eps_latest_yearly": 0,
            "eps_growth_yearly": 0
        },
        "20103": {
            "year_quarter": 20103,
            "year": 2010,
            "quarter": 3,
            "eps": null,
            "eps_growth_year": null,
            "eps_4q": null,
            "eps_4q_growth_year": null,
            "roe": null,
            "roe_4q": 0,
            "gross_profit": null,
            "gross_margin": null,
            "gross_margin_4q_avg": 0,
            "net_income": null,
            "net_income_4q": null,
            "revenue": null,
            "revenue_4q": null,
            "common_shares": null,
            "book_valuer_per_share": null,
            "book_valuer_per_share_4q_avg": 5.19,
            "equity": null,
            "current_ratio": null,
            "debt_ratio": null,
            "inventory_turnover_ratio": null,
            "account_receivable_turnover_ratio": null,
            "reinvestment_rate": null,
            "research_to_sale_ratio": null,
            "price_fair": 0,
            "eps_avg_yearly": 0,
            "eps_latest_yearly": 0,
            "eps_growth_yearly": 0
        },
        "20104": {
            "year_quarter": 20104,
            "year": 2010,
            "quarter": 4,
            "eps": null,
            "eps_growth_year": null,
            "eps_4q": null,
            "eps_4q_growth_year": null,
            "roe": null,
            "roe_4q": 0,
            "gross_profit": null,
            "gross_margin": null,
            "gross_margin_4q_avg": 0,
            "net_income": null,
            "net_income_4q": null,
            "revenue": null,
            "revenue_4q": null,
            "common_shares": 264848,
            "book_valuer_per_share": 10.4,
            "book_valuer_per_share_4q_avg": 5.21,
            "equity": 275377,
            "current_ratio": 118.81,
            "debt_ratio": 62.24,
            "inventory_turnover_ratio": null,
            "account_receivable_turnover_ratio": null,
            "reinvestment_rate": null,
            "research_to_sale_ratio": null,
            "price_fair": 0,
            "eps_avg_yearly": 0,
            "eps_latest_yearly": 0,
            "eps_growth_yearly": 0
        },
        "20111": {
            "year_quarter": 20111,
            "year": 2011,
            "quarter": 1,
            "eps": null,
            "eps_growth_year": null,
            "eps_4q": null,
            "eps_4q_growth_year": null,
            "roe": null,
            "roe_4q": 0,
            "gross_profit": null,
            "gross_margin": null,
            "gross_margin_4q_avg": 0,
            "net_income": null,
            "net_income_4q": null,
            "revenue": null,
            "revenue_4q": null,
            "common_shares": null,
            "book_valuer_per_share": null,
            "book_valuer_per_share_4q_avg": 5.21,
            "equity": null,
            "current_ratio": null,
            "debt_ratio": null,
            "inventory_turnover_ratio": null,
            "account_receivable_turnover_ratio": null,
            "reinvestment_rate": null,
            "research_to_sale_ratio": null,
            "price_fair": 0,
            "eps_avg_yearly": 0,
            "eps_latest_yearly": 0,
            "eps_growth_yearly": 0
        },
        "20112": {
            "year_quarter": 20112,
            "year": 2011,
            "quarter": 2,
            "eps": null,
            "eps_growth_year": null,
            "eps_4q": null,
            "eps_4q_growth_year": null,
            "roe": null,
            "roe_4q": 0,
            "gross_profit": null,
            "gross_margin": null,
            "gross_margin_4q_avg": 0,
            "net_income": null,
            "net_income_4q": null,
            "revenue": null,
            "revenue_4q": null,
            "common_shares": 264848,
            "book_valuer_per_share": 9.07,
            "book_valuer_per_share_4q_avg": 4.87,
            "equity": 240192,
            "current_ratio": 108.77,
            "debt_ratio": 68.55,
            "inventory_turnover_ratio": null,
            "account_receivable_turnover_ratio": null,
            "reinvestment_rate": null,
            "research_to_sale_ratio": null,
            "price_fair": 0,
            "eps_avg_yearly": 0,
            "eps_latest_yearly": 0,
            "eps_growth_yearly": 0
        },
        "20113": {
            "year_quarter": 20113,
            "year": 2011,
            "quarter": 3,
            "eps": null,
            "eps_growth_year": null,
            "eps_4q": null,
            "eps_4q_growth_year": null,
            "roe": null,
            "roe_4q": 0,
            "gross_profit": null,
            "gross_margin": null,
            "gross_margin_4q_avg": 0,
            "net_income": null,
            "net_income_4q": null,
            "revenue": null,
            "revenue_4q": null,
            "common_shares": null,
            "book_valuer_per_share": null,
            "book_valuer_per_share_4q_avg": 4.87,
            "equity": null,
            "current_ratio": null,
            "debt_ratio": null,
            "inventory_turnover_ratio": null,
            "account_receivable_turnover_ratio": null,
            "reinvestment_rate": null,
            "research_to_sale_ratio": null,
            "price_fair": 0,
            "eps_avg_yearly": 0,
            "eps_latest_yearly": 0,
            "eps_growth_yearly": 0
        },
        "20114": {
            "year_quarter": 20114,
            "year": 2011,
            "quarter": 4,
            "eps": null,
            "eps_growth_year": null,
            "eps_4q": null,
            "eps_4q_growth_year": null,
            "roe": null,
            "roe_4q": 0,
            "gross_profit": null,
            "gross_margin": null,
            "gross_margin_4q_avg": 0,
            "net_income": null,
            "net_income_4q": null,
            "revenue": null,
            "revenue_4q": null,
            "common_shares": 264848,
            "book_valuer_per_share": 9.7,
            "book_valuer_per_share_4q_avg": 4.69,
            "equity": 256858,
            "current_ratio": 106.88,
            "debt_ratio": 70.35,
            "inventory_turnover_ratio": null,
            "account_receivable_turnover_ratio": null,
            "reinvestment_rate": null,
            "research_to_sale_ratio": null,
            "price_fair": 0,
            "eps_avg_yearly": 0,
            "eps_latest_yearly": 0,
            "eps_growth_yearly": 0
        },
        "20121": {
            "year_quarter": 20121,
            "year": 2012,
            "quarter": 1,
            "eps": null,
            "eps_growth_year": null,
            "eps_4q": null,
            "eps_4q_growth_year": null,
            "roe": null,
            "roe_4q": 0,
            "gross_profit": null,
            "gross_margin": null,
            "gross_margin_4q_avg": 0,
            "net_income": null,
            "net_income_4q": null,
            "revenue": null,
            "revenue_4q": null,
            "common_shares": null,
            "book_valuer_per_share": null,
            "book_valuer_per_share_4q_avg": 4.69,
            "equity": null,
            "current_ratio": null,
            "debt_ratio": null,
            "inventory_turnover_ratio": null,
            "account_receivable_turnover_ratio": null,
            "reinvestment_rate": null,
            "research_to_sale_ratio": null,
            "price_fair": 0,
            "eps_avg_yearly": 0,
            "eps_latest_yearly": 0,
            "eps_growth_yearly": 0
        },
        "20122": {
            "year_quarter": 20122,
            "year": 2012,
            "quarter": 2,
            "eps": null,
            "eps_growth_year": null,
            "eps_4q": null,
            "eps_4q_growth_year": null,
            "roe": null,
            "roe_4q": 0,
            "gross_profit": null,
            "gross_margin": null,
            "gross_margin_4q_avg": 0,
            "net_income": null,
            "net_income_4q": null,
            "revenue": null,
            "revenue_4q": null,
            "common_shares": 264848,
            "book_valuer_per_share": 10.15,
            "book_valuer_per_share_4q_avg": 4.96,
            "equity": 268874,
            "current_ratio": 110.51,
            "debt_ratio": 67.59,
            "inventory_turnover_ratio": null,
            "account_receivable_turnover_ratio": null,
            "reinvestment_rate": null,
            "research_to_sale_ratio": null,
            "price_fair": 0,
            "eps_avg_yearly": 0,
            "eps_latest_yearly": 0,
            "eps_growth_yearly": 0
        },
        "20123": {
            "year_quarter": 20123,
            "year": 2012,
            "quarter": 3,
            "eps": null,
            "eps_growth_year": null,
            "eps_4q": null,
            "eps_4q_growth_year": null,
            "roe": null,
            "roe_4q": 0,
            "gross_profit": null,
            "gross_margin": null,
            "gross_margin_4q_avg": 0,
            "net_income": null,
            "net_income_4q": null,
            "revenue": null,
            "revenue_4q": null,
            "common_shares": null,
            "book_valuer_per_share": null,
            "book_valuer_per_share_4q_avg": 4.96,
            "equity": null,
            "current_ratio": null,
            "debt_ratio": null,
            "inventory_turnover_ratio": null,
            "account_receivable_turnover_ratio": null,
            "reinvestment_rate": null,
            "research_to_sale_ratio": null,
            "price_fair": 0,
            "eps_avg_yearly": 0,
            "eps_latest_yearly": 0,
            "eps_growth_yearly": 0
        },
        "20124": {
            "year_quarter": 20124,
            "year": 2012,
            "quarter": 4,
            "eps": null,
            "eps_growth_year": null,
            "eps_4q": null,
            "eps_4q_growth_year": null,
            "roe": null,
            "roe_4q": 0,
            "gross_profit": null,
            "gross_margin": null,
            "gross_margin_4q_avg": 0,
            "net_income": null,
            "net_income_4q": null,
            "revenue": null,
            "revenue_4q": null,
            "common_shares": 264848,
            "book_valuer_per_share": 11.37,
            "book_valuer_per_share_4q_avg": 5.38,
            "equity": 301107,
            "current_ratio": 112.5,
            "debt_ratio": 69.81,
            "inventory_turnover_ratio": null,
            "account_receivable_turnover_ratio": null,
            "reinvestment_rate": null,
            "research_to_sale_ratio": null,
            "price_fair": 0,
            "eps_avg_yearly": 0,
            "eps_latest_yearly": 0,
            "eps_growth_yearly": 0
        },
        "20131": {
            "year_quarter": 20131,
            "year": 2013,
            "quarter": 1,
            "eps": null,
            "eps_growth_year": null,
            "eps_4q": null,
            "eps_4q_growth_year": null,
            "roe": null,
            "roe_4q": 0,
            "gross_profit": 107142,
            "gross_margin": null,
            "gross_margin_4q_avg": 0,
            "net_income": 25367,
            "net_income_4q": null,
            "revenue": 463957,
            "revenue_4q": null,
            "common_shares": 264848,
            "book_valuer_per_share": 12.41,
            "book_valuer_per_share_4q_avg": 8.48,
            "equity": 328742,
            "current_ratio": 113.49,
            "debt_ratio": 71.11,
            "inventory_turnover_ratio": null,
            "account_receivable_turnover_ratio": null,
            "reinvestment_rate": null,
            "research_to_sale_ratio": null,
            "price_fair": 0,
            "eps_avg_yearly": 0,
            "eps_latest_yearly": 0,
            "eps_growth_yearly": 0
        },
        "20132": {
            "year_quarter": 20132,
            "year": 2013,
            "quarter": 2,
            "eps": 0,
            "eps_growth_year": null,
            "eps_4q": null,
            "eps_4q_growth_year": null,
            "roe": 16.17,
            "roe_4q": 16.17,
            "gross_profit": 255421,
            "gross_margin": 23.19,
            "gross_margin_4q_avg": 5.8,
            "net_income": 55858,
            "net_income_4q": null,
            "revenue": 1101415,
            "revenue_4q": null,
            "common_shares": 264848,
            "book_valuer_per_share": 13.67,
            "book_valuer_per_share_4q_avg": 9.36,
            "equity": 361936,
            "current_ratio": 113.44,
            "debt_ratio": 73.78,
            "inventory_turnover_ratio": 3.41,
            "account_receivable_turnover_ratio": 3.46,
            "reinvestment_rate": null,
            "research_to_sale_ratio": 3.86,
            "price_fair": 0,
            "eps_avg_yearly": 0,
            "eps_latest_yearly": 0,
            "eps_growth_yearly": 0
        },
        "20133": {
            "year_quarter": 20133,
            "year": 2013,
            "quarter": 3,
            "eps": null,
            "eps_growth_year": null,
            "eps_4q": null,
            "eps_4q_growth_year": null,
            "roe": null,
            "roe_4q": 16.17,
            "gross_profit": 184753,
            "gross_margin": null,
            "gross_margin_4q_avg": 5.8,
            "net_income": 64518,
            "net_income_4q": null,
            "revenue": 722562,
            "revenue_4q": null,
            "common_shares": 271125,
            "book_valuer_per_share": 15.67,
            "book_valuer_per_share_4q_avg": 13.28,
            "equity": 424760,
            "current_ratio": 124.42,
            "debt_ratio": 72.8,
            "inventory_turnover_ratio": null,
            "account_receivable_turnover_ratio": null,
            "reinvestment_rate": null,
            "research_to_sale_ratio": null,
            "price_fair": 0,
            "eps_avg_yearly": 0,
            "eps_latest_yearly": 0,
            "eps_growth_yearly": 0
        },
        "20134": {
            "year_quarter": 20134,
            "year": 2013,
            "quarter": 4,
            "eps": null,
            "eps_growth_year": null,
            "eps_4q": null,
            "eps_4q_growth_year": null,
            "roe": null,
            "roe_4q": 16.17,
            "gross_profit": 127546,
            "gross_margin": null,
            "gross_margin_4q_avg": 5.8,
            "net_income": 23600,
            "net_income_4q": null,
            "revenue": 617280,
            "revenue_4q": null,
            "common_shares": 271125,
            "book_valuer_per_share": 16.82,
            "book_valuer_per_share_4q_avg": 14.64,
            "equity": 456088,
            "current_ratio": 136.67,
            "debt_ratio": 64.81,
            "inventory_turnover_ratio": null,
            "account_receivable_turnover_ratio": null,
            "reinvestment_rate": null,
            "research_to_sale_ratio": null,
            "price_fair": 0,
            "eps_avg_yearly": 0,
            "eps_latest_yearly": 0,
            "eps_growth_yearly": 0
        },
        "20141": {
            "year_quarter": 20141,
            "year": 2014,
            "quarter": 1,
            "eps": 2.78,
            "eps_growth_year": null,
            "eps_4q": 4.84,
            "eps_4q_growth_year": null,
            "roe": 15.3,
            "roe_4q": 31.470000000000002,
            "gross_profit": 174181,
            "gross_margin": 29.21,
            "gross_margin_4q_avg": 13.1,
            "net_income": 75499,
            "net_income_4q": null,
            "revenue": 596364,
            "revenue_4q": null,
            "common_shares": 271125,
            "book_valuer_per_share": 19.57,
            "book_valuer_per_share_4q_avg": 16.43,
            "equity": 530555,
            "current_ratio": 144.09,
            "debt_ratio": 62.39,
            "inventory_turnover_ratio": 1.9,
            "account_receivable_turnover_ratio": 0.99,
            "reinvestment_rate": null,
            "research_to_sale_ratio": 3.47,
            "price_fair": 0,
            "eps_avg_yearly": 0,
            "eps_latest_yearly": 0,
            "eps_growth_yearly": 0
        },
        "20142": {
            "year_quarter": 20142,
            "year": 2014,
            "quarter": 2,
            "eps": 3.18,
            "eps_growth_year": null,
            "eps_4q": 5.5,
            "eps_4q_growth_year": null,
            "roe": 18.58,
            "roe_4q": 33.879999999999995,
            "gross_profit": 248706,
            "gross_margin": 26.96,
            "gross_margin_4q_avg": 14.04,
            "net_income": 103600,
            "net_income_4q": null,
            "revenue": 922394,
            "revenue_4q": null,
            "common_shares": 271125,
            "book_valuer_per_share": 21.56,
            "book_valuer_per_share_4q_avg": 18.41,
            "equity": 584451,
            "current_ratio": 135.74,
            "debt_ratio": 67.44,
            "inventory_turnover_ratio": 2.19,
            "account_receivable_turnover_ratio": 1.26,
            "reinvestment_rate": null,
            "research_to_sale_ratio": 2.37,
            "price_fair": 445.2,
            "eps_avg_yearly": 12.72,
            "eps_latest_yearly": 12.72,
            "eps_growth_yearly": 57.55
        },
        "20143": {
            "year_quarter": 20143,
            "year": 2014,
            "quarter": 3,
            "eps": 3.67,
            "eps_growth_year": null,
            "eps_4q": 8.32,
            "eps_4q_growth_year": null,
            "roe": 14.56,
            "roe_4q": 48.44,
            "gross_profit": 236330,
            "gross_margin": 27.73,
            "gross_margin_4q_avg": 20.98,
            "net_income": 125446,
            "net_income_4q": null,
            "revenue": 852349,
            "revenue_4q": null,
            "common_shares": 366030,
            "book_valuer_per_share": 31.12,
            "book_valuer_per_share_4q_avg": 22.27,
            "equity": 1139025,
            "current_ratio": 191.96,
            "debt_ratio": 49.48,
            "inventory_turnover_ratio": 1.72,
            "account_receivable_turnover_ratio": 1.06,
            "reinvestment_rate": null,
            "research_to_sale_ratio": 2.63,
            "price_fair": 479.5,
            "eps_avg_yearly": 13.7,
            "eps_latest_yearly": 14.68,
            "eps_growth_yearly": 59.59
        },
        "20144": {
            "year_quarter": 20144,
            "year": 2014,
            "quarter": 4,
            "eps": 2.78,
            "eps_growth_year": null,
            "eps_4q": 11.1,
            "eps_4q_growth_year": null,
            "roe": 8.55,
            "roe_4q": 56.989999999999995,
            "gross_profit": 206252,
            "gross_margin": 26.22,
            "gross_margin_4q_avg": 27.53,
            "net_income": 101845,
            "net_income_4q": null,
            "revenue": 786595,
            "revenue_4q": null,
            "common_shares": 366030,
            "book_valuer_per_share": 33.97,
            "book_valuer_per_share_4q_avg": 26.56,
            "equity": 1243578,
            "current_ratio": 206.78,
            "debt_ratio": 46.15,
            "inventory_turnover_ratio": 1.64,
            "account_receivable_turnover_ratio": 1.05,
            "reinvestment_rate": null,
            "research_to_sale_ratio": 3.37,
            "price_fair": 223.36,
            "eps_avg_yearly": 12.84,
            "eps_latest_yearly": 11.12,
            "eps_growth_yearly": 7.4
        },
        "20151": {
            "year_quarter": 20151,
            "year": 2015,
            "quarter": 1,
            "eps": 1.15,
            "eps_growth_year": -58.63,
            "eps_4q": 10.19,
            "eps_4q_growth_year": 110.35,
            "roe": 3.31,
            "roe_4q": 45,
            "gross_profit": 163333,
            "gross_margin": 25.03,
            "gross_margin_4q_avg": 26.49,
            "net_income": 42132,
            "net_income_4q": null,
            "revenue": 652422,
            "revenue_4q": null,
            "common_shares": 366030,
            "book_valuer_per_share": 35.56,
            "book_valuer_per_share_4q_avg": 30.55,
            "equity": 1301728,
            "current_ratio": 257.31,
            "debt_ratio": 49.79,
            "inventory_turnover_ratio": 1.3,
            "account_receivable_turnover_ratio": 0.94,
            "reinvestment_rate": null,
            "research_to_sale_ratio": 3.75,
            "price_fair": 32.34,
            "eps_avg_yearly": 10.78,
            "eps_latest_yearly": 4.6,
            "eps_growth_yearly": -53.09
        },
        "20152": {
            "year_quarter": 20152,
            "year": 2015,
            "quarter": 2,
            "eps": 0.86,
            "eps_growth_year": -72.96,
            "eps_4q": 5.78,
            "eps_4q_growth_year": 4.94,
            "roe": 2.51,
            "roe_4q": 28.93,
            "gross_profit": 160386,
            "gross_margin": 21.85,
            "gross_margin_4q_avg": 25.21,
            "net_income": 32511,
            "net_income_4q": null,
            "revenue": 733923,
            "revenue_4q": null,
            "common_shares": 366030,
            "book_valuer_per_share": 34.19,
            "book_valuer_per_share_4q_avg": 33.71,
            "equity": 1286204,
            "current_ratio": 199.83,
            "debt_ratio": 54.49,
            "inventory_turnover_ratio": 1.49,
            "account_receivable_turnover_ratio": 1.13,
            "reinvestment_rate": null,
            "research_to_sale_ratio": 3.64,
            "price_fair": 27.94,
            "eps_avg_yearly": 9.31,
            "eps_latest_yearly": 3.44,
            "eps_growth_yearly": -62.64
        },
        "20153": {
            "year_quarter": 20153,
            "year": 2015,
            "quarter": 3,
            "eps": 1.77,
            "eps_growth_year": -51.77,
            "eps_4q": 5.15,
            "eps_4q_growth_year": -38.16,
            "roe": 6.84,
            "roe_4q": 21.21,
            "gross_profit": 191286,
            "gross_margin": 24.84,
            "gross_margin_4q_avg": 24.49,
            "net_income": 92423,
            "net_income_4q": null,
            "revenue": 770079,
            "revenue_4q": null,
            "common_shares": 522649,
            "book_valuer_per_share": 27.13,
            "book_valuer_per_share_4q_avg": 32.71,
            "equity": 1417912,
            "current_ratio": 214.76,
            "debt_ratio": 51.23,
            "inventory_turnover_ratio": 1.58,
            "account_receivable_turnover_ratio": 1.16,
            "reinvestment_rate": null,
            "research_to_sale_ratio": 4.1,
            "price_fair": 253.36,
            "eps_avg_yearly": 8.94,
            "eps_latest_yearly": 7.08,
            "eps_growth_yearly": 18.34
        },
        "20154": {
            "year_quarter": 20154,
            "year": 2015,
            "quarter": 4,
            "eps": 1.16,
            "eps_growth_year": -58.13,
            "eps_4q": 4.36,
            "eps_4q_growth_year": -60.72,
            "roe": 4.21,
            "roe_4q": 16.87,
            "gross_profit": 184354,
            "gross_margin": 24.59,
            "gross_margin_4q_avg": 24.08,
            "net_income": 60882,
            "net_income_4q": null,
            "revenue": 749564,
            "revenue_4q": null,
            "common_shares": 522649,
            "book_valuer_per_share": 28.16,
            "book_valuer_per_share_4q_avg": 31.26,
            "equity": 1471762,
            "current_ratio": 249.32,
            "debt_ratio": 45.85,
            "inventory_turnover_ratio": 1.48,
            "account_receivable_turnover_ratio": 1.16,
            "reinvestment_rate": null,
            "research_to_sale_ratio": 4.65,
            "price_fair": 24.98,
            "eps_avg_yearly": 8.33,
            "eps_latest_yearly": 4.64,
            "eps_growth_yearly": -3.97
        },
        "20161": {
            "year_quarter": 20161,
            "year": 2016,
            "quarter": 1,
            "eps": 0.46,
            "eps_growth_year": -60,
            "eps_4q": 4.01,
            "eps_4q_growth_year": -60.62,
            "roe": 1.62,
            "roe_4q": 15.18,
            "gross_profit": 155996,
            "gross_margin": 23.1,
            "gross_margin_4q_avg": 23.6,
            "net_income": 23936,
            "net_income_4q": null,
            "revenue": 675164,
            "revenue_4q": null,
            "common_shares": 522649,
            "book_valuer_per_share": 28.35,
            "book_valuer_per_share_4q_avg": 29.46,
            "equity": 1481615,
            "current_ratio": 203.85,
            "debt_ratio": 44.71,
            "inventory_turnover_ratio": 1.27,
            "account_receivable_turnover_ratio": 1.2,
            "reinvestment_rate": null,
            "research_to_sale_ratio": 4.47,
            "price_fair": 22.55,
            "eps_avg_yearly": 7.52,
            "eps_latest_yearly": 1.84,
            "eps_growth_yearly": -33.65
        },
        "20162": {
            "year_quarter": 20162,
            "year": 2016,
            "quarter": 2,
            "eps": 0.73,
            "eps_growth_year": -15.12,
            "eps_4q": 4.14,
            "eps_4q_growth_year": -28.36,
            "roe": 2.65,
            "roe_4q": 15.32,
            "gross_profit": 169689,
            "gross_margin": 22.42,
            "gross_margin_4q_avg": 23.74,
            "net_income": 38324,
            "net_income_4q": null,
            "revenue": 756774,
            "revenue_4q": null,
            "common_shares": 522649,
            "book_valuer_per_share": 27.15,
            "book_valuer_per_share_4q_avg": 27.7,
            "equity": 1414380,
            "current_ratio": 190.6,
            "debt_ratio": 48.01,
            "inventory_turnover_ratio": 1.37,
            "account_receivable_turnover_ratio": 1.57,
            "reinvestment_rate": null,
            "research_to_sale_ratio": 4.4,
            "price_fair": 21.01,
            "eps_avg_yearly": 7,
            "eps_latest_yearly": 2.92,
            "eps_growth_yearly": -3.82
        },
        "20163": {
            "year_quarter": 20163,
            "year": 2016,
            "quarter": 3,
            "eps": 0.65,
            "eps_growth_year": -63.28,
            "eps_4q": 3.02,
            "eps_4q_growth_year": -41.39,
            "roe": 2.38,
            "roe_4q": 10.86,
            "gross_profit": 178859,
            "gross_margin": 18.13,
            "gross_margin_4q_avg": 22.06,
            "net_income": 33714,
            "net_income_4q": null,
            "revenue": 986733,
            "revenue_4q": null,
            "common_shares": 522649,
            "book_valuer_per_share": 27.35,
            "book_valuer_per_share_4q_avg": 27.75,
            "equity": 1422756,
            "current_ratio": 179.29,
            "debt_ratio": 49.57,
            "inventory_turnover_ratio": 2.02,
            "account_receivable_turnover_ratio": 1.83,
            "reinvestment_rate": null,
            "research_to_sale_ratio": 3.37,
            "price_fair": 19.69,
            "eps_avg_yearly": 6.56,
            "eps_latest_yearly": 2.6,
            "eps_growth_yearly": -7.82
        },
        "20164": {
            "year_quarter": 20164,
            "year": 2016,
            "quarter": 4,
            "eps": 1.46,
            "eps_growth_year": 25.43,
            "eps_4q": 3.31,
            "eps_4q_growth_year": -24.19,
            "roe": 5.2,
            "roe_4q": 11.850000000000001,
            "gross_profit": 191084,
            "gross_margin": 23.16,
            "gross_margin_4q_avg": 21.7,
            "net_income": 75997,
            "net_income_4q": null,
            "revenue": 825138,
            "revenue_4q": null,
            "common_shares": 522649,
            "book_valuer_per_share": 28.89,
            "book_valuer_per_share_4q_avg": 27.94,
            "equity": 1502890,
            "current_ratio": 195.31,
            "debt_ratio": 52.25,
            "inventory_turnover_ratio": 1.52,
            "account_receivable_turnover_ratio": 1.26,
            "reinvestment_rate": -11.1,
            "research_to_sale_ratio": 4.5,
            "price_fair": 227.44,
            "eps_avg_yearly": 6.5,
            "eps_latest_yearly": 5.84,
            "eps_growth_yearly": 38.2
        },
        "20171": {
            "year_quarter": 20171,
            "year": 2017,
            "quarter": 1,
            "eps": 0.02,
            "eps_growth_year": -95.65,
            "eps_4q": 2.87,
            "eps_4q_growth_year": -28.5,
            "roe": 0.08,
            "roe_4q": 10.31,
            "gross_profit": 139238,
            "gross_margin": 20.02,
            "gross_margin_4q_avg": 20.93,
            "net_income": 1229,
            "net_income_4q": null,
            "revenue": 695516,
            "revenue_4q": null,
            "common_shares": 522649,
            "book_valuer_per_share": 28.1,
            "book_valuer_per_share_4q_avg": 27.87,
            "equity": 1461850,
            "current_ratio": 212.84,
            "debt_ratio": 48.88,
            "inventory_turnover_ratio": 1.23,
            "account_receivable_turnover_ratio": 1.12,
            "reinvestment_rate": -3.34,
            "research_to_sale_ratio": 4.61,
            "price_fair": 72.4,
            "eps_avg_yearly": 5.96,
            "eps_latest_yearly": 0.08,
            "eps_growth_yearly": 2.14
        },
        "20172": {
            "year_quarter": 20172,
            "year": 2017,
            "quarter": 2,
            "eps": 1.38,
            "eps_growth_year": 89.04,
            "eps_4q": 3.51,
            "eps_4q_growth_year": -15.19,
            "roe": 4.89,
            "roe_4q": 12.55,
            "gross_profit": 223752,
            "gross_margin": 23.69,
            "gross_margin_4q_avg": 21.25,
            "net_income": 71621,
            "net_income_4q": null,
            "revenue": 944422,
            "revenue_4q": null,
            "common_shares": 522649,
            "book_valuer_per_share": 28.24,
            "book_valuer_per_share_4q_avg": 28.15,
            "equity": 1468642,
            "current_ratio": 192.32,
            "debt_ratio": 53.3,
            "inventory_turnover_ratio": 1.61,
            "account_receivable_turnover_ratio": 1.41,
            "reinvestment_rate": -4.03,
            "research_to_sale_ratio": 3.84,
            "price_fair": 207.52,
            "eps_avg_yearly": 5.93,
            "eps_latest_yearly": 5.52,
            "eps_growth_yearly": 2094.28
        },
        "20173": {
            "year_quarter": 20173,
            "year": 2017,
            "quarter": 3,
            "eps": 1.22,
            "eps_growth_year": 87.69,
            "eps_4q": 4.08,
            "eps_4q_growth_year": 35.32,
            "roe": 4.21,
            "roe_4q": 14.379999999999999,
            "gross_profit": 226208,
            "gross_margin": 21.56,
            "gross_margin_4q_avg": 22.11,
            "net_income": 63415,
            "net_income_4q": null,
            "revenue": 1048988,
            "revenue_4q": null,
            "common_shares": 522649,
            "book_valuer_per_share": 29.63,
            "book_valuer_per_share_4q_avg": 28.72,
            "equity": 1540979,
            "current_ratio": 190.24,
            "debt_ratio": 53.78,
            "inventory_turnover_ratio": 1.67,
            "account_receivable_turnover_ratio": 1.3,
            "reinvestment_rate": -4.2,
            "research_to_sale_ratio": 4.04,
            "price_fair": 204.9,
            "eps_avg_yearly": 5.85,
            "eps_latest_yearly": 4.88,
            "eps_growth_yearly": 1941.38
        },
        "20174": {
            "year_quarter": 20174,
            "year": 2017,
            "quarter": 4,
            "eps": 0.41,
            "eps_growth_year": -71.77,
            "eps_4q": 3.03,
            "eps_4q_growth_year": -8.29,
            "roe": 1.38,
            "roe_4q": 10.56,
            "gross_profit": 176890,
            "gross_margin": 21.01,
            "gross_margin_4q_avg": 21.57,
            "net_income": 21454,
            "net_income_4q": null,
            "revenue": 842076,
            "revenue_4q": null,
            "common_shares": 522649,
            "book_valuer_per_share": 30.12,
            "book_valuer_per_share_4q_avg": 29.02,
            "equity": 1566762,
            "current_ratio": 191.97,
            "debt_ratio": 52.25,
            "inventory_turnover_ratio": 1.19,
            "account_receivable_turnover_ratio": 1.12,
            "reinvestment_rate": 3.38,
            "research_to_sale_ratio": 5.04,
            "price_fair": 195.07,
            "eps_avg_yearly": 5.57,
            "eps_latest_yearly": 1.64,
            "eps_growth_yearly": 1794.25
        },
        "20181": {
            "year_quarter": 20181,
            "year": 2018,
            "quarter": 1,
            "eps": -0.5,
            "eps_growth_year": -2600,
            "eps_4q": 2.51,
            "eps_4q_growth_year": -12.52,
            "roe": -1.65,
            "roe_4q": 8.83,
            "gross_profit": 123960,
            "gross_margin": 13.82,
            "gross_margin_4q_avg": 20.02,
            "net_income": -25911,
            "net_income_4q": null,
            "revenue": 897055,
            "revenue_4q": null,
            "common_shares": 522649,
            "book_valuer_per_share": 30.11,
            "book_valuer_per_share_4q_avg": 29.53,
            "equity": 1565982,
            "current_ratio": 198.87,
            "debt_ratio": 58.34,
            "inventory_turnover_ratio": 1.05,
            "account_receivable_turnover_ratio": 1.19,
            "reinvestment_rate": 20.59,
            "research_to_sale_ratio": 5.02,
            "price_fair": 195.07,
            "eps_avg_yearly": 5.57,
            "eps_latest_yearly": 1.64,
            "eps_growth_yearly": 1794.25
        },
        "20182": {
            "year_quarter": 20182,
            "year": 2018,
            "quarter": 2,
            "eps": 0.86,
            "eps_growth_year": -37.68,
            "eps_4q": 1.99,
            "eps_4q_growth_year": -43.28,
            "roe": 2.88,
            "roe_4q": 6.82,
            "gross_profit": 156076,
            "gross_margin": 12.78,
            "gross_margin_4q_avg": 17.29,
            "net_income": 44597,
            "net_income_4q": null,
            "revenue": 1220841,
            "revenue_4q": null,
            "common_shares": 522649,
            "book_valuer_per_share": 29.34,
            "book_valuer_per_share_4q_avg": 29.8,
            "equity": 1525995,
            "current_ratio": 192.2,
            "debt_ratio": 60.19,
            "inventory_turnover_ratio": 1.3,
            "account_receivable_turnover_ratio": 1.14,
            "reinvestment_rate": 31.68,
            "research_to_sale_ratio": 3.38,
            "price_fair": 177.2,
            "eps_avg_yearly": 5.06,
            "eps_latest_yearly": 1.64,
            "eps_growth_yearly": 1918.3
        },
        "20183": {
            "year_quarter": 20183,
            "year": 2018,
            "quarter": 3,
            "eps": 1.27,
            "eps_growth_year": 4.1,
            "eps_4q": 2.04,
            "eps_4q_growth_year": -49.99,
            "roe": 4.3,
            "roe_4q": 6.909999999999999,
            "gross_profit": 201870,
            "gross_margin": 14.3,
            "gross_margin_4q_avg": 15.48,
            "net_income": 66022,
            "net_income_4q": null,
            "revenue": 1411219,
            "revenue_4q": null,
            "common_shares": 522649,
            "book_valuer_per_share": 29.7,
            "book_valuer_per_share_4q_avg": 29.82,
            "equity": 1544892,
            "current_ratio": 164.43,
            "debt_ratio": 65.11,
            "inventory_turnover_ratio": 1.33,
            "account_receivable_turnover_ratio": 1.03,
            "reinvestment_rate": 50.47,
            "research_to_sale_ratio": 2.97,
            "price_fair": 153.2,
            "eps_avg_yearly": 4.38,
            "eps_latest_yearly": 5.08,
            "eps_growth_yearly": 1927.52
        },
        "20184": {
            "year_quarter": 20184,
            "year": 2018,
            "quarter": 4,
            "eps": 0.82,
            "eps_growth_year": 99.88,
            "eps_4q": 2.49,
            "eps_4q_growth_year": -17.76,
            "roe": 2.7,
            "roe_4q": 8.229999999999999,
            "gross_profit": 198428,
            "gross_margin": 12.63,
            "gross_margin_4q_avg": 13.38,
            "net_income": 41838,
            "net_income_4q": null,
            "revenue": 1570834,
            "revenue_4q": null,
            "common_shares": 522649,
            "book_valuer_per_share": 30.67,
            "book_valuer_per_share_4q_avg": 29.96,
            "equity": 1556590,
            "current_ratio": 143.02,
            "debt_ratio": 65.42,
            "inventory_turnover_ratio": 1.24,
            "account_receivable_turnover_ratio": 0.98,
            "reinvestment_rate": 83.26,
            "research_to_sale_ratio": 2.64,
            "price_fair": 133.6,
            "eps_avg_yearly": 3.82,
            "eps_latest_yearly": 3.28,
            "eps_growth_yearly": 1924.32
        },
        "20191": {
            "year_quarter": 20191,
            "year": 2019,
            "quarter": 1,
            "eps": -0.13,
            "eps_growth_year": null,
            "eps_4q": 2.88,
            "eps_4q_growth_year": 14.86,
            "roe": -0.43,
            "roe_4q": 9.45,
            "gross_profit": 172024,
            "gross_margin": 12.3,
            "gross_margin_4q_avg": 13,
            "net_income": -6730,
            "net_income_4q": null,
            "revenue": 1398943,
            "revenue_4q": null,
            "common_shares": 522649,
            "book_valuer_per_share": 31.1,
            "book_valuer_per_share_4q_avg": 30.2,
            "equity": 1571614,
            "current_ratio": 137.24,
            "debt_ratio": 65.78,
            "inventory_turnover_ratio": 1.01,
            "account_receivable_turnover_ratio": 0.81,
            "reinvestment_rate": 96.84,
            "research_to_sale_ratio": 2.65,
            "price_fair": 131.49,
            "eps_avg_yearly": 3.76,
            "eps_latest_yearly": 3.28,
            "eps_growth_yearly": 2090.39
        },
        "20192": {
            "year_quarter": 20192,
            "year": 2019,
            "quarter": 2,
            "eps": 0.58,
            "eps_growth_year": -32.56,
            "eps_4q": 2.59,
            "eps_4q_growth_year": 30.01,
            "roe": 1.91,
            "roe_4q": 8.48,
            "gross_profit": 122287,
            "gross_margin": 10.06,
            "gross_margin_4q_avg": 12.32,
            "net_income": 29680,
            "net_income_4q": null,
            "revenue": 1215991,
            "revenue_4q": null,
            "common_shares": 522649,
            "book_valuer_per_share": 30.39,
            "book_valuer_per_share_4q_avg": 30.47,
            "equity": 1535663,
            "current_ratio": 141.18,
            "debt_ratio": 62.4,
            "inventory_turnover_ratio": 0.99,
            "account_receivable_turnover_ratio": 0.74,
            "reinvestment_rate": 120.14,
            "research_to_sale_ratio": 3.02,
            "price_fair": 132.42,
            "eps_avg_yearly": 3.78,
            "eps_latest_yearly": 3.28,
            "eps_growth_yearly": 2272.99
        },
        "20193": {
            "year_quarter": 20193,
            "year": 2019,
            "quarter": 3,
            "eps": 0.96,
            "eps_growth_year": -24.41,
            "eps_4q": 2.24,
            "eps_4q_growth_year": 9.95,
            "roe": 3.17,
            "roe_4q": 7.3500000000000005,
            "gross_profit": 167873,
            "gross_margin": 14.9,
            "gross_margin_4q_avg": 12.47,
            "net_income": 48627,
            "net_income_4q": null,
            "revenue": 1126331,
            "revenue_4q": null,
            "common_shares": 522649,
            "book_valuer_per_share": 30.38,
            "book_valuer_per_share_4q_avg": 30.64,
            "equity": 1535151,
            "current_ratio": 152.48,
            "debt_ratio": 60.74,
            "inventory_turnover_ratio": 1.04,
            "account_receivable_turnover_ratio": 0.78,
            "reinvestment_rate": 121.11,
            "research_to_sale_ratio": 2.63,
            "price_fair": 122.97,
            "eps_avg_yearly": 3.51,
            "eps_latest_yearly": 3.84,
            "eps_growth_yearly": 2259.56
        },
        "20194": {
            "year_quarter": 20194,
            "year": 2019,
            "quarter": 4,
            "eps": 0.62,
            "eps_growth_year": -24.39,
            "eps_4q": 2.04,
            "eps_4q_growth_year": -18.21,
            "roe": 2.04,
            "roe_4q": 6.69,
            "gross_profit": 164654,
            "gross_margin": 14.04,
            "gross_margin_4q_avg": 12.83,
            "net_income": 31502,
            "net_income_4q": null,
            "revenue": 1173111,
            "revenue_4q": null,
            "common_shares": 522649,
            "book_valuer_per_share": 30.66,
            "book_valuer_per_share_4q_avg": 30.63,
            "equity": 1549573,
            "current_ratio": 152.65,
            "debt_ratio": 60.86,
            "inventory_turnover_ratio": 1.08,
            "account_receivable_turnover_ratio": 0.89,
            "reinvestment_rate": 123.1,
            "research_to_sale_ratio": 2.59,
            "price_fair": 116.67,
            "eps_avg_yearly": 3.33,
            "eps_latest_yearly": 2.48,
            "eps_growth_yearly": 2259.24
        },
        "20201": {
            "year_quarter": 20201,
            "year": 2020,
            "quarter": 1,
            "eps": -0.51,
            "eps_growth_year": null,
            "eps_4q": 1.66,
            "eps_4q_growth_year": -42.5,
            "roe": -1.69,
            "roe_4q": 5.43,
            "gross_profit": 76717,
            "gross_margin": 8.2,
            "gross_margin_4q_avg": 11.8,
            "net_income": -26010,
            "net_income_4q": null,
            "revenue": 935677,
            "revenue_4q": null,
            "common_shares": 522649,
            "book_valuer_per_share": 30.19,
            "book_valuer_per_share_4q_avg": 30.41,
            "equity": 1525582,
            "current_ratio": 123.46,
            "debt_ratio": 59.57,
            "inventory_turnover_ratio": 0.9,
            "account_receivable_turnover_ratio": 0.75,
            "reinvestment_rate": 145.47,
            "research_to_sale_ratio": 3.12,
            "price_fair": 121.42,
            "eps_avg_yearly": 3.47,
            "eps_latest_yearly": 2.48,
            "eps_growth_yearly": 2486.57
        },
        "20202": {
            "year_quarter": 20202,
            "year": 2020,
            "quarter": 2,
            "eps": 1.98,
            "eps_growth_year": 241.38,
            "eps_4q": 3.05,
            "eps_4q_growth_year": 17.85,
            "roe": 6.5,
            "roe_4q": 10.02,
            "gross_profit": 202757,
            "gross_margin": 16,
            "gross_margin_4q_avg": 13.29,
            "net_income": 100035,
            "net_income_4q": null,
            "revenue": 1267106,
            "revenue_4q": null,
            "common_shares": 522649,
            "book_valuer_per_share": 30.72,
            "book_valuer_per_share_4q_avg": 30.49,
            "equity": 1552420,
            "current_ratio": 122.82,
            "debt_ratio": 61.97,
            "inventory_turnover_ratio": 1.03,
            "account_receivable_turnover_ratio": 0.97,
            "reinvestment_rate": 124.25,
            "research_to_sale_ratio": 2.14,
            "price_fair": 123.34,
            "eps_avg_yearly": 3.52,
            "eps_latest_yearly": 2.48,
            "eps_growth_yearly": 2711.75
        },
        "20203": {
            "year_quarter": 20203,
            "year": 2020,
            "quarter": 3,
            "eps": 1.4,
            "eps_growth_year": 45.83,
            "eps_4q": 3.31,
            "eps_4q_growth_year": 47.57,
            "roe": 4.24,
            "roe_4q": 11.09,
            "gross_profit": 265792,
            "gross_margin": 16.59,
            "gross_margin_4q_avg": 13.71,
            "net_income": 71395,
            "net_income_4q": null,
            "revenue": 1601645,
            "revenue_4q": null,
            "common_shares": 537016,
            "book_valuer_per_share": 33.97,
            "book_valuer_per_share_4q_avg": 31.39,
            "equity": 1814767,
            "current_ratio": 141.08,
            "debt_ratio": 59.3,
            "inventory_turnover_ratio": 1.32,
            "account_receivable_turnover_ratio": 1.06,
            "reinvestment_rate": 115.91,
            "research_to_sale_ratio": 2.64,
            "price_fair": 133.84,
            "eps_avg_yearly": 3.82,
            "eps_latest_yearly": 5.6,
            "eps_growth_yearly": 2704.42
        },
        "20204": {
            "year_quarter": 20204,
            "year": 2020,
            "quarter": 4,
            "eps": 0.62,
            "eps_growth_year": -1.16,
            "eps_4q": 3.29,
            "eps_4q_growth_year": 61.42,
            "roe": 1.79,
            "roe_4q": 10.840000000000002,
            "gross_profit": 175624,
            "gross_margin": 13.53,
            "gross_margin_4q_avg": 13.58,
            "net_income": 33478,
            "net_income_4q": null,
            "revenue": 1297998,
            "revenue_4q": null,
            "common_shares": 546143,
            "book_valuer_per_share": 35.48,
            "book_valuer_per_share_4q_avg": 32.59,
            "equity": 1927927,
            "current_ratio": 153.42,
            "debt_ratio": 56.88,
            "inventory_turnover_ratio": 1.24,
            "account_receivable_turnover_ratio": 0.83,
            "reinvestment_rate": 126.08,
            "research_to_sale_ratio": 2.86,
            "price_fair": 122.08,
            "eps_avg_yearly": 3.49,
            "eps_latest_yearly": 2.48,
            "eps_growth_yearly": 2632.29
        },
        "20211": {
            "year_quarter": 20211,
            "year": 2021,
            "quarter": 1,
            "eps": 0.21,
            "eps_growth_year": null,
            "eps_4q": 3.98,
            "eps_4q_growth_year": 140.29,
            "roe": 0.6,
            "roe_4q": 13.13,
            "gross_profit": 134603,
            "gross_margin": 12.11,
            "gross_margin_4q_avg": 14.56,
            "net_income": 11592,
            "net_income_4q": null,
            "revenue": 1111255,
            "revenue_4q": null,
            "common_shares": 546143,
            "book_valuer_per_share": 35.62,
            "book_valuer_per_share_4q_avg": 33.95,
            "equity": 1935521,
            "current_ratio": 153.3,
            "debt_ratio": 54.6,
            "inventory_turnover_ratio": 1.06,
            "account_receivable_turnover_ratio": 0.77,
            "reinvestment_rate": 122.62,
            "research_to_sale_ratio": 3.19,
            "price_fair": 124.74,
            "eps_avg_yearly": 3.56,
            "eps_latest_yearly": 0.84,
            "eps_growth_yearly": 2645.29
        },
        "20212": {
            "year_quarter": 20212,
            "year": 2021,
            "quarter": 2,
            "eps": 0.25,
            "eps_growth_year": -87.37,
            "eps_4q": 2.39,
            "eps_4q_growth_year": -21.61,
            "roe": 0.7,
            "roe_4q": 7.33,
            "gross_profit": 97471,
            "gross_margin": 8.87,
            "gross_margin_4q_avg": 12.78,
            "net_income": 13462,
            "net_income_4q": null,
            "revenue": 1098427,
            "revenue_4q": null,
            "common_shares": 546143,
            "book_valuer_per_share": 35.6,
            "book_valuer_per_share_4q_avg": 35.17,
            "equity": 1934462,
            "current_ratio": 153.96,
            "debt_ratio": 59.41,
            "inventory_turnover_ratio": 1.07,
            "account_receivable_turnover_ratio": 0.85,
            "reinvestment_rate": 252.11,
            "research_to_sale_ratio": 3.01,
            "price_fair": 9.34,
            "eps_avg_yearly": 3.11,
            "eps_latest_yearly": 1,
            "eps_growth_yearly": -67.09
        },
        "20213": {
            "year_quarter": 20213,
            "year": 2021,
            "quarter": 3,
            "eps": -0.12,
            "eps_growth_year": -108.57,
            "eps_4q": 0.96,
            "eps_4q_growth_year": -71.14,
            "roe": -0.35,
            "roe_4q": 2.74,
            "gross_profit": 124478,
            "gross_margin": 9.88,
            "gross_margin_4q_avg": 11.1,
            "net_income": -6596,
            "net_income_4q": null,
            "revenue": 1259683,
            "revenue_4q": null,
            "common_shares": 546143,
            "book_valuer_per_share": 33.59,
            "book_valuer_per_share_4q_avg": 35.07,
            "equity": 1825037,
            "current_ratio": 138.55,
            "debt_ratio": 64.47,
            "inventory_turnover_ratio": 1.01,
            "account_receivable_turnover_ratio": 0.94,
            "reinvestment_rate": 288.73,
            "research_to_sale_ratio": 2.72,
            "price_fair": 8.75,
            "eps_avg_yearly": 2.92,
            "eps_latest_yearly": 1,
            "eps_growth_yearly": -69.4
        },
        "20214": {
            "year_quarter": 20214,
            "year": 2021,
            "quarter": 4,
            "eps": 0.24,
            "eps_growth_year": -60.58,
            "eps_4q": 0.58,
            "eps_4q_growth_year": -82.31,
            "roe": 0.72,
            "roe_4q": 1.67,
            "gross_profit": 114454,
            "gross_margin": 9.43,
            "gross_margin_4q_avg": 10.07,
            "net_income": 13197,
            "net_income_4q": null,
            "revenue": 1213778,
            "revenue_4q": null,
            "common_shares": 546143,
            "book_valuer_per_share": 34.09,
            "book_valuer_per_share_4q_avg": 34.73,
            "equity": 1852583,
            "current_ratio": 133.23,
            "debt_ratio": 65.93,
            "inventory_turnover_ratio": 0.77,
            "account_receivable_turnover_ratio": 0.82,
            "reinvestment_rate": 273.78,
            "research_to_sale_ratio": 2.56,
            "price_fair": 9.23,
            "eps_avg_yearly": 3.08,
            "eps_latest_yearly": 1,
            "eps_growth_yearly": -44.87
        },
        "20221": {
            "year_quarter": 20221,
            "year": 2022,
            "quarter": 1,
            "eps": -1.57,
            "eps_growth_year": -847.62,
            "eps_4q": -1.2,
            "eps_4q_growth_year": -130.05,
            "roe": -4.63,
            "roe_4q": -3.5599999999999996,
            "gross_profit": 48078,
            "gross_margin": 4.06,
            "gross_margin_4q_avg": 8.06,
            "net_income": -85119,
            "net_income_4q": null,
            "revenue": 1183273,
            "revenue_4q": null,
            "common_shares": 546143,
            "book_valuer_per_share": 33.53,
            "book_valuer_per_share_4q_avg": 34.2,
            "equity": 1821749,
            "current_ratio": 128.95,
            "debt_ratio": 66.55,
            "inventory_turnover_ratio": 0.76,
            "account_receivable_turnover_ratio": 0.75,
            "reinvestment_rate": 293.05,
            "research_to_sale_ratio": 3.05,
            "price_fair": 9.23,
            "eps_avg_yearly": 3.08,
            "eps_latest_yearly": 1,
            "eps_growth_yearly": -44.87
        },
        "20222": {
            "year_quarter": 20222,
            "year": 2022,
            "quarter": 2,
            "eps": -1.49,
            "eps_growth_year": -696,
            "eps_4q": -2.93,
            "eps_4q_growth_year": -222.61,
            "roe": -4.63,
            "roe_4q": -8.889999999999999,
            "gross_profit": 25487,
            "gross_margin": 2.19,
            "gross_margin_4q_avg": 6.39,
            "net_income": -80780,
            "net_income_4q": null,
            "revenue": 1162942,
            "revenue_4q": null,
            "common_shares": 546143,
            "book_valuer_per_share": 30.63,
            "book_valuer_per_share_4q_avg": 32.96,
            "equity": 1664195,
            "current_ratio": 123.99,
            "debt_ratio": 67.8,
            "inventory_turnover_ratio": 0.79,
            "account_receivable_turnover_ratio": 0.77,
            "reinvestment_rate": 400.76,
            "research_to_sale_ratio": 3.38,
            "price_fair": 9.23,
            "eps_avg_yearly": 3.08,
            "eps_latest_yearly": 1,
            "eps_growth_yearly": -44.87
        },
        "20223": {
            "year_quarter": 20223,
            "year": 2022,
            "quarter": 3,
            "eps": 3.62,
            "eps_growth_year": null,
            "eps_4q": 0.78,
            "eps_4q_growth_year": -18.4,
            "roe": 11.06,
            "roe_4q": 2.5200000000000005,
            "gross_profit": 388484,
            "gross_margin": 15.13,
            "gross_margin_4q_avg": 7.7,
            "net_income": 194300,
            "net_income_4q": null,
            "revenue": 2567931,
            "revenue_4q": null,
            "common_shares": 546143,
            "book_valuer_per_share": 34.67,
            "book_valuer_per_share_4q_avg": 33.23,
            "equity": 1848997,
            "current_ratio": 117.7,
            "debt_ratio": 73.95,
            "inventory_turnover_ratio": 1.29,
            "account_receivable_turnover_ratio": 1.18,
            "reinvestment_rate": 254.11,
            "research_to_sale_ratio": 1.48,
            "price_fair": 8.37,
            "eps_avg_yearly": 2.79,
            "eps_latest_yearly": 1,
            "eps_growth_yearly": -78.53
        },
        "20224": {
            "year_quarter": 20224,
            "year": 2022,
            "quarter": 4,
            "eps": 3.69,
            "eps_growth_year": 1419.22,
            "eps_4q": 4.22,
            "eps_4q_growth_year": 624.76,
            "roe": 10.17,
            "roe_4q": 11.970000000000002,
            "gross_profit": 354736,
            "gross_margin": 18.81,
            "gross_margin_4q_avg": 10.05,
            "net_income": 196801,
            "net_income_4q": null,
            "revenue": 1885894,
            "revenue_4q": null,
            "common_shares": 546143,
            "book_valuer_per_share": 37.91,
            "book_valuer_per_share_4q_avg": 34.19,
            "equity": 2021889,
            "current_ratio": 127.1,
            "debt_ratio": 68.52,
            "inventory_turnover_ratio": 0.84,
            "account_receivable_turnover_ratio": 0.72,
            "reinvestment_rate": 137.46,
            "research_to_sale_ratio": 2.04,
            "price_fair": 13.29,
            "eps_avg_yearly": 4.43,
            "eps_latest_yearly": 14.76,
            "eps_growth_yearly": -57.17
        },
        "20231": {
            "year_quarter": 20231,
            "year": 2023,
            "quarter": 1,
            "eps": -2.03,
            "eps_growth_year": null,
            "eps_4q": 3.69,
            "eps_4q_growth_year": null,
            "roe": -5.57,
            "roe_4q": 11.030000000000001,
            "gross_profit": 40383,
            "gross_margin": 4.55,
            "gross_margin_4q_avg": 10.17,
            "net_income": -108557,
            "net_income_4q": null,
            "revenue": 887752,
            "revenue_4q": null,
            "common_shares": 546143,
            "book_valuer_per_share": 34.41,
            "book_valuer_per_share_4q_avg": 34.41,
            "equity": 1879220,
            "current_ratio": 144.73,
            "debt_ratio": 57.29,
            "inventory_turnover_ratio": 0.57,
            "account_receivable_turnover_ratio": 0.55,
            "reinvestment_rate": 154.25,
            "research_to_sale_ratio": 4.14,
            "price_fair": 13.29,
            "eps_avg_yearly": 4.43,
            "eps_latest_yearly": 14.76,
            "eps_growth_yearly": -57.17
        },
        "20232": {
            "year_quarter": 20232,
            "year": 2023,
            "quarter": 2,
            "eps": -2.43,
            "eps_growth_year": null,
            "eps_4q": 2.19,
            "eps_4q_growth_year": null,
            "roe": -8.31,
            "roe_4q": 7.35,
            "gross_profit": -48584,
            "gross_margin": -6.29,
            "gross_margin_4q_avg": 8.05,
            "net_income": -148585,
            "net_income_4q": null,
            "revenue": 772191,
            "revenue_4q": null,
            "common_shares": 546143,
            "book_valuer_per_share": 31.06,
            "book_valuer_per_share_4q_avg": 34.51,
            "equity": 1696227,
            "current_ratio": 138.97,
            "debt_ratio": 57.28,
            "inventory_turnover_ratio": 0.81,
            "account_receivable_turnover_ratio": 0.88,
            "reinvestment_rate": 190.54,
            "research_to_sale_ratio": 4.36,
            "price_fair": 13.29,
            "eps_avg_yearly": 4.43,
            "eps_latest_yearly": 14.76,
            "eps_growth_yearly": -57.17
        },
        "20233": {
            "year_quarter": 20233,
            "year": 2023,
            "quarter": 3,
            "eps": -0.92,
            "eps_growth_year": -125.41,
            "eps_4q": -1.91,
            "eps_4q_growth_year": -344.95,
            "roe": -3.31,
            "roe_4q": -7.020000000000001,
            "gross_profit": 39545,
            "gross_margin": 5.81,
            "gross_margin_4q_avg": 5.72,
            "net_income": -56510,
            "net_income_4q": null,
            "revenue": 680236,
            "revenue_4q": null,
            "common_shares": 611680,
            "book_valuer_per_share": 28.12,
            "book_valuer_per_share_4q_avg": 32.88,
            "equity": 1719839,
            "current_ratio": 125.68,
            "debt_ratio": 62.47,
            "inventory_turnover_ratio": 0.78,
            "account_receivable_turnover_ratio": 0.84,
            "reinvestment_rate": 349.12,
            "research_to_sale_ratio": 5.14,
            "price_fair": 13.58,
            "eps_avg_yearly": 4.53,
            "eps_latest_yearly": 14.76,
            "eps_growth_yearly": -110.38
        }
    },
    "months": {
        "2004-08": {
            "month": "2004-08",
            "price": "23.58",
            "revenue": 76534
        },
        "2005-01": {
            "month": "2005-01",
            "price": "16.78",
            "revenue": 109354
        },
        "2005-03": {
            "month": "2005-03",
            "price": "12.94",
            "revenue": 108530
        },
        "2005-04": {
            "month": "2005-04",
            "price": "12.50",
            "revenue": 109599
        },
        "2005-05": {
            "month": "2005-05",
            "price": "11.06",
            "revenue": 120506
        },
        "2005-09": {
            "month": "2005-09",
            "price": "8.93",
            "revenue": 93781
        },
        "2005-10": {
            "month": "2005-10",
            "price": "7.94",
            "revenue": 83269
        },
        "2005-11": {
            "month": "2005-11",
            "price": "7.86",
            "revenue": 154715
        },
        "2005-12": {
            "month": "2005-12",
            "price": "8.47",
            "revenue": 108660
        },
        "2006-01": {
            "month": "2006-01",
            "price": "10.84",
            "revenue": 112700
        },
        "2006-02": {
            "month": "2006-02",
            "price": "15.24",
            "revenue": 100681
        },
        "2006-03": {
            "month": "2006-03",
            "price": "16.03",
            "revenue": 114867
        },
        "2006-04": {
            "month": "2006-04",
            "price": "16.48",
            "revenue": 110963
        },
        "2006-05": {
            "month": "2006-05",
            "price": "18.12",
            "revenue": 92403
        },
        "2006-06": {
            "month": "2006-06",
            "price": "18.65",
            "revenue": 97609
        },
        "2006-07": {
            "month": "2006-07",
            "price": "17.00",
            "revenue": 79425
        },
        "2006-08": {
            "month": "2006-08",
            "price": "16.80",
            "revenue": 98877
        },
        "2006-09": {
            "month": "2006-09",
            "price": "16.00",
            "revenue": 139666
        },
        "2006-10": {
            "month": "2006-10",
            "price": "13.50",
            "revenue": 105915
        },
        "2006-11": {
            "month": "2006-11",
            "price": "11.71",
            "revenue": 106643
        },
        "2006-12": {
            "month": "2006-12",
            "price": "8.40",
            "revenue": 101234
        },
        "2007-01": {
            "month": "2007-01",
            "price": "8.11",
            "revenue": 109944
        },
        "2007-02": {
            "month": "2007-02",
            "price": "7.96",
            "revenue": 67577
        },
        "2007-03": {
            "month": "2007-03",
            "price": "8.10",
            "revenue": 80661
        },
        "2007-04": {
            "month": "2007-04",
            "price": "8.26",
            "revenue": 121057
        },
        "2007-05": {
            "month": "2007-05",
            "price": "9.82",
            "revenue": 95808
        },
        "2007-06": {
            "month": "2007-06",
            "price": "11.58",
            "revenue": 125720
        },
        "2007-07": {
            "month": "2007-07",
            "price": "15.21",
            "revenue": 99435
        },
        "2007-08": {
            "month": "2007-08",
            "price": "17.48",
            "revenue": 152210
        },
        "2007-09": {
            "month": "2007-09",
            "price": "16.40",
            "revenue": 115402
        },
        "2007-10": {
            "month": "2007-10",
            "price": "17.98",
            "revenue": 112366
        },
        "2007-11": {
            "month": "2007-11",
            "price": "18.22",
            "revenue": 98746
        },
        "2007-12": {
            "month": "2007-12",
            "price": "13.40",
            "revenue": 138246
        },
        "2008-01": {
            "month": "2008-01",
            "price": "13.01",
            "revenue": 116334
        },
        "2008-02": {
            "month": "2008-02",
            "price": "11.66",
            "revenue": 75366
        },
        "2008-03": {
            "month": "2008-03",
            "price": "10.05",
            "revenue": 86324
        },
        "2008-04": {
            "month": "2008-04",
            "price": "9.45",
            "revenue": 85353
        },
        "2008-05": {
            "month": "2008-05",
            "price": "7.66",
            "revenue": 98685
        },
        "2008-06": {
            "month": "2008-06",
            "price": "6.08",
            "revenue": 93839
        },
        "2008-07": {
            "month": "2008-07",
            "price": "5.76",
            "revenue": 88035
        },
        "2008-08": {
            "month": "2008-08",
            "price": "6.33",
            "revenue": 85722
        },
        "2008-09": {
            "month": "2008-09",
            "price": "4.14",
            "revenue": 114350
        },
        "2008-10": {
            "month": "2008-10",
            "price": "3.56",
            "revenue": 90005
        },
        "2008-11": {
            "month": "2008-11",
            "price": "1.20",
            "revenue": 78970
        },
        "2008-12": {
            "month": "2008-12",
            "price": "2.80",
            "revenue": 49782
        },
        "2009-02": {
            "month": "2009-02",
            "price": "2.80",
            "revenue": 55578
        },
        "2009-03": {
            "month": "2009-03",
            "price": "2.73",
            "revenue": 66225
        },
        "2009-04": {
            "month": "2009-04",
            "price": "3.08",
            "revenue": 87321
        },
        "2009-05": {
            "month": "2009-05",
            "price": "3.58",
            "revenue": 55013
        },
        "2009-06": {
            "month": "2009-06",
            "price": "4.80",
            "revenue": 75760
        },
        "2009-07": {
            "month": "2009-07",
            "price": "5.00",
            "revenue": 66044
        },
        "2009-08": {
            "month": "2009-08",
            "price": "5.00",
            "revenue": 77771
        },
        "2009-09": {
            "month": "2009-09",
            "price": "4.94",
            "revenue": 109319
        },
        "2009-10": {
            "month": "2009-10",
            "price": "5.12",
            "revenue": 75245
        },
        "2009-11": {
            "month": "2009-11",
            "price": "5.34",
            "revenue": 99103
        },
        "2009-12": {
            "month": "2009-12",
            "price": "5.34",
            "revenue": 99336
        },
        "2010-01": {
            "month": "2010-01",
            "price": "6.03",
            "revenue": 82503
        },
        "2010-02": {
            "month": "2010-02",
            "price": "5.98",
            "revenue": 50002
        },
        "2010-03": {
            "month": "2010-03",
            "price": "5.62",
            "revenue": 88707
        },
        "2010-04": {
            "month": "2010-04",
            "price": "5.82",
            "revenue": 88879
        },
        "2010-05": {
            "month": "2010-05",
            "price": "5.84",
            "revenue": 87121
        },
        "2010-06": {
            "month": "2010-06",
            "price": "5.92",
            "revenue": 92729
        },
        "2010-07": {
            "month": "2010-07",
            "price": "6.10",
            "revenue": 83575
        },
        "2010-08": {
            "month": "2010-08",
            "price": "5.64",
            "revenue": 104162
        },
        "2010-09": {
            "month": "2010-09",
            "price": "5.64",
            "revenue": 121431
        },
        "2010-10": {
            "month": "2010-10",
            "price": "5.73",
            "revenue": 93294
        },
        "2010-11": {
            "month": "2010-11",
            "price": "5.89",
            "revenue": 55055
        },
        "2010-12": {
            "month": "2010-12",
            "price": "5.92",
            "revenue": 66434
        },
        "2011-01": {
            "month": "2011-01",
            "price": "5.36",
            "revenue": 63205
        },
        "2011-02": {
            "month": "2011-02",
            "price": "5.23",
            "revenue": 39323
        },
        "2011-03": {
            "month": "2011-03",
            "price": "5.53",
            "revenue": 93329
        },
        "2011-04": {
            "month": "2011-04",
            "price": "7.37",
            "revenue": 81655
        },
        "2011-05": {
            "month": "2011-05",
            "price": "8.01",
            "revenue": 99636
        },
        "2011-06": {
            "month": "2011-06",
            "price": "7.67",
            "revenue": 71862
        },
        "2011-07": {
            "month": "2011-07",
            "price": "7.79",
            "revenue": 67201
        },
        "2011-08": {
            "month": "2011-08",
            "price": "6.64",
            "revenue": 69927
        },
        "2011-09": {
            "month": "2011-09",
            "price": "5.48",
            "revenue": 99177
        },
        "2011-10": {
            "month": "2011-10",
            "price": "4.30",
            "revenue": 81279
        },
        "2011-11": {
            "month": "2011-11",
            "price": "3.94",
            "revenue": 83144
        },
        "2011-12": {
            "month": "2011-12",
            "price": "3.61",
            "revenue": 90998
        },
        "2012-01": {
            "month": "2012-01",
            "price": "3.87",
            "revenue": 95733
        },
        "2012-02": {
            "month": "2012-02",
            "price": "5.01",
            "revenue": 83941
        },
        "2012-03": {
            "month": "2012-03",
            "price": "4.43",
            "revenue": 91921
        },
        "2012-04": {
            "month": "2012-04",
            "price": "4.27",
            "revenue": 93799
        },
        "2012-05": {
            "month": "2012-05",
            "price": "3.85",
            "revenue": 113636
        },
        "2012-06": {
            "month": "2012-06",
            "price": "3.94",
            "revenue": 125011
        },
        "2012-07": {
            "month": "2012-07",
            "price": "5.20",
            "revenue": 133445
        },
        "2012-08": {
            "month": "2012-08",
            "price": "5.13",
            "revenue": 142160
        },
        "2012-09": {
            "month": "2012-09",
            "price": "5.91",
            "revenue": 154945
        },
        "2012-10": {
            "month": "2012-10",
            "price": "6.26",
            "revenue": 128182
        },
        "2012-11": {
            "month": "2012-11",
            "price": "6.16",
            "revenue": 169817
        },
        "2012-12": {
            "month": "2012-12",
            "price": "6.25",
            "revenue": 153758
        },
        "2013-01": {
            "month": "2013-01",
            "price": "8.02",
            "revenue": 170002
        },
        "2013-02": {
            "month": "2013-02",
            "price": "12.93",
            "revenue": 132272
        },
        "2013-03": {
            "month": "2013-03",
            "price": "19.13",
            "revenue": 148679
        },
        "2013-04": {
            "month": "2013-04",
            "price": "22.81",
            "revenue": 179193
        },
        "2013-05": {
            "month": "2013-05",
            "price": "25.77",
            "revenue": 221055
        },
        "2013-06": {
            "month": "2013-06",
            "price": "32.16",
            "revenue": 240517
        },
        "2013-07": {
            "month": "2013-07",
            "price": "34.50",
            "revenue": 266944
        },
        "2013-08": {
            "month": "2013-08",
            "price": "30.84",
            "revenue": 229960
        },
        "2013-09": {
            "month": "2013-09",
            "price": "29.16",
            "revenue": 205169
        },
        "2013-10": {
            "month": "2013-10",
            "price": "25.65",
            "revenue": 166497
        },
        "2013-11": {
            "month": "2013-11",
            "price": "26.40",
            "revenue": 197314
        },
        "2013-12": {
            "month": "2013-12",
            "price": "31.69",
            "revenue": 264119
        },
        "2014-01": {
            "month": "2014-01",
            "price": "42.52",
            "revenue": 190670
        },
        "2014-02": {
            "month": "2014-02",
            "price": "53.99",
            "revenue": 126885
        },
        "2014-03": {
            "month": "2014-03",
            "price": "64.18",
            "revenue": 280488
        },
        "2014-04": {
            "month": "2014-04",
            "price": "86.83",
            "revenue": 315330
        },
        "2014-05": {
            "month": "2014-05",
            "price": "110.38",
            "revenue": 333437
        },
        "2014-06": {
            "month": "2014-06",
            "price": "155.92",
            "revenue": 273832
        },
        "2014-07": {
            "month": "2014-07",
            "price": "161.95",
            "revenue": 324719
        },
        "2014-08": {
            "month": "2014-08",
            "price": "143.00",
            "revenue": 271698
        },
        "2014-09": {
            "month": "2014-09",
            "price": "139.74",
            "revenue": 254782
        },
        "2014-10": {
            "month": "2014-10",
            "price": "115.11",
            "revenue": 211950
        },
        "2014-11": {
            "month": "2014-11",
            "price": "118.48",
            "revenue": 277122
        },
        "2014-12": {
            "month": "2014-12",
            "price": "140.38",
            "revenue": 303670
        },
        "2015-01": {
            "month": "2015-01",
            "price": "143.22",
            "revenue": 226029
        },
        "2015-02": {
            "month": "2015-02",
            "price": "138.65",
            "revenue": 192463
        },
        "2015-03": {
            "month": "2015-03",
            "price": "166.39",
            "revenue": 234409
        },
        "2015-04": {
            "month": "2015-04",
            "price": "173.38",
            "revenue": 238658
        },
        "2015-05": {
            "month": "2015-05",
            "price": "137.25",
            "revenue": 257899
        },
        "2015-06": {
            "month": "2015-06",
            "price": "104.66",
            "revenue": 237229
        },
        "2015-07": {
            "month": "2015-07",
            "price": "100.27",
            "revenue": 313123
        },
        "2015-08": {
            "month": "2015-08",
            "price": "57.63",
            "revenue": 212385
        },
        "2015-09": {
            "month": "2015-09",
            "price": "56.24",
            "revenue": 244579
        },
        "2015-10": {
            "month": "2015-10",
            "price": "66.75",
            "revenue": 219481
        },
        "2015-11": {
            "month": "2015-11",
            "price": "65.94",
            "revenue": 277064
        },
        "2015-12": {
            "month": "2015-12",
            "price": "63.01",
            "revenue": 255059
        },
        "2016-01": {
            "month": "2016-01",
            "price": "51.50",
            "revenue": 271805
        },
        "2016-02": {
            "month": "2016-02",
            "price": "53.29",
            "revenue": 166131
        },
        "2016-03": {
            "month": "2016-03",
            "price": "59.21",
            "revenue": 235481
        },
        "2016-04": {
            "month": "2016-04",
            "price": "50.67",
            "revenue": 230819
        },
        "2016-05": {
            "month": "2016-05",
            "price": "42.00",
            "revenue": 255063
        },
        "2016-06": {
            "month": "2016-06",
            "price": "41.01",
            "revenue": 271114
        },
        "2016-07": {
            "month": "2016-07",
            "price": "42.91",
            "revenue": 270927
        },
        "2016-08": {
            "month": "2016-08",
            "price": "42.92",
            "revenue": 355070
        },
        "2016-09": {
            "month": "2016-09",
            "price": "49.78",
            "revenue": 346376
        },
        "2016-10": {
            "month": "2016-10",
            "price": "53.08",
            "revenue": 291087
        },
        "2016-11": {
            "month": "2016-11",
            "price": "49.49",
            "revenue": 323375
        },
        "2016-12": {
            "month": "2016-12",
            "price": "50.04",
            "revenue": 210148
        },
        "2017-01": {
            "month": "2017-01",
            "price": "49.39",
            "revenue": 273503
        },
        "2017-02": {
            "month": "2017-02",
            "price": "50.12",
            "revenue": 200026
        },
        "2017-03": {
            "month": "2017-03",
            "price": "48.42",
            "revenue": 224018
        },
        "2017-04": {
            "month": "2017-04",
            "price": "43.66",
            "revenue": 261784
        },
        "2017-05": {
            "month": "2017-05",
            "price": "43.23",
            "revenue": 360699
        },
        "2017-06": {
            "month": "2017-06",
            "price": "49.08",
            "revenue": 315965
        },
        "2017-07": {
            "month": "2017-07",
            "price": "49.40",
            "revenue": 320984
        },
        "2017-08": {
            "month": "2017-08",
            "price": "55.40",
            "revenue": 388521
        },
        "2017-09": {
            "month": "2017-09",
            "price": "64.12",
            "revenue": 339300
        },
        "2017-10": {
            "month": "2017-10",
            "price": "70.41",
            "revenue": 273351
        },
        "2017-11": {
            "month": "2017-11",
            "price": "59.16",
            "revenue": 287842
        },
        "2017-12": {
            "month": "2017-12",
            "price": "52.88",
            "revenue": 297540
        },
        "2018-01": {
            "month": "2018-01",
            "price": "56.34",
            "revenue": 267876
        },
        "2018-02": {
            "month": "2018-02",
            "price": "51.32",
            "revenue": 229150
        },
        "2018-03": {
            "month": "2018-03",
            "price": "48.94",
            "revenue": 400560
        },
        "2018-04": {
            "month": "2018-04",
            "price": "47.71",
            "revenue": 302988
        },
        "2018-05": {
            "month": "2018-05",
            "price": "38.82",
            "revenue": 442920
        },
        "2018-06": {
            "month": "2018-06",
            "price": "38.97",
            "revenue": 486478
        },
        "2018-07": {
            "month": "2018-07",
            "price": "38.81",
            "revenue": 511374
        },
        "2018-08": {
            "month": "2018-08",
            "price": "39.09",
            "revenue": 404053
        },
        "2018-09": {
            "month": "2018-09",
            "price": "33.43",
            "revenue": 481412
        },
        "2018-10": {
            "month": "2018-10",
            "price": "27.35",
            "revenue": 561725
        },
        "2018-11": {
            "month": "2018-11",
            "price": "31.50",
            "revenue": 430107
        },
        "2018-12": {
            "month": "2018-12",
            "price": "33.56",
            "revenue": 615917
        },
        "2019-01": {
            "month": "2019-01",
            "price": "40.94",
            "revenue": 520479
        },
        "2019-02": {
            "month": "2019-02",
            "price": "43.10",
            "revenue": 307749
        },
        "2019-03": {
            "month": "2019-03",
            "price": "42.77",
            "revenue": 533699
        },
        "2019-04": {
            "month": "2019-04",
            "price": "40.74",
            "revenue": 457990
        },
        "2019-05": {
            "month": "2019-05",
            "price": "33.81",
            "revenue": 426350
        },
        "2019-06": {
            "month": "2019-06",
            "price": "33.27",
            "revenue": 334165
        },
        "2019-07": {
            "month": "2019-07",
            "price": "33.41",
            "revenue": 405740
        },
        "2019-08": {
            "month": "2019-08",
            "price": "29.68",
            "revenue": 383558
        },
        "2019-09": {
            "month": "2019-09",
            "price": "29.78",
            "revenue": 354401
        },
        "2019-10": {
            "month": "2019-10",
            "price": "28.60",
            "revenue": 403561
        },
        "2019-11": {
            "month": "2019-11",
            "price": "30.64",
            "revenue": 418802
        },
        "2019-12": {
            "month": "2019-12",
            "price": "32.49",
            "revenue": 370119
        },
        "2020-01": {
            "month": "2020-01",
            "price": "29.60",
            "revenue": 234005
        },
        "2020-02": {
            "month": "2020-02",
            "price": "25.42",
            "revenue": 271944
        },
        "2020-03": {
            "month": "2020-03",
            "price": "19.83",
            "revenue": 454875
        },
        "2020-04": {
            "month": "2020-04",
            "price": "20.62",
            "revenue": 399096
        },
        "2020-05": {
            "month": "2020-05",
            "price": "22.10",
            "revenue": 410759
        },
        "2020-06": {
            "month": "2020-06",
            "price": "22.19",
            "revenue": 451108
        },
        "2020-07": {
            "month": "2020-07",
            "price": "26.07",
            "revenue": 535988
        },
        "2020-08": {
            "month": "2020-08",
            "price": "47.84",
            "revenue": 521735
        },
        "2020-09": {
            "month": "2020-09",
            "price": "67.69",
            "revenue": 536261
        },
        "2020-10": {
            "month": "2020-10",
            "price": "64.32",
            "revenue": 403058
        },
        "2020-11": {
            "month": "2020-11",
            "price": "52.66",
            "revenue": 395680
        },
        "2020-12": {
            "month": "2020-12",
            "price": "51.08",
            "revenue": 489326
        },
        "2021-01": {
            "month": "2021-01",
            "price": "52.99",
            "revenue": 419495
        },
        "2021-02": {
            "month": "2021-02",
            "price": "51.43",
            "revenue": 291653
        },
        "2021-03": {
            "month": "2021-03",
            "price": "55.67",
            "revenue": 396724
        },
        "2021-04": {
            "month": "2021-04",
            "price": "53.80",
            "revenue": 368554
        },
        "2021-05": {
            "month": "2021-05",
            "price": "43.01",
            "revenue": 323569
        },
        "2021-06": {
            "month": "2021-06",
            "price": "41.09",
            "revenue": 405833
        },
        "2021-07": {
            "month": "2021-07",
            "price": "41.58",
            "revenue": 173001
        },
        "2021-08": {
            "month": "2021-08",
            "price": "40.32",
            "revenue": 446969
        },
        "2021-09": {
            "month": "2021-09",
            "price": "38.60",
            "revenue": 635827
        },
        "2021-10": {
            "month": "2021-10",
            "price": "38.14",
            "revenue": 312471
        },
        "2021-11": {
            "month": "2021-11",
            "price": "39.38",
            "revenue": 236276
        },
        "2021-12": {
            "month": "2021-12",
            "price": "40.14",
            "revenue": 659214
        },
        "2022-01": {
            "month": "2022-01",
            "price": "39.24",
            "revenue": 447355
        },
        "2022-02": {
            "month": "2022-02",
            "price": "37.94",
            "revenue": 200196
        },
        "2022-03": {
            "month": "2022-03",
            "price": "32.48",
            "revenue": 535037
        },
        "2022-04": {
            "month": "2022-04",
            "price": "30.35",
            "revenue": 223459
        },
        "2022-05": {
            "month": "2022-05",
            "price": "27.45",
            "revenue": 417186
        },
        "2022-06": {
            "month": "2022-06",
            "price": "28.48",
            "revenue": 524856
        },
        "2022-07": {
            "month": "2022-07",
            "price": "27.81",
            "revenue": 408741
        },
        "2022-08": {
            "month": "2022-08",
            "price": "31.14",
            "revenue": 682928
        },
        "2022-09": {
            "month": "2022-09",
            "price": "31.36",
            "revenue": 1491608
        },
        "2022-10": {
            "month": "2022-10",
            "price": "37.50",
            "revenue": 810785
        },
        "2022-11": {
            "month": "2022-11",
            "price": "51.51",
            "revenue": 680692
        },
        "2022-12": {
            "month": "2022-12",
            "price": "46.08",
            "revenue": 394201
        },
        "2023-01": {
            "month": "2023-01",
            "price": "44.87",
            "revenue": 403679
        },
        "2023-02": {
            "month": "2023-02",
            "price": "42.07",
            "revenue": 278685
        },
        "2023-03": {
            "month": "2023-03",
            "price": "45.34",
            "revenue": 203656
        },
        "2023-04": {
            "month": "2023-04",
            "price": "46.82",
            "revenue": 290233
        },
        "2023-05": {
            "month": "2023-05",
            "price": "43.12",
            "revenue": 258764
        },
        "2023-06": {
            "month": "2023-06",
            "price": "44.00",
            "revenue": 223142
        },
        "2023-07": {
            "month": "2023-07",
            "price": "41.88",
            "revenue": 222238
        },
        "2023-08": {
            "month": "2023-08",
            "price": "35.42",
            "revenue": 220460
        },
        "2023-09": {
            "month": "2023-09",
            "price": "34.50",
            "revenue": 232256
        },
        "2023-10": {
            "month": "2023-10",
            "price": "34.42",
            "revenue": 158031
        },
        "2023-11": {
            "month": "2023-11",
            "price": "33.64",
            "revenue": 203139
        },
        "2023-12": {
            "month": "2023-12",
            "price": "34.26",
            "revenue": 325592
        }
    }
}
