{
    "summary": {
        "stock_name": "宇環",
        "stock_id": "3276",
        "category": "電子零組件",
        "main_business": "電子零組件製造業<br>電子材料零售業<br>製造輸出業",
        "website_url": "http://www.tht-pcb.com.tw",
        "ceo": "李明熹",
        "pe_ratio": 38,
        "report_year_from": 2002,
        "report_year_to": 2023,
        "age": 22,
        "eps_negative_percentage": 48,
        "eps_growth_avg": {
            "last_all": -23.92,
            "last_2y": 10.34,
            "last_4y": 10.34,
            "last_8y": -13.52,
            "last_12y": -13.52,
            "last_16y": -24.33,
            "last_20y": null,
            "at_2006_last_3y": null,
            "at_2007_last_3y": -22.3,
            "at_2008_last_3y": -100,
            "at_2009_last_3y": -100,
            "at_2010_last_3y": -100,
            "at_2011_last_3y": -100,
            "at_2012_last_3y": null,
            "at_2013_last_3y": null,
            "at_2014_last_3y": null,
            "at_2015_last_3y": -79.58,
            "at_2016_last_3y": 10.21,
            "at_2017_last_3y": -8.55,
            "at_2018_last_3y": -31.41,
            "at_2019_last_3y": -15.36,
            "at_2020_last_3y": -73.03,
            "at_2021_last_3y": 0,
            "at_2022_last_3y": 36.44,
            "at_2023_last_3y": 10.34,
            "at_2024_last_3y": 10.34,
            "at_2006_last_all": -22.3,
            "at_2007_last_all": -22.3,
            "at_2008_last_all": -48.2,
            "at_2009_last_all": -48.2,
            "at_2010_last_all": -48.2,
            "at_2011_last_all": -48.2,
            "at_2012_last_all": -48.2,
            "at_2013_last_all": -48.2,
            "at_2014_last_all": -48.2,
            "at_2015_last_all": -56.04,
            "at_2016_last_all": -24.83,
            "at_2017_last_all": -28.37,
            "at_2018_last_all": -38.61,
            "at_2019_last_all": -38.61,
            "at_2020_last_all": -38.61,
            "at_2021_last_all": -21.28,
            "at_2022_last_all": -21.93,
            "at_2023_last_all": -23.92,
            "at_2024_last_all": -23.92
        },
        "latest_eps": 0.62,
        "latest_price": 23.3,
        "latest_roe": 3.05,
        "latest_gross_margin": 5.12,
        "latest_equity": 933788,
        "latest_revenue": 360868,
        "latest_gross_profit": 18490,
        "latest_net_income": 20101,
        "latest_debt_ratio": 44.98,
        "latest_current_ratio": 83.95,
        "latest_account_receivable_turnover_ratio": 1.33,
        "latest_inventory_turnover_ratio": 2.56,
        "latest_reinvestment_rate": 20.74,
        "latest_research_to_sale_ratio": null
    },
    "eps_dividends": {
        "2001": {
            "cash": 0,
            "stock": 0,
            "eps": 0
        },
        "2002": {
            "cash": 0.03,
            "stock": 2,
            "eps": 0
        },
        "2003": {
            "cash": 0,
            "stock": 2.39,
            "eps": 2.96
        },
        "2004": {
            "cash": 0,
            "stock": 3.5,
            "eps": 4.6
        },
        "2005": {
            "cash": 0.8,
            "stock": 2,
            "eps": -1.75
        },
        "2006": {
            "cash": 0,
            "stock": 0,
            "eps": -3.51
        },
        "2007": {
            "cash": 0,
            "stock": 0,
            "eps": 2.19
        },
        "2008": {
            "cash": 0,
            "stock": 0,
            "eps": -2.01
        },
        "2009": {
            "cash": 0,
            "stock": 0,
            "eps": -1.01
        },
        "2010": {
            "cash": 0,
            "stock": 0,
            "eps": -1.41
        },
        "2011": {
            "cash": 0,
            "stock": 0,
            "eps": -0.6
        },
        "2012": {
            "cash": 0,
            "stock": 0,
            "eps": -0.06
        },
        "2013": {
            "cash": 0,
            "stock": 0,
            "eps": 0
        },
        "2014": {
            "cash": 0,
            "stock": 0,
            "eps": 1.42
        },
        "2015": {
            "cash": 0.3,
            "stock": 0,
            "eps": 0.29
        },
        "2016": {
            "cash": 0.1,
            "stock": 0,
            "eps": 0.89
        },
        "2017": {
            "cash": 0.5,
            "stock": 0,
            "eps": 0.48
        },
        "2018": {
            "cash": 0.2,
            "stock": 0,
            "eps": -0.25
        },
        "2019": {
            "cash": 0,
            "stock": 0,
            "eps": -0.88
        },
        "2020": {
            "cash": 0,
            "stock": 0,
            "eps": 0.19
        },
        "2021": {
            "cash": 0,
            "stock": 0,
            "eps": 1.18
        },
        "2022": {
            "cash": 0.4,
            "stock": 0,
            "eps": 0.86
        },
        "2023": {
            "cash": 0.5,
            "stock": 0,
            "eps": 0.5
        }
    },
    "dividends": {
        "2002-05-28": {
            "cash": 0.03,
            "stock": 2
        },
        "2003-06-20": {
            "cash": 0,
            "stock": 2.39
        },
        "2004-03-29": {
            "cash": 0,
            "stock": 3.5
        },
        "2005-04-12": {
            "cash": 0.8,
            "stock": 2
        },
        "2015-07-30": {
            "cash": 0.3,
            "stock": 0
        },
        "2016-07-27": {
            "cash": 0.1,
            "stock": 0
        },
        "2017-07-31": {
            "cash": 0.5,
            "stock": 0
        },
        "2018-07-31": {
            "cash": 0.2,
            "stock": 0
        },
        "2022-07-15": {
            "cash": 0.4,
            "stock": 0
        },
        "2023-07-19": {
            "cash": 0.5,
            "stock": 0
        }
    },
    "prices": {
        "200101": "無",
        "200102": "無",
        "200103": "無",
        "200104": "無",
        "200105": "無",
        "200106": "無",
        "200107": "無",
        "200108": "無",
        "200109": "無",
        "200110": "無",
        "200111": "無",
        "200112": "無",
        "200201": "無",
        "200202": "無",
        "200203": "無",
        "200204": "無",
        "200205": "無",
        "200206": "無",
        "200207": "無",
        "200208": "無",
        "200209": "無",
        "200210": "無",
        "200211": "無",
        "200212": "無",
        "200301": "無",
        "200302": "無",
        "200303": "無",
        "200304": "無",
        "200305": "無",
        "200306": "無",
        "200307": "無",
        "200308": "無",
        "200309": "無",
        "200310": "無",
        "200311": "無",
        "200312": "42.40",
        "200401": "46.71",
        "200402": "52.42",
        "200403": "57.85",
        "200404": "66.77",
        "200405": "60.43",
        "200406": "59.81",
        "200407": "56.15",
        "200408": "39.57",
        "200409": "42.31",
        "200410": "40.88",
        "200411": "39.20",
        "200412": "39.03",
        "200501": "29.01",
        "200502": "30.88",
        "200503": "34.77",
        "200504": "29.25",
        "200505": "21.92",
        "200506": "22.71",
        "200507": "23.32",
        "200508": "20.37",
        "200509": "18.15",
        "200510": "16.50",
        "200511": "12.59",
        "200512": "14.82",
        "200601": "13.89",
        "200602": "13.85",
        "200603": "14.89",
        "200604": "17.69",
        "200605": "16.95",
        "200606": "10.99",
        "200607": "9.71",
        "200608": "7.63",
        "200609": "6.52",
        "200610": "7.96",
        "200611": "9.73",
        "200612": "13.41",
        "200701": "12.67",
        "200702": "12.24",
        "200703": "12.43",
        "200704": "13.36",
        "200705": "12.97",
        "200706": "15.27",
        "200707": "18.13",
        "200708": "19.87",
        "200709": "20.65",
        "200710": "24.59",
        "200711": "23.14",
        "200712": "22.23",
        "200801": "21.15",
        "200802": "20.12",
        "200803": "22.31",
        "200804": "22.57",
        "200805": "18.55",
        "200806": "13.36",
        "200807": "11.70",
        "200808": "10.52",
        "200809": "8.74",
        "200810": "7.48",
        "200811": "3.95",
        "200812": "3.02",
        "200901": "2.80",
        "200902": "3.01",
        "200903": "4.04",
        "200904": "4.90",
        "200905": "4.75",
        "200906": "4.84",
        "200907": "5.44",
        "200908": "6.14",
        "200909": "6.03",
        "200910": "6.95",
        "200911": "6.97",
        "200912": "7.91",
        "201001": "9.83",
        "201002": "9.40",
        "201003": "9.45",
        "201004": "10.73",
        "201005": "9.83",
        "201006": "9.57",
        "201007": "10.24",
        "201008": "13.29",
        "201009": "13.04",
        "201010": "12.57",
        "201011": "11.54",
        "201012": "12.18",
        "201101": "12.87",
        "201102": "12.30",
        "201103": "12.92",
        "201104": "14.89",
        "201105": "15.02",
        "201106": "14.87",
        "201107": "14.45",
        "201108": "13.14",
        "201109": "12.83",
        "201110": "12.95",
        "201111": "12.68",
        "201112": "10.39",
        "201201": "10.84",
        "201202": "13.86",
        "201203": "13.35",
        "201204": "12.29",
        "201205": "12.42",
        "201206": "10.94",
        "201207": "10.11",
        "201208": "10.82",
        "201209": "11.70",
        "201210": "12.48",
        "201211": "12.18",
        "201212": "12.11",
        "201301": "11.40",
        "201302": "10.87",
        "201303": "11.04",
        "201304": "10.72",
        "201305": "10.82",
        "201306": "10.16",
        "201307": "9.64",
        "201308": "9.88",
        "201309": "10.09",
        "201310": "9.96",
        "201311": "9.66",
        "201312": "9.17",
        "201401": "9.58",
        "201402": "10.43",
        "201403": "11.05",
        "201404": "14.13",
        "201405": "17.46",
        "201406": "22.86",
        "201407": "21.85",
        "201408": "20.03",
        "201409": "20.38",
        "201410": "17.63",
        "201411": "15.46",
        "201412": "15.32",
        "201501": "15.78",
        "201502": "14.98",
        "201503": "14.44",
        "201504": "13.47",
        "201505": "12.98",
        "201506": "12.32",
        "201507": "10.48",
        "201508": "9.07",
        "201509": "9.06",
        "201510": "9.85",
        "201511": "9.46",
        "201512": "8.78",
        "201601": "8.01",
        "201602": "7.92",
        "201603": "9.11",
        "201604": "9.08",
        "201605": "8.58",
        "201606": "9.85",
        "201607": "14.44",
        "201608": "16.09",
        "201609": "16.69",
        "201610": "15.50",
        "201611": "11.87",
        "201612": "11.84",
        "201701": "11.77",
        "201702": "12.93",
        "201703": "14.57",
        "201704": "13.92",
        "201705": "13.98",
        "201706": "14.07",
        "201707": "15.36",
        "201708": "14.33",
        "201709": "15.36",
        "201710": "15.28",
        "201711": "14.73",
        "201712": "15.05",
        "201801": "15.04",
        "201802": "14.68",
        "201803": "14.60",
        "201804": "14.22",
        "201805": "14.12",
        "201806": "13.90",
        "201807": "13.14",
        "201808": "12.50",
        "201809": "12.08",
        "201810": "12.00",
        "201811": "12.17",
        "201812": "11.92",
        "201901": "10.40",
        "201902": "10.15",
        "201903": "10.08",
        "201904": "10.09",
        "201905": "9.97",
        "201906": "9.53",
        "201907": "9.40",
        "201908": "9.39",
        "201909": "9.07",
        "201910": "8.92",
        "201911": "8.76",
        "201912": "8.65",
        "202001": "8.23",
        "202002": "8.01",
        "202003": "6.60",
        "202004": "7.77",
        "202005": "7.57",
        "202006": "8.46",
        "202007": "10.13",
        "202008": "9.79",
        "202009": "9.32",
        "202010": "9.42",
        "202011": "9.86",
        "202012": "9.94",
        "202101": "9.92",
        "202102": "12.02",
        "202103": "15.15",
        "202104": "18.17",
        "202105": "14.16",
        "202106": "13.17",
        "202107": "14.48",
        "202108": "14.98",
        "202109": "16.34",
        "202110": "16.14",
        "202111": "16.95",
        "202112": "18.64",
        "202201": "17.52",
        "202202": "17.22",
        "202203": "16.88",
        "202204": "16.92",
        "202205": "16.74",
        "202206": "17.20",
        "202207": "14.96",
        "202208": "14.18",
        "202209": "13.44",
        "202210": "11.91",
        "202211": "11.97",
        "202212": "12.28",
        "202301": "12.22",
        "202302": "12.86",
        "202303": "14.32",
        "202304": "14.31",
        "202305": "14.54",
        "202306": "14.45",
        "202307": "13.91",
        "202308": "13.99",
        "202309": "16.68",
        "202310": "22.85",
        "202311": "24.84",
        "202312": "24.08"
    },
    "quarters": {
        "20011": {
            "year_quarter": 20011,
            "year": 2001,
            "quarter": 1,
            "eps": null,
            "eps_growth_year": null,
            "eps_4q": null,
            "eps_4q_growth_year": null,
            "roe": null,
            "roe_4q": 0,
            "gross_profit": null,
            "gross_margin": null,
            "gross_margin_4q_avg": 0,
            "net_income": null,
            "net_income_4q": null,
            "revenue": null,
            "revenue_4q": null,
            "common_shares": null,
            "book_valuer_per_share": null,
            "book_valuer_per_share_4q_avg": 0,
            "equity": null,
            "current_ratio": null,
            "debt_ratio": null,
            "inventory_turnover_ratio": null,
            "account_receivable_turnover_ratio": null,
            "reinvestment_rate": null,
            "research_to_sale_ratio": null,
            "price_fair": 0,
            "eps_avg_yearly": 0,
            "eps_latest_yearly": 0,
            "eps_growth_yearly": 0
        },
        "20012": {
            "year_quarter": 20012,
            "year": 2001,
            "quarter": 2,
            "eps": null,
            "eps_growth_year": null,
            "eps_4q": null,
            "eps_4q_growth_year": null,
            "roe": null,
            "roe_4q": 0,
            "gross_profit": null,
            "gross_margin": null,
            "gross_margin_4q_avg": 0,
            "net_income": null,
            "net_income_4q": null,
            "revenue": null,
            "revenue_4q": null,
            "common_shares": null,
            "book_valuer_per_share": null,
            "book_valuer_per_share_4q_avg": 0,
            "equity": null,
            "current_ratio": null,
            "debt_ratio": null,
            "inventory_turnover_ratio": null,
            "account_receivable_turnover_ratio": null,
            "reinvestment_rate": null,
            "research_to_sale_ratio": null,
            "price_fair": 0,
            "eps_avg_yearly": 0,
            "eps_latest_yearly": 0,
            "eps_growth_yearly": 0
        },
        "20013": {
            "year_quarter": 20013,
            "year": 2001,
            "quarter": 3,
            "eps": null,
            "eps_growth_year": null,
            "eps_4q": null,
            "eps_4q_growth_year": null,
            "roe": null,
            "roe_4q": 0,
            "gross_profit": null,
            "gross_margin": null,
            "gross_margin_4q_avg": 0,
            "net_income": null,
            "net_income_4q": null,
            "revenue": null,
            "revenue_4q": null,
            "common_shares": null,
            "book_valuer_per_share": null,
            "book_valuer_per_share_4q_avg": 0,
            "equity": null,
            "current_ratio": null,
            "debt_ratio": null,
            "inventory_turnover_ratio": null,
            "account_receivable_turnover_ratio": null,
            "reinvestment_rate": null,
            "research_to_sale_ratio": null,
            "price_fair": 0,
            "eps_avg_yearly": 0,
            "eps_latest_yearly": 0,
            "eps_growth_yearly": 0
        },
        "20014": {
            "year_quarter": 20014,
            "year": 2001,
            "quarter": 4,
            "eps": null,
            "eps_growth_year": null,
            "eps_4q": null,
            "eps_4q_growth_year": null,
            "roe": null,
            "roe_4q": 0,
            "gross_profit": null,
            "gross_margin": null,
            "gross_margin_4q_avg": 0,
            "net_income": null,
            "net_income_4q": null,
            "revenue": null,
            "revenue_4q": null,
            "common_shares": 132634,
            "book_valuer_per_share": 12.71,
            "book_valuer_per_share_4q_avg": 3.18,
            "equity": 168571,
            "current_ratio": 59.27,
            "debt_ratio": 48.65,
            "inventory_turnover_ratio": null,
            "account_receivable_turnover_ratio": null,
            "reinvestment_rate": null,
            "research_to_sale_ratio": null,
            "price_fair": 0,
            "eps_avg_yearly": 0,
            "eps_latest_yearly": 0,
            "eps_growth_yearly": 0
        },
        "20021": {
            "year_quarter": 20021,
            "year": 2002,
            "quarter": 1,
            "eps": null,
            "eps_growth_year": null,
            "eps_4q": null,
            "eps_4q_growth_year": null,
            "roe": null,
            "roe_4q": 0,
            "gross_profit": null,
            "gross_margin": null,
            "gross_margin_4q_avg": 0,
            "net_income": null,
            "net_income_4q": null,
            "revenue": null,
            "revenue_4q": null,
            "common_shares": null,
            "book_valuer_per_share": null,
            "book_valuer_per_share_4q_avg": 3.18,
            "equity": null,
            "current_ratio": null,
            "debt_ratio": null,
            "inventory_turnover_ratio": null,
            "account_receivable_turnover_ratio": null,
            "reinvestment_rate": null,
            "research_to_sale_ratio": null,
            "price_fair": 0,
            "eps_avg_yearly": 0,
            "eps_latest_yearly": 0,
            "eps_growth_yearly": 0
        },
        "20022": {
            "year_quarter": 20022,
            "year": 2002,
            "quarter": 2,
            "eps": null,
            "eps_growth_year": null,
            "eps_4q": null,
            "eps_4q_growth_year": null,
            "roe": null,
            "roe_4q": 0,
            "gross_profit": null,
            "gross_margin": null,
            "gross_margin_4q_avg": 0,
            "net_income": null,
            "net_income_4q": null,
            "revenue": null,
            "revenue_4q": null,
            "common_shares": null,
            "book_valuer_per_share": null,
            "book_valuer_per_share_4q_avg": 3.18,
            "equity": null,
            "current_ratio": null,
            "debt_ratio": null,
            "inventory_turnover_ratio": null,
            "account_receivable_turnover_ratio": null,
            "reinvestment_rate": null,
            "research_to_sale_ratio": null,
            "price_fair": 0,
            "eps_avg_yearly": 0,
            "eps_latest_yearly": 0,
            "eps_growth_yearly": 0
        },
        "20023": {
            "year_quarter": 20023,
            "year": 2002,
            "quarter": 3,
            "eps": null,
            "eps_growth_year": null,
            "eps_4q": null,
            "eps_4q_growth_year": null,
            "roe": null,
            "roe_4q": 0,
            "gross_profit": null,
            "gross_margin": null,
            "gross_margin_4q_avg": 0,
            "net_income": null,
            "net_income_4q": null,
            "revenue": null,
            "revenue_4q": null,
            "common_shares": null,
            "book_valuer_per_share": null,
            "book_valuer_per_share_4q_avg": 3.18,
            "equity": null,
            "current_ratio": null,
            "debt_ratio": null,
            "inventory_turnover_ratio": null,
            "account_receivable_turnover_ratio": null,
            "reinvestment_rate": null,
            "research_to_sale_ratio": null,
            "price_fair": 0,
            "eps_avg_yearly": 0,
            "eps_latest_yearly": 0,
            "eps_growth_yearly": 0
        },
        "20024": {
            "year_quarter": 20024,
            "year": 2002,
            "quarter": 4,
            "eps": null,
            "eps_growth_year": null,
            "eps_4q": null,
            "eps_4q_growth_year": null,
            "roe": null,
            "roe_4q": 0,
            "gross_profit": null,
            "gross_margin": null,
            "gross_margin_4q_avg": 0,
            "net_income": null,
            "net_income_4q": null,
            "revenue": null,
            "revenue_4q": null,
            "common_shares": 206381,
            "book_valuer_per_share": 13.23,
            "book_valuer_per_share_4q_avg": 3.31,
            "equity": 273124,
            "current_ratio": 71.98,
            "debt_ratio": 48.24,
            "inventory_turnover_ratio": null,
            "account_receivable_turnover_ratio": null,
            "reinvestment_rate": null,
            "research_to_sale_ratio": null,
            "price_fair": 0,
            "eps_avg_yearly": 0,
            "eps_latest_yearly": 0,
            "eps_growth_yearly": 0
        },
        "20031": {
            "year_quarter": 20031,
            "year": 2003,
            "quarter": 1,
            "eps": 1.5,
            "eps_growth_year": null,
            "eps_4q": null,
            "eps_4q_growth_year": null,
            "roe": 10.72,
            "roe_4q": 10.72,
            "gross_profit": 50815,
            "gross_margin": 35.42,
            "gross_margin_4q_avg": 8.86,
            "net_income": 31321,
            "net_income_4q": null,
            "revenue": 143460,
            "revenue_4q": null,
            "common_shares": 213381,
            "book_valuer_per_share": 14.6,
            "book_valuer_per_share_4q_avg": 6.96,
            "equity": 311444,
            "current_ratio": 84.03,
            "debt_ratio": 46.08,
            "inventory_turnover_ratio": null,
            "account_receivable_turnover_ratio": null,
            "reinvestment_rate": null,
            "research_to_sale_ratio": null,
            "price_fair": 0,
            "eps_avg_yearly": 0,
            "eps_latest_yearly": 0,
            "eps_growth_yearly": 0
        },
        "20032": {
            "year_quarter": 20032,
            "year": 2003,
            "quarter": 2,
            "eps": 1.46,
            "eps_growth_year": null,
            "eps_4q": null,
            "eps_4q_growth_year": null,
            "roe": 9.37,
            "roe_4q": 20.09,
            "gross_profit": 47238,
            "gross_margin": 34.37,
            "gross_margin_4q_avg": 17.45,
            "net_income": 30623,
            "net_income_4q": null,
            "revenue": 137444,
            "revenue_4q": null,
            "common_shares": 213381,
            "book_valuer_per_share": 16.03,
            "book_valuer_per_share_4q_avg": 10.97,
            "equity": 342068,
            "current_ratio": 95.29,
            "debt_ratio": 43.41,
            "inventory_turnover_ratio": null,
            "account_receivable_turnover_ratio": null,
            "reinvestment_rate": null,
            "research_to_sale_ratio": null,
            "price_fair": 17.52,
            "eps_avg_yearly": 5.84,
            "eps_latest_yearly": 5.84,
            "eps_growth_yearly": -10.67
        },
        "20033": {
            "year_quarter": 20033,
            "year": 2003,
            "quarter": 3,
            "eps": null,
            "eps_growth_year": null,
            "eps_4q": null,
            "eps_4q_growth_year": null,
            "roe": null,
            "roe_4q": 20.09,
            "gross_profit": null,
            "gross_margin": null,
            "gross_margin_4q_avg": 17.45,
            "net_income": null,
            "net_income_4q": null,
            "revenue": null,
            "revenue_4q": null,
            "common_shares": null,
            "book_valuer_per_share": null,
            "book_valuer_per_share_4q_avg": 10.97,
            "equity": null,
            "current_ratio": null,
            "debt_ratio": null,
            "inventory_turnover_ratio": null,
            "account_receivable_turnover_ratio": null,
            "reinvestment_rate": null,
            "research_to_sale_ratio": null,
            "price_fair": 17.52,
            "eps_avg_yearly": 5.84,
            "eps_latest_yearly": 5.84,
            "eps_growth_yearly": -10.67
        },
        "20034": {
            "year_quarter": 20034,
            "year": 2003,
            "quarter": 4,
            "eps": null,
            "eps_growth_year": null,
            "eps_4q": null,
            "eps_4q_growth_year": null,
            "roe": null,
            "roe_4q": 20.09,
            "gross_profit": null,
            "gross_margin": null,
            "gross_margin_4q_avg": 17.45,
            "net_income": null,
            "net_income_4q": null,
            "revenue": null,
            "revenue_4q": null,
            "common_shares": 335420,
            "book_valuer_per_share": 17.86,
            "book_valuer_per_share_4q_avg": 12.12,
            "equity": 598956,
            "current_ratio": 125.87,
            "debt_ratio": 39.46,
            "inventory_turnover_ratio": null,
            "account_receivable_turnover_ratio": null,
            "reinvestment_rate": null,
            "research_to_sale_ratio": null,
            "price_fair": 17.52,
            "eps_avg_yearly": 5.84,
            "eps_latest_yearly": 5.84,
            "eps_growth_yearly": -10.67
        },
        "20041": {
            "year_quarter": 20041,
            "year": 2004,
            "quarter": 1,
            "eps": 1.36,
            "eps_growth_year": -9.33,
            "eps_4q": null,
            "eps_4q_growth_year": null,
            "roe": 7.34,
            "roe_4q": 16.71,
            "gross_profit": 73519,
            "gross_margin": 40.18,
            "gross_margin_4q_avg": 18.64,
            "net_income": 45657,
            "net_income_4q": null,
            "revenue": 182979,
            "revenue_4q": null,
            "common_shares": 335420,
            "book_valuer_per_share": 19.22,
            "book_valuer_per_share_4q_avg": 13.28,
            "equity": 644614,
            "current_ratio": 138.56,
            "debt_ratio": 34.02,
            "inventory_turnover_ratio": null,
            "account_receivable_turnover_ratio": null,
            "reinvestment_rate": null,
            "research_to_sale_ratio": null,
            "price_fair": 17.52,
            "eps_avg_yearly": 5.84,
            "eps_latest_yearly": 5.84,
            "eps_growth_yearly": -10.67
        },
        "20042": {
            "year_quarter": 20042,
            "year": 2004,
            "quarter": 2,
            "eps": 1.57,
            "eps_growth_year": 7.53,
            "eps_4q": null,
            "eps_4q_growth_year": null,
            "roe": 7.9,
            "roe_4q": 15.24,
            "gross_profit": 85097,
            "gross_margin": 36.63,
            "gross_margin_4q_avg": 19.2,
            "net_income": 52821,
            "net_income_4q": null,
            "revenue": 232332,
            "revenue_4q": null,
            "common_shares": 335420,
            "book_valuer_per_share": 20.64,
            "book_valuer_per_share_4q_avg": 14.43,
            "equity": 692297,
            "current_ratio": 127.01,
            "debt_ratio": 36.53,
            "inventory_turnover_ratio": null,
            "account_receivable_turnover_ratio": null,
            "reinvestment_rate": null,
            "research_to_sale_ratio": null,
            "price_fair": 212.1,
            "eps_avg_yearly": 6.06,
            "eps_latest_yearly": 6.28,
            "eps_growth_yearly": 25.55
        },
        "20043": {
            "year_quarter": 20043,
            "year": 2004,
            "quarter": 3,
            "eps": 1.11,
            "eps_growth_year": null,
            "eps_4q": null,
            "eps_4q_growth_year": null,
            "roe": 7.13,
            "roe_4q": 22.37,
            "gross_profit": 88601,
            "gross_margin": 37.08,
            "gross_margin_4q_avg": 28.47,
            "net_income": 51191,
            "net_income_4q": null,
            "revenue": 238962,
            "revenue_4q": null,
            "common_shares": 459290,
            "book_valuer_per_share": 16.19,
            "book_valuer_per_share_4q_avg": 18.48,
            "equity": 743488,
            "current_ratio": 114.55,
            "debt_ratio": 45.47,
            "inventory_turnover_ratio": 16.65,
            "account_receivable_turnover_ratio": null,
            "reinvestment_rate": null,
            "research_to_sale_ratio": null,
            "price_fair": 16.56,
            "eps_avg_yearly": 5.52,
            "eps_latest_yearly": 4.44,
            "eps_growth_yearly": -22.03
        },
        "20044": {
            "year_quarter": 20044,
            "year": 2004,
            "quarter": 4,
            "eps": 0.56,
            "eps_growth_year": null,
            "eps_4q": 3.84,
            "eps_4q_growth_year": null,
            "roe": 3.33,
            "roe_4q": 25.7,
            "gross_profit": 51687,
            "gross_margin": 18.96,
            "gross_margin_4q_avg": 33.21,
            "net_income": 25569,
            "net_income_4q": null,
            "revenue": 272642,
            "revenue_4q": null,
            "common_shares": 459290,
            "book_valuer_per_share": 17.27,
            "book_valuer_per_share_4q_avg": 18.33,
            "equity": 793137,
            "current_ratio": 95.16,
            "debt_ratio": 52.24,
            "inventory_turnover_ratio": 10.45,
            "account_receivable_turnover_ratio": null,
            "reinvestment_rate": null,
            "research_to_sale_ratio": null,
            "price_fair": 14.1,
            "eps_avg_yearly": 4.7,
            "eps_latest_yearly": 2.24,
            "eps_growth_yearly": -66.07
        },
        "20051": {
            "year_quarter": 20051,
            "year": 2005,
            "quarter": 1,
            "eps": -0.35,
            "eps_growth_year": -125.74,
            "eps_4q": 2.18,
            "eps_4q_growth_year": null,
            "roe": -2.09,
            "roe_4q": 16.270000000000003,
            "gross_profit": 34752,
            "gross_margin": 15.88,
            "gross_margin_4q_avg": 27.14,
            "net_income": -17901,
            "net_income_4q": null,
            "revenue": 218809,
            "revenue_4q": null,
            "common_shares": 507090,
            "book_valuer_per_share": 18.11,
            "book_valuer_per_share_4q_avg": 18.05,
            "equity": 918455,
            "current_ratio": 106.54,
            "debt_ratio": 43.04,
            "inventory_turnover_ratio": 4.85,
            "account_receivable_turnover_ratio": null,
            "reinvestment_rate": null,
            "research_to_sale_ratio": null,
            "price_fair": 14.1,
            "eps_avg_yearly": 4.7,
            "eps_latest_yearly": 2.24,
            "eps_growth_yearly": -66.07
        },
        "20052": {
            "year_quarter": 20052,
            "year": 2005,
            "quarter": 2,
            "eps": -1.33,
            "eps_growth_year": -184.71,
            "eps_4q": -0.17,
            "eps_4q_growth_year": null,
            "roe": -7.8,
            "roe_4q": 0.5699999999999994,
            "gross_profit": -28503,
            "gross_margin": -15.63,
            "gross_margin_4q_avg": 14.07,
            "net_income": -67290,
            "net_income_4q": null,
            "revenue": 182360,
            "revenue_4q": null,
            "common_shares": 507090,
            "book_valuer_per_share": 15.92,
            "book_valuer_per_share_4q_avg": 16.87,
            "equity": 807478,
            "current_ratio": 75.88,
            "debt_ratio": 49.43,
            "inventory_turnover_ratio": 3.37,
            "account_receivable_turnover_ratio": null,
            "reinvestment_rate": null,
            "research_to_sale_ratio": null,
            "price_fair": 14.1,
            "eps_avg_yearly": 4.7,
            "eps_latest_yearly": 2.24,
            "eps_growth_yearly": -66.07
        },
        "20053": {
            "year_quarter": 20053,
            "year": 2005,
            "quarter": 3,
            "eps": 0.02,
            "eps_growth_year": -98.2,
            "eps_4q": -0.9,
            "eps_4q_growth_year": null,
            "roe": 0.16,
            "roe_4q": -6.4,
            "gross_profit": 48228,
            "gross_margin": 14.77,
            "gross_margin_4q_avg": 8.5,
            "net_income": 1301,
            "net_income_4q": null,
            "revenue": 326425,
            "revenue_4q": null,
            "common_shares": 619430,
            "book_valuer_per_share": 13.06,
            "book_valuer_per_share_4q_avg": 16.09,
            "equity": 808779,
            "current_ratio": 97.82,
            "debt_ratio": 55.13,
            "inventory_turnover_ratio": 2.69,
            "account_receivable_turnover_ratio": null,
            "reinvestment_rate": null,
            "research_to_sale_ratio": null,
            "price_fair": 14.1,
            "eps_avg_yearly": 4.7,
            "eps_latest_yearly": 2.24,
            "eps_growth_yearly": -66.07
        },
        "20054": {
            "year_quarter": 20054,
            "year": 2005,
            "quarter": 4,
            "eps": -0.09,
            "eps_growth_year": -116.07,
            "eps_4q": -1.44,
            "eps_4q_growth_year": -137.52,
            "roe": -0.68,
            "roe_4q": -10.41,
            "gross_profit": 33561,
            "gross_margin": 9.01,
            "gross_margin_4q_avg": 6.01,
            "net_income": -5473,
            "net_income_4q": null,
            "revenue": 372322,
            "revenue_4q": null,
            "common_shares": 619430,
            "book_valuer_per_share": 12.97,
            "book_valuer_per_share_4q_avg": 15.02,
            "equity": 803306,
            "current_ratio": 101.84,
            "debt_ratio": 59.94,
            "inventory_turnover_ratio": 2.6,
            "account_receivable_turnover_ratio": null,
            "reinvestment_rate": null,
            "research_to_sale_ratio": null,
            "price_fair": 14.1,
            "eps_avg_yearly": 4.7,
            "eps_latest_yearly": 2.24,
            "eps_growth_yearly": -66.07
        },
        "20061": {
            "year_quarter": 20061,
            "year": 2006,
            "quarter": 1,
            "eps": -0.35,
            "eps_growth_year": null,
            "eps_4q": -1.48,
            "eps_4q_growth_year": -167.79,
            "roe": -2.79,
            "roe_4q": -11.11,
            "gross_profit": 26794,
            "gross_margin": 8.76,
            "gross_margin_4q_avg": 4.23,
            "net_income": -22129,
            "net_income_4q": null,
            "revenue": 305987,
            "revenue_4q": null,
            "common_shares": 619430,
            "book_valuer_per_share": 12.64,
            "book_valuer_per_share_4q_avg": 13.65,
            "equity": 782886,
            "current_ratio": 126.89,
            "debt_ratio": 59.03,
            "inventory_turnover_ratio": 2.3,
            "account_receivable_turnover_ratio": null,
            "reinvestment_rate": null,
            "research_to_sale_ratio": null,
            "price_fair": 14.1,
            "eps_avg_yearly": 4.7,
            "eps_latest_yearly": 2.24,
            "eps_growth_yearly": -66.07
        },
        "20062": {
            "year_quarter": 20062,
            "year": 2006,
            "quarter": 2,
            "eps": -4.46,
            "eps_growth_year": null,
            "eps_4q": -4.88,
            "eps_4q_growth_year": null,
            "roe": -42.92,
            "roe_4q": -46.230000000000004,
            "gross_profit": 5453,
            "gross_margin": 2.21,
            "gross_margin_4q_avg": 8.69,
            "net_income": -276664,
            "net_income_4q": null,
            "revenue": 246967,
            "revenue_4q": null,
            "common_shares": 620693,
            "book_valuer_per_share": 8.16,
            "book_valuer_per_share_4q_avg": 11.71,
            "equity": 506222,
            "current_ratio": 87.87,
            "debt_ratio": 66.9,
            "inventory_turnover_ratio": 2.98,
            "account_receivable_turnover_ratio": null,
            "reinvestment_rate": null,
            "research_to_sale_ratio": null,
            "price_fair": 14.1,
            "eps_avg_yearly": 4.7,
            "eps_latest_yearly": 2.24,
            "eps_growth_yearly": -66.07
        },
        "20063": {
            "year_quarter": 20063,
            "year": 2006,
            "quarter": 3,
            "eps": 0.32,
            "eps_growth_year": 1500,
            "eps_4q": -4.63,
            "eps_4q_growth_year": null,
            "roe": 3.81,
            "roe_4q": -42.58,
            "gross_profit": 63604,
            "gross_margin": 22.6,
            "gross_margin_4q_avg": 10.65,
            "net_income": 19673,
            "net_income_4q": null,
            "revenue": 281411,
            "revenue_4q": null,
            "common_shares": 620693,
            "book_valuer_per_share": 8.47,
            "book_valuer_per_share_4q_avg": 10.56,
            "equity": 525895,
            "current_ratio": 93.54,
            "debt_ratio": 65.5,
            "inventory_turnover_ratio": 5,
            "account_receivable_turnover_ratio": null,
            "reinvestment_rate": null,
            "research_to_sale_ratio": null,
            "price_fair": 14.1,
            "eps_avg_yearly": 4.7,
            "eps_latest_yearly": 2.24,
            "eps_growth_yearly": -66.07
        },
        "20064": {
            "year_quarter": 20064,
            "year": 2006,
            "quarter": 4,
            "eps": 0.98,
            "eps_growth_year": null,
            "eps_4q": -3.53,
            "eps_4q_growth_year": null,
            "roe": 10.91,
            "roe_4q": -30.990000000000002,
            "gross_profit": 79051,
            "gross_margin": 28.66,
            "gross_margin_4q_avg": 15.56,
            "net_income": 60669,
            "net_income_4q": null,
            "revenue": 275857,
            "revenue_4q": null,
            "common_shares": 620693,
            "book_valuer_per_share": 9.45,
            "book_valuer_per_share_4q_avg": 9.68,
            "equity": 586564,
            "current_ratio": 100.67,
            "debt_ratio": 62.23,
            "inventory_turnover_ratio": 4.94,
            "account_receivable_turnover_ratio": null,
            "reinvestment_rate": null,
            "research_to_sale_ratio": null,
            "price_fair": 159.04,
            "eps_avg_yearly": 4.54,
            "eps_latest_yearly": 3.92,
            "eps_growth_yearly": 112.14
        },
        "20071": {
            "year_quarter": 20071,
            "year": 2007,
            "quarter": 1,
            "eps": 0.02,
            "eps_growth_year": null,
            "eps_4q": -3.77,
            "eps_4q_growth_year": null,
            "roe": 0.18,
            "roe_4q": -28.020000000000003,
            "gross_profit": 33519,
            "gross_margin": 16.75,
            "gross_margin_4q_avg": 17.56,
            "net_income": 1036,
            "net_income_4q": null,
            "revenue": 200157,
            "revenue_4q": null,
            "common_shares": 620693,
            "book_valuer_per_share": 9.47,
            "book_valuer_per_share_4q_avg": 8.89,
            "equity": 587600,
            "current_ratio": 104.22,
            "debt_ratio": 57.98,
            "inventory_turnover_ratio": 3.81,
            "account_receivable_turnover_ratio": null,
            "reinvestment_rate": null,
            "research_to_sale_ratio": null,
            "price_fair": 133,
            "eps_avg_yearly": 3.8,
            "eps_latest_yearly": 0.08,
            "eps_growth_yearly": 28.14
        },
        "20072": {
            "year_quarter": 20072,
            "year": 2007,
            "quarter": 2,
            "eps": 0.12,
            "eps_growth_year": null,
            "eps_4q": 1.47,
            "eps_4q_growth_year": null,
            "roe": 1.23,
            "roe_4q": 16.13,
            "gross_profit": 42972,
            "gross_margin": 18.15,
            "gross_margin_4q_avg": 21.54,
            "net_income": 7260,
            "net_income_4q": null,
            "revenue": 236763,
            "revenue_4q": null,
            "common_shares": 620693,
            "book_valuer_per_share": 9.58,
            "book_valuer_per_share_4q_avg": 9.24,
            "equity": 594860,
            "current_ratio": 111.19,
            "debt_ratio": 55.6,
            "inventory_turnover_ratio": 4.17,
            "account_receivable_turnover_ratio": null,
            "reinvestment_rate": null,
            "research_to_sale_ratio": null,
            "price_fair": 101.73,
            "eps_avg_yearly": 2.91,
            "eps_latest_yearly": 0.48,
            "eps_growth_yearly": 363.26
        },
        "20073": {
            "year_quarter": 20073,
            "year": 2007,
            "quarter": 3,
            "eps": 1.48,
            "eps_growth_year": 362.5,
            "eps_4q": 2.56,
            "eps_4q_growth_year": null,
            "roe": 12.72,
            "roe_4q": 25.04,
            "gross_profit": 105244,
            "gross_margin": 29.47,
            "gross_margin_4q_avg": 23.26,
            "net_income": 94280,
            "net_income_4q": null,
            "revenue": 357080,
            "revenue_4q": null,
            "common_shares": 785693,
            "book_valuer_per_share": 11.29,
            "book_valuer_per_share_4q_avg": 9.95,
            "equity": 887140,
            "current_ratio": 180.33,
            "debt_ratio": 41.85,
            "inventory_turnover_ratio": 5.11,
            "account_receivable_turnover_ratio": null,
            "reinvestment_rate": null,
            "research_to_sale_ratio": null,
            "price_fair": 116.8,
            "eps_avg_yearly": 3.34,
            "eps_latest_yearly": 5.92,
            "eps_growth_yearly": 958.98
        },
        "20074": {
            "year_quarter": 20074,
            "year": 2007,
            "quarter": 4,
            "eps": 0.57,
            "eps_growth_year": -41.84,
            "eps_4q": 2.1,
            "eps_4q_growth_year": null,
            "roe": 4.22,
            "roe_4q": 18.35,
            "gross_profit": 51812,
            "gross_margin": 17.88,
            "gross_margin_4q_avg": 20.56,
            "net_income": 38228,
            "net_income_4q": null,
            "revenue": 289834,
            "revenue_4q": null,
            "common_shares": 785693,
            "book_valuer_per_share": 11.78,
            "book_valuer_per_share_4q_avg": 10.53,
            "equity": 925368,
            "current_ratio": 213.21,
            "debt_ratio": 39.96,
            "inventory_turnover_ratio": 4.74,
            "account_receivable_turnover_ratio": null,
            "reinvestment_rate": 1942.95,
            "research_to_sale_ratio": null,
            "price_fair": 112.18,
            "eps_avg_yearly": 3.21,
            "eps_latest_yearly": 2.28,
            "eps_growth_yearly": 808.36
        },
        "20081": {
            "year_quarter": 20081,
            "year": 2008,
            "quarter": 1,
            "eps": 0.08,
            "eps_growth_year": 300,
            "eps_4q": 1.95,
            "eps_4q_growth_year": null,
            "roe": 0.64,
            "roe_4q": 18.81,
            "gross_profit": 48167,
            "gross_margin": 16.44,
            "gross_margin_4q_avg": 20.49,
            "net_income": 5968,
            "net_income_4q": null,
            "revenue": 292976,
            "revenue_4q": null,
            "common_shares": 785693,
            "book_valuer_per_share": 11.85,
            "book_valuer_per_share_4q_avg": 11.13,
            "equity": 931336,
            "current_ratio": 240.66,
            "debt_ratio": 35.71,
            "inventory_turnover_ratio": 4.19,
            "account_receivable_turnover_ratio": null,
            "reinvestment_rate": null,
            "research_to_sale_ratio": null,
            "price_fair": 100.96,
            "eps_avg_yearly": 2.88,
            "eps_latest_yearly": 0.32,
            "eps_growth_yearly": 680.34
        },
        "20082": {
            "year_quarter": 20082,
            "year": 2008,
            "quarter": 2,
            "eps": -0.85,
            "eps_growth_year": -808.33,
            "eps_4q": 0.91,
            "eps_4q_growth_year": -37.62,
            "roe": -7.42,
            "roe_4q": 10.16,
            "gross_profit": -9674,
            "gross_margin": -5.34,
            "gross_margin_4q_avg": 14.61,
            "net_income": -66669,
            "net_income_4q": null,
            "revenue": 181009,
            "revenue_4q": null,
            "common_shares": 785693,
            "book_valuer_per_share": 11.01,
            "book_valuer_per_share_4q_avg": 11.48,
            "equity": 864667,
            "current_ratio": 231.14,
            "debt_ratio": 34.04,
            "inventory_turnover_ratio": 2.64,
            "account_receivable_turnover_ratio": null,
            "reinvestment_rate": null,
            "research_to_sale_ratio": null,
            "price_fair": 86.1,
            "eps_avg_yearly": 2.46,
            "eps_latest_yearly": 0.32,
            "eps_growth_yearly": 757.66
        },
        "20083": {
            "year_quarter": 20083,
            "year": 2008,
            "quarter": 3,
            "eps": 0.06,
            "eps_growth_year": -95.95,
            "eps_4q": -0.21,
            "eps_4q_growth_year": -108.16,
            "roe": 0.58,
            "roe_4q": -1.9800000000000004,
            "gross_profit": 58275,
            "gross_margin": 18.38,
            "gross_margin_4q_avg": 11.84,
            "net_income": 5012,
            "net_income_4q": null,
            "revenue": 317010,
            "revenue_4q": null,
            "common_shares": 785693,
            "book_valuer_per_share": 11.05,
            "book_valuer_per_share_4q_avg": 11.42,
            "equity": 868318,
            "current_ratio": 206.24,
            "debt_ratio": 36.63,
            "inventory_turnover_ratio": 2.88,
            "account_receivable_turnover_ratio": null,
            "reinvestment_rate": null,
            "research_to_sale_ratio": null,
            "price_fair": 76.2,
            "eps_avg_yearly": 2.18,
            "eps_latest_yearly": 0.32,
            "eps_growth_yearly": 882.64
        },
        "20084": {
            "year_quarter": 20084,
            "year": 2008,
            "quarter": 4,
            "eps": -1.3,
            "eps_growth_year": -328.07,
            "eps_4q": -2.01,
            "eps_4q_growth_year": -195.74,
            "roe": -12.54,
            "roe_4q": -18.74,
            "gross_profit": -44799,
            "gross_margin": -39.24,
            "gross_margin_4q_avg": -2.44,
            "net_income": -102148,
            "net_income_4q": null,
            "revenue": 114168,
            "revenue_4q": null,
            "common_shares": 785693,
            "book_valuer_per_share": 9.69,
            "book_valuer_per_share_4q_avg": 10.9,
            "equity": 761368,
            "current_ratio": 203.07,
            "debt_ratio": 36.05,
            "inventory_turnover_ratio": 1.62,
            "account_receivable_turnover_ratio": 0.76,
            "reinvestment_rate": null,
            "research_to_sale_ratio": null,
            "price_fair": 75.83,
            "eps_avg_yearly": 2.17,
            "eps_latest_yearly": 0.32,
            "eps_growth_yearly": 1062.78
        },
        "20091": {
            "year_quarter": 20091,
            "year": 2009,
            "quarter": 1,
            "eps": -0.39,
            "eps_growth_year": -587.5,
            "eps_4q": -2.47,
            "eps_4q_growth_year": -226.41,
            "roe": -4.05,
            "roe_4q": -23.43,
            "gross_profit": -22885,
            "gross_margin": -25.69,
            "gross_margin_4q_avg": -12.97,
            "net_income": -30224,
            "net_income_4q": null,
            "revenue": 89083,
            "revenue_4q": null,
            "common_shares": 785693,
            "book_valuer_per_share": 9.31,
            "book_valuer_per_share_4q_avg": 10.27,
            "equity": 731144,
            "current_ratio": 219.25,
            "debt_ratio": 32.29,
            "inventory_turnover_ratio": 1.24,
            "account_receivable_turnover_ratio": 0.4,
            "reinvestment_rate": null,
            "research_to_sale_ratio": null,
            "price_fair": 75.83,
            "eps_avg_yearly": 2.17,
            "eps_latest_yearly": 0.32,
            "eps_growth_yearly": 1062.78
        },
        "20092": {
            "year_quarter": 20092,
            "year": 2009,
            "quarter": 2,
            "eps": -0.34,
            "eps_growth_year": null,
            "eps_4q": -1.95,
            "eps_4q_growth_year": -313.78,
            "roe": -3.64,
            "roe_4q": -19.65,
            "gross_profit": 19331,
            "gross_margin": 8.51,
            "gross_margin_4q_avg": -9.51,
            "net_income": -26147,
            "net_income_4q": null,
            "revenue": 227118,
            "revenue_4q": null,
            "common_shares": 785693,
            "book_valuer_per_share": 8.97,
            "book_valuer_per_share_4q_avg": 9.76,
            "equity": 704997,
            "current_ratio": 179.53,
            "debt_ratio": 39.03,
            "inventory_turnover_ratio": 2.13,
            "account_receivable_turnover_ratio": 1.03,
            "reinvestment_rate": null,
            "research_to_sale_ratio": null,
            "price_fair": 75.83,
            "eps_avg_yearly": 2.17,
            "eps_latest_yearly": 0.32,
            "eps_growth_yearly": 1062.78
        },
        "20093": {
            "year_quarter": 20093,
            "year": 2009,
            "quarter": 3,
            "eps": 0.02,
            "eps_growth_year": -66.67,
            "eps_4q": -2.62,
            "eps_4q_growth_year": null,
            "roe": 0.17,
            "roe_4q": -20.06,
            "gross_profit": 41099,
            "gross_margin": 19.26,
            "gross_margin_4q_avg": -9.29,
            "net_income": 1202,
            "net_income_4q": null,
            "revenue": 213391,
            "revenue_4q": null,
            "common_shares": 785693,
            "book_valuer_per_share": 8.99,
            "book_valuer_per_share_4q_avg": 9.24,
            "equity": 706199,
            "current_ratio": 174.46,
            "debt_ratio": 41.25,
            "inventory_turnover_ratio": 1.59,
            "account_receivable_turnover_ratio": 0.64,
            "reinvestment_rate": null,
            "research_to_sale_ratio": null,
            "price_fair": 75.83,
            "eps_avg_yearly": 2.17,
            "eps_latest_yearly": 0.32,
            "eps_growth_yearly": 1062.78
        },
        "20094": {
            "year_quarter": 20094,
            "year": 2009,
            "quarter": 4,
            "eps": -0.3,
            "eps_growth_year": null,
            "eps_4q": -1.01,
            "eps_4q_growth_year": null,
            "roe": -3.34,
            "roe_4q": -10.86,
            "gross_profit": 14190,
            "gross_margin": 6.22,
            "gross_margin_4q_avg": 2.08,
            "net_income": -23217,
            "net_income_4q": null,
            "revenue": 228035,
            "revenue_4q": null,
            "common_shares": 785693,
            "book_valuer_per_share": 8.81,
            "book_valuer_per_share_4q_avg": 9.02,
            "equity": 682982,
            "current_ratio": 178.67,
            "debt_ratio": 39.79,
            "inventory_turnover_ratio": 2.36,
            "account_receivable_turnover_ratio": 1.27,
            "reinvestment_rate": null,
            "research_to_sale_ratio": null,
            "price_fair": 75.83,
            "eps_avg_yearly": 2.17,
            "eps_latest_yearly": 0.32,
            "eps_growth_yearly": 1062.78
        },
        "20101": {
            "year_quarter": 20101,
            "year": 2010,
            "quarter": 1,
            "eps": -0.08,
            "eps_growth_year": null,
            "eps_4q": -0.7,
            "eps_4q_growth_year": null,
            "roe": -0.93,
            "roe_4q": -7.74,
            "gross_profit": 25262,
            "gross_margin": 12.11,
            "gross_margin_4q_avg": 11.53,
            "net_income": -6323,
            "net_income_4q": null,
            "revenue": 208554,
            "revenue_4q": null,
            "common_shares": 785693,
            "book_valuer_per_share": 8.73,
            "book_valuer_per_share_4q_avg": 8.88,
            "equity": 676659,
            "current_ratio": 177.18,
            "debt_ratio": 40.25,
            "inventory_turnover_ratio": 2.93,
            "account_receivable_turnover_ratio": 0.59,
            "reinvestment_rate": null,
            "research_to_sale_ratio": 4.2,
            "price_fair": 75.83,
            "eps_avg_yearly": 2.17,
            "eps_latest_yearly": 0.32,
            "eps_growth_yearly": 1062.78
        },
        "20102": {
            "year_quarter": 20102,
            "year": 2010,
            "quarter": 2,
            "eps": 0.14,
            "eps_growth_year": null,
            "eps_4q": -0.22,
            "eps_4q_growth_year": null,
            "roe": 1.63,
            "roe_4q": -2.47,
            "gross_profit": 59174,
            "gross_margin": 20.06,
            "gross_margin_4q_avg": 14.41,
            "net_income": 11113,
            "net_income_4q": null,
            "revenue": 295035,
            "revenue_4q": null,
            "common_shares": 785693,
            "book_valuer_per_share": 8.87,
            "book_valuer_per_share_4q_avg": 8.85,
            "equity": 687772,
            "current_ratio": 189.92,
            "debt_ratio": 38.56,
            "inventory_turnover_ratio": 4.21,
            "account_receivable_turnover_ratio": 0.86,
            "reinvestment_rate": null,
            "research_to_sale_ratio": 3.57,
            "price_fair": 75.83,
            "eps_avg_yearly": 2.17,
            "eps_latest_yearly": 0.32,
            "eps_growth_yearly": 1062.78
        },
        "20103": {
            "year_quarter": 20103,
            "year": 2010,
            "quarter": 3,
            "eps": -1.34,
            "eps_growth_year": -6787.56,
            "eps_4q": -1.58,
            "eps_4q_growth_year": null,
            "roe": -16.3,
            "roe_4q": -18.94,
            "gross_profit": -42747,
            "gross_margin": -19.9,
            "gross_margin_4q_avg": 4.62,
            "net_income": -103667,
            "net_income_4q": null,
            "revenue": 214838,
            "revenue_4q": null,
            "common_shares": 785693,
            "book_valuer_per_share": 7.54,
            "book_valuer_per_share_4q_avg": 8.49,
            "equity": 584105,
            "current_ratio": 165.29,
            "debt_ratio": 43.45,
            "inventory_turnover_ratio": 5.48,
            "account_receivable_turnover_ratio": 0.64,
            "reinvestment_rate": null,
            "research_to_sale_ratio": 6.32,
            "price_fair": 75.83,
            "eps_avg_yearly": 2.17,
            "eps_latest_yearly": 0.32,
            "eps_growth_yearly": 1062.78
        },
        "20104": {
            "year_quarter": 20104,
            "year": 2010,
            "quarter": 4,
            "eps": -0.13,
            "eps_growth_year": null,
            "eps_4q": -1.81,
            "eps_4q_growth_year": null,
            "roe": -1.3,
            "roe_4q": -16.900000000000002,
            "gross_profit": 30868,
            "gross_margin": 15.45,
            "gross_margin_4q_avg": 6.93,
            "net_income": -7546,
            "net_income_4q": null,
            "revenue": 199797,
            "revenue_4q": null,
            "common_shares": 597127,
            "book_valuer_per_share": 9.79,
            "book_valuer_per_share_4q_avg": 8.73,
            "equity": 576559,
            "current_ratio": 196.31,
            "debt_ratio": 41.63,
            "inventory_turnover_ratio": 4.09,
            "account_receivable_turnover_ratio": 0.64,
            "reinvestment_rate": null,
            "research_to_sale_ratio": 2.24,
            "price_fair": 63.56,
            "eps_avg_yearly": 1.82,
            "eps_latest_yearly": 0.32,
            "eps_growth_yearly": 1110.34
        },
        "20111": {
            "year_quarter": 20111,
            "year": 2011,
            "quarter": 1,
            "eps": -0.06,
            "eps_growth_year": null,
            "eps_4q": -1.52,
            "eps_4q_growth_year": null,
            "roe": -0.68,
            "roe_4q": -16.650000000000002,
            "gross_profit": 6613,
            "gross_margin": 3.82,
            "gross_margin_4q_avg": 4.86,
            "net_income": -4302,
            "net_income_4q": null,
            "revenue": 173049,
            "revenue_4q": null,
            "common_shares": 697127,
            "book_valuer_per_share": 10.12,
            "book_valuer_per_share_4q_avg": 9.08,
            "equity": 697357,
            "current_ratio": 275.65,
            "debt_ratio": 36.05,
            "inventory_turnover_ratio": 3.5,
            "account_receivable_turnover_ratio": 0.6,
            "reinvestment_rate": null,
            "research_to_sale_ratio": 0,
            "price_fair": 78.75,
            "eps_avg_yearly": 2.25,
            "eps_latest_yearly": 0.32,
            "eps_growth_yearly": 1485.88
        },
        "20112": {
            "year_quarter": 20112,
            "year": 2011,
            "quarter": 2,
            "eps": 0.1,
            "eps_growth_year": -32.51,
            "eps_4q": -1.58,
            "eps_4q_growth_year": null,
            "roe": 0.95,
            "roe_4q": -17.330000000000002,
            "gross_profit": 21949,
            "gross_margin": 11.56,
            "gross_margin_4q_avg": 2.73,
            "net_income": 6668,
            "net_income_4q": null,
            "revenue": 189943,
            "revenue_4q": null,
            "common_shares": 697127,
            "book_valuer_per_share": 10.22,
            "book_valuer_per_share_4q_avg": 9.42,
            "equity": 704025,
            "current_ratio": 288.8,
            "debt_ratio": 40.7,
            "inventory_turnover_ratio": 3.28,
            "account_receivable_turnover_ratio": 0.65,
            "reinvestment_rate": null,
            "research_to_sale_ratio": 0,
            "price_fair": 99.4,
            "eps_avg_yearly": 2.84,
            "eps_latest_yearly": 0.32,
            "eps_growth_yearly": 1314.51
        },
        "20113": {
            "year_quarter": 20113,
            "year": 2011,
            "quarter": 3,
            "eps": 0.24,
            "eps_growth_year": null,
            "eps_4q": 0.17,
            "eps_4q_growth_year": null,
            "roe": 2.38,
            "roe_4q": 1.3499999999999999,
            "gross_profit": 30555,
            "gross_margin": 12.77,
            "gross_margin_4q_avg": 10.9,
            "net_income": 17060,
            "net_income_4q": null,
            "revenue": 239354,
            "revenue_4q": null,
            "common_shares": 697127,
            "book_valuer_per_share": 10.48,
            "book_valuer_per_share_4q_avg": 10.15,
            "equity": 730935,
            "current_ratio": 220.91,
            "debt_ratio": 45.82,
            "inventory_turnover_ratio": 3.05,
            "account_receivable_turnover_ratio": 0.68,
            "reinvestment_rate": null,
            "research_to_sale_ratio": 0,
            "price_fair": 3.56,
            "eps_avg_yearly": 1.19,
            "eps_latest_yearly": 0.96,
            "eps_growth_yearly": -9.94
        },
        "20114": {
            "year_quarter": 20114,
            "year": 2011,
            "quarter": 4,
            "eps": -0.88,
            "eps_growth_year": null,
            "eps_4q": -0.6,
            "eps_4q_growth_year": null,
            "roe": -8.74,
            "roe_4q": -6.09,
            "gross_profit": -36669,
            "gross_margin": -19.31,
            "gross_margin_4q_avg": 2.21,
            "net_income": -61178,
            "net_income_4q": null,
            "revenue": 189918,
            "revenue_4q": null,
            "common_shares": 697127,
            "book_valuer_per_share": 9.61,
            "book_valuer_per_share_4q_avg": 10.11,
            "equity": 669757,
            "current_ratio": 205.29,
            "debt_ratio": 48.68,
            "inventory_turnover_ratio": 4.02,
            "account_receivable_turnover_ratio": 0.49,
            "reinvestment_rate": null,
            "research_to_sale_ratio": 0,
            "price_fair": 22.4,
            "eps_avg_yearly": 0.64,
            "eps_latest_yearly": 0.96,
            "eps_growth_yearly": 108.07
        },
        "20121": {
            "year_quarter": 20121,
            "year": 2012,
            "quarter": 1,
            "eps": 0.15,
            "eps_growth_year": null,
            "eps_4q": -0.39,
            "eps_4q_growth_year": null,
            "roe": 1.55,
            "roe_4q": -3.8600000000000003,
            "gross_profit": 29909,
            "gross_margin": 15.42,
            "gross_margin_4q_avg": 5.11,
            "net_income": 10461,
            "net_income_4q": null,
            "revenue": 193932,
            "revenue_4q": null,
            "common_shares": 697127,
            "book_valuer_per_share": 9.75,
            "book_valuer_per_share_4q_avg": 10.02,
            "equity": 679429,
            "current_ratio": 204.86,
            "debt_ratio": 46.84,
            "inventory_turnover_ratio": 5.71,
            "account_receivable_turnover_ratio": 0.53,
            "reinvestment_rate": null,
            "research_to_sale_ratio": null,
            "price_fair": 33.6,
            "eps_avg_yearly": 0.96,
            "eps_latest_yearly": 0.96,
            "eps_growth_yearly": 560
        },
        "20122": {
            "year_quarter": 20122,
            "year": 2012,
            "quarter": 2,
            "eps": 0.05,
            "eps_growth_year": -51.48,
            "eps_4q": -0.44,
            "eps_4q_growth_year": null,
            "roe": 0.48,
            "roe_4q": -4.33,
            "gross_profit": 23491,
            "gross_margin": 12.76,
            "gross_margin_4q_avg": 5.41,
            "net_income": 3273,
            "net_income_4q": null,
            "revenue": 184142,
            "revenue_4q": null,
            "common_shares": 697127,
            "book_valuer_per_share": 9.8,
            "book_valuer_per_share_4q_avg": 9.91,
            "equity": 682932,
            "current_ratio": 194.58,
            "debt_ratio": 44.76,
            "inventory_turnover_ratio": 6.73,
            "account_receivable_turnover_ratio": 0.53,
            "reinvestment_rate": null,
            "research_to_sale_ratio": null,
            "price_fair": 20.3,
            "eps_avg_yearly": 0.58,
            "eps_latest_yearly": 0.2,
            "eps_growth_yearly": 146.67
        },
        "20123": {
            "year_quarter": 20123,
            "year": 2012,
            "quarter": 3,
            "eps": -0.13,
            "eps_growth_year": -151.32,
            "eps_4q": -0.81,
            "eps_4q_growth_year": -573.06,
            "roe": -1.29,
            "roe_4q": -8,
            "gross_profit": 7554,
            "gross_margin": 4.85,
            "gross_margin_4q_avg": 3.43,
            "net_income": -8756,
            "net_income_4q": null,
            "revenue": 155876,
            "revenue_4q": null,
            "common_shares": 697127,
            "book_valuer_per_share": 9.64,
            "book_valuer_per_share_4q_avg": 9.7,
            "equity": 672085,
            "current_ratio": 166.59,
            "debt_ratio": 44.76,
            "inventory_turnover_ratio": 4.99,
            "account_receivable_turnover_ratio": 0.48,
            "reinvestment_rate": null,
            "research_to_sale_ratio": null,
            "price_fair": 20.3,
            "eps_avg_yearly": 0.58,
            "eps_latest_yearly": 0.2,
            "eps_growth_yearly": 146.67
        },
        "20124": {
            "year_quarter": 20124,
            "year": 2012,
            "quarter": 4,
            "eps": -0.13,
            "eps_growth_year": null,
            "eps_4q": -0.06,
            "eps_4q_growth_year": null,
            "roe": -1.32,
            "roe_4q": -0.5800000000000003,
            "gross_profit": 16484,
            "gross_margin": 7.97,
            "gross_margin_4q_avg": 10.25,
            "net_income": -8844,
            "net_income_4q": null,
            "revenue": 206784,
            "revenue_4q": null,
            "common_shares": 697127,
            "book_valuer_per_share": 9.53,
            "book_valuer_per_share_4q_avg": 9.68,
            "equity": 664381,
            "current_ratio": 131.23,
            "debt_ratio": 50.25,
            "inventory_turnover_ratio": 4.22,
            "account_receivable_turnover_ratio": 0.67,
            "reinvestment_rate": null,
            "research_to_sale_ratio": null,
            "price_fair": 20.3,
            "eps_avg_yearly": 0.58,
            "eps_latest_yearly": 0.2,
            "eps_growth_yearly": 146.67
        },
        "20131": {
            "year_quarter": 20131,
            "year": 2013,
            "quarter": 1,
            "eps": -0.27,
            "eps_growth_year": -280,
            "eps_4q": -0.47,
            "eps_4q_growth_year": null,
            "roe": -2.82,
            "roe_4q": -4.949999999999999,
            "gross_profit": 12527,
            "gross_margin": 6.83,
            "gross_margin_4q_avg": 8.1,
            "net_income": -18530,
            "net_income_4q": null,
            "revenue": 183463,
            "revenue_4q": null,
            "common_shares": 697127,
            "book_valuer_per_share": 9.35,
            "book_valuer_per_share_4q_avg": 9.58,
            "equity": 651694,
            "current_ratio": 127.04,
            "debt_ratio": 49.7,
            "inventory_turnover_ratio": 3.39,
            "account_receivable_turnover_ratio": 0.57,
            "reinvestment_rate": null,
            "research_to_sale_ratio": null,
            "price_fair": 20.3,
            "eps_avg_yearly": 0.58,
            "eps_latest_yearly": 0.2,
            "eps_growth_yearly": 146.67
        },
        "20132": {
            "year_quarter": 20132,
            "year": 2013,
            "quarter": 2,
            "eps": 0.12,
            "eps_growth_year": 155.59,
            "eps_4q": -0.4,
            "eps_4q_growth_year": null,
            "roe": 1.22,
            "roe_4q": -4.21,
            "gross_profit": 36758,
            "gross_margin": 17.74,
            "gross_margin_4q_avg": 9.35,
            "net_income": 8000,
            "net_income_4q": null,
            "revenue": 207236,
            "revenue_4q": null,
            "common_shares": 697127,
            "book_valuer_per_share": 9.52,
            "book_valuer_per_share_4q_avg": 9.51,
            "equity": 663459,
            "current_ratio": 128.29,
            "debt_ratio": 53.57,
            "inventory_turnover_ratio": 2.81,
            "account_receivable_turnover_ratio": 0.62,
            "reinvestment_rate": null,
            "research_to_sale_ratio": null,
            "price_fair": 20.3,
            "eps_avg_yearly": 0.58,
            "eps_latest_yearly": 0.2,
            "eps_growth_yearly": 146.67
        },
        "20133": {
            "year_quarter": 20133,
            "year": 2013,
            "quarter": 3,
            "eps": -0.06,
            "eps_growth_year": null,
            "eps_4q": -0.33,
            "eps_4q_growth_year": null,
            "roe": -0.58,
            "roe_4q": -3.5,
            "gross_profit": 22160,
            "gross_margin": 9.46,
            "gross_margin_4q_avg": 10.5,
            "net_income": -3844,
            "net_income_4q": null,
            "revenue": 234179,
            "revenue_4q": null,
            "common_shares": 697127,
            "book_valuer_per_share": 9.5,
            "book_valuer_per_share_4q_avg": 9.48,
            "equity": 662444,
            "current_ratio": 135.25,
            "debt_ratio": 53.14,
            "inventory_turnover_ratio": 3.56,
            "account_receivable_turnover_ratio": 0.64,
            "reinvestment_rate": null,
            "research_to_sale_ratio": null,
            "price_fair": 20.3,
            "eps_avg_yearly": 0.58,
            "eps_latest_yearly": 0.2,
            "eps_growth_yearly": 146.67
        },
        "20134": {
            "year_quarter": 20134,
            "year": 2013,
            "quarter": 4,
            "eps": 0.21,
            "eps_growth_year": null,
            "eps_4q": 0.01,
            "eps_4q_growth_year": null,
            "roe": 2.23,
            "roe_4q": 0.050000000000000266,
            "gross_profit": 20550,
            "gross_margin": 10.15,
            "gross_margin_4q_avg": 11.05,
            "net_income": 14968,
            "net_income_4q": null,
            "revenue": 202433,
            "revenue_4q": null,
            "common_shares": 697127,
            "book_valuer_per_share": 9.78,
            "book_valuer_per_share_4q_avg": 9.54,
            "equity": 681774,
            "current_ratio": 141.46,
            "debt_ratio": 51.36,
            "inventory_turnover_ratio": 4.4,
            "account_receivable_turnover_ratio": 0.52,
            "reinvestment_rate": null,
            "research_to_sale_ratio": null,
            "price_fair": 20.3,
            "eps_avg_yearly": 0.58,
            "eps_latest_yearly": 0.2,
            "eps_growth_yearly": 146.67
        },
        "20141": {
            "year_quarter": 20141,
            "year": 2014,
            "quarter": 1,
            "eps": 0.44,
            "eps_growth_year": null,
            "eps_4q": 0.72,
            "eps_4q_growth_year": null,
            "roe": 4.42,
            "roe_4q": 7.29,
            "gross_profit": 44515,
            "gross_margin": 18.23,
            "gross_margin_4q_avg": 13.9,
            "net_income": 30809,
            "net_income_4q": null,
            "revenue": 244241,
            "revenue_4q": null,
            "common_shares": 697127,
            "book_valuer_per_share": 10.21,
            "book_valuer_per_share_4q_avg": 9.75,
            "equity": 711614,
            "current_ratio": 145.2,
            "debt_ratio": 50.44,
            "inventory_turnover_ratio": 4.99,
            "account_receivable_turnover_ratio": 0.58,
            "reinvestment_rate": null,
            "research_to_sale_ratio": null,
            "price_fair": 34.07,
            "eps_avg_yearly": 0.97,
            "eps_latest_yearly": 1.76,
            "eps_growth_yearly": 243.81
        },
        "20142": {
            "year_quarter": 20142,
            "year": 2014,
            "quarter": 2,
            "eps": 0.52,
            "eps_growth_year": 333.33,
            "eps_4q": 1.12,
            "eps_4q_growth_year": null,
            "roe": 5,
            "roe_4q": 11.07,
            "gross_profit": 40412,
            "gross_margin": 14.93,
            "gross_margin_4q_avg": 13.19,
            "net_income": 36396,
            "net_income_4q": null,
            "revenue": 270762,
            "revenue_4q": null,
            "common_shares": 697127,
            "book_valuer_per_share": 10.67,
            "book_valuer_per_share_4q_avg": 10.04,
            "equity": 743945,
            "current_ratio": 141.22,
            "debt_ratio": 49.73,
            "inventory_turnover_ratio": 6.07,
            "account_receivable_turnover_ratio": 0.58,
            "reinvestment_rate": null,
            "research_to_sale_ratio": null,
            "price_fair": 43.75,
            "eps_avg_yearly": 1.25,
            "eps_latest_yearly": 2.08,
            "eps_growth_yearly": 201.04
        },
        "20143": {
            "year_quarter": 20143,
            "year": 2014,
            "quarter": 3,
            "eps": 0.17,
            "eps_growth_year": null,
            "eps_4q": 1.34,
            "eps_4q_growth_year": null,
            "roe": 1.53,
            "roe_4q": 13.18,
            "gross_profit": 1855,
            "gross_margin": 0.92,
            "gross_margin_4q_avg": 11.06,
            "net_income": 11495,
            "net_income_4q": null,
            "revenue": 202255,
            "revenue_4q": null,
            "common_shares": 697127,
            "book_valuer_per_share": 10.95,
            "book_valuer_per_share_4q_avg": 10.4,
            "equity": 763057,
            "current_ratio": 146.41,
            "debt_ratio": 45.12,
            "inventory_turnover_ratio": 5.69,
            "account_receivable_turnover_ratio": 0.44,
            "reinvestment_rate": 421.17,
            "research_to_sale_ratio": null,
            "price_fair": 39.76,
            "eps_avg_yearly": 1.14,
            "eps_latest_yearly": 0.68,
            "eps_growth_yearly": 106.99
        },
        "20144": {
            "year_quarter": 20144,
            "year": 2014,
            "quarter": 4,
            "eps": 0.29,
            "eps_growth_year": 33.06,
            "eps_4q": 1.41,
            "eps_4q_growth_year": 16501.41,
            "roe": 2.56,
            "roe_4q": 13.51,
            "gross_profit": 24686,
            "gross_margin": 10.61,
            "gross_margin_4q_avg": 11.17,
            "net_income": 19916,
            "net_income_4q": null,
            "revenue": 232650,
            "revenue_4q": null,
            "common_shares": 697127,
            "book_valuer_per_share": 11.33,
            "book_valuer_per_share_4q_avg": 10.79,
            "equity": 790016,
            "current_ratio": 146.83,
            "debt_ratio": 44.52,
            "inventory_turnover_ratio": 5.06,
            "account_receivable_turnover_ratio": 0.57,
            "reinvestment_rate": 265.25,
            "research_to_sale_ratio": null,
            "price_fair": 39.9,
            "eps_avg_yearly": 1.14,
            "eps_latest_yearly": 1.16,
            "eps_growth_yearly": 136.21
        },
        "20151": {
            "year_quarter": 20151,
            "year": 2015,
            "quarter": 1,
            "eps": 0.07,
            "eps_growth_year": -84.09,
            "eps_4q": 1.05,
            "eps_4q_growth_year": 46.05,
            "roe": 0.65,
            "roe_4q": 9.74,
            "gross_profit": 19412,
            "gross_margin": 9.64,
            "gross_margin_4q_avg": 9.03,
            "net_income": 5119,
            "net_income_4q": null,
            "revenue": 201311,
            "revenue_4q": null,
            "common_shares": 697127,
            "book_valuer_per_share": 11.36,
            "book_valuer_per_share_4q_avg": 11.08,
            "equity": 792181,
            "current_ratio": 154.7,
            "debt_ratio": 42.03,
            "inventory_turnover_ratio": 4.18,
            "account_receivable_turnover_ratio": 0.51,
            "reinvestment_rate": 238.25,
            "research_to_sale_ratio": null,
            "price_fair": 35.6,
            "eps_avg_yearly": 1.02,
            "eps_latest_yearly": 0.28,
            "eps_growth_yearly": 73.4
        },
        "20152": {
            "year_quarter": 20152,
            "year": 2015,
            "quarter": 2,
            "eps": 0.03,
            "eps_growth_year": -94.23,
            "eps_4q": 0.55,
            "eps_4q_growth_year": -50.85,
            "roe": 0.25,
            "roe_4q": 4.99,
            "gross_profit": 20816,
            "gross_margin": 9.93,
            "gross_margin_4q_avg": 7.78,
            "net_income": 1971,
            "net_income_4q": null,
            "revenue": 209562,
            "revenue_4q": null,
            "common_shares": 697127,
            "book_valuer_per_share": 11.03,
            "book_valuer_per_share_4q_avg": 11.17,
            "equity": 768855,
            "current_ratio": 154.11,
            "debt_ratio": 41.88,
            "inventory_turnover_ratio": 4.52,
            "account_receivable_turnover_ratio": 0.56,
            "reinvestment_rate": 254.76,
            "research_to_sale_ratio": null,
            "price_fair": 31.68,
            "eps_avg_yearly": 0.91,
            "eps_latest_yearly": 0.12,
            "eps_growth_yearly": 35.66
        },
        "20153": {
            "year_quarter": 20153,
            "year": 2015,
            "quarter": 3,
            "eps": 0.16,
            "eps_growth_year": -5.88,
            "eps_4q": 0.55,
            "eps_4q_growth_year": -59.07,
            "roe": 1.45,
            "roe_4q": 4.91,
            "gross_profit": 12824,
            "gross_margin": 5.88,
            "gross_margin_4q_avg": 9.02,
            "net_income": 11328,
            "net_income_4q": null,
            "revenue": 218124,
            "revenue_4q": null,
            "common_shares": 697127,
            "book_valuer_per_share": 11.38,
            "book_valuer_per_share_4q_avg": 11.28,
            "equity": 793187,
            "current_ratio": 148.24,
            "debt_ratio": 42.03,
            "inventory_turnover_ratio": 5.37,
            "account_receivable_turnover_ratio": 0.57,
            "reinvestment_rate": 223.51,
            "research_to_sale_ratio": null,
            "price_fair": 30.28,
            "eps_avg_yearly": 0.87,
            "eps_latest_yearly": 0.64,
            "eps_growth_yearly": 182.32
        },
        "20154": {
            "year_quarter": 20154,
            "year": 2015,
            "quarter": 4,
            "eps": 0.03,
            "eps_growth_year": -90.97,
            "eps_4q": 0.29,
            "eps_4q_growth_year": -79.5,
            "roe": 0.23,
            "roe_4q": 2.58,
            "gross_profit": 5846,
            "gross_margin": 2.91,
            "gross_margin_4q_avg": 7.09,
            "net_income": 1798,
            "net_income_4q": null,
            "revenue": 201192,
            "revenue_4q": null,
            "common_shares": 697127,
            "book_valuer_per_share": 11.23,
            "book_valuer_per_share_4q_avg": 11.25,
            "equity": 783193,
            "current_ratio": 153.45,
            "debt_ratio": 39.78,
            "inventory_turnover_ratio": 5.69,
            "account_receivable_turnover_ratio": 0.51,
            "reinvestment_rate": 89.93,
            "research_to_sale_ratio": null,
            "price_fair": 27.38,
            "eps_avg_yearly": 0.78,
            "eps_latest_yearly": 0.12,
            "eps_growth_yearly": 125.95
        },
        "20161": {
            "year_quarter": 20161,
            "year": 2016,
            "quarter": 1,
            "eps": -0.28,
            "eps_growth_year": -500,
            "eps_4q": -0.07,
            "eps_4q_growth_year": -106.35,
            "roe": -2.55,
            "roe_4q": -0.6199999999999999,
            "gross_profit": -8831,
            "gross_margin": -5.92,
            "gross_margin_4q_avg": 3.2,
            "net_income": -19728,
            "net_income_4q": null,
            "revenue": 149294,
            "revenue_4q": null,
            "common_shares": 697127,
            "book_valuer_per_share": 10.93,
            "book_valuer_per_share_4q_avg": 11.14,
            "equity": 761933,
            "current_ratio": 177.76,
            "debt_ratio": 31.83,
            "inventory_turnover_ratio": 6.42,
            "account_receivable_turnover_ratio": 0.44,
            "reinvestment_rate": 60.31,
            "research_to_sale_ratio": null,
            "price_fair": 27.38,
            "eps_avg_yearly": 0.78,
            "eps_latest_yearly": 0.12,
            "eps_growth_yearly": 125.95
        },
        "20162": {
            "year_quarter": 20162,
            "year": 2016,
            "quarter": 2,
            "eps": -0.22,
            "eps_growth_year": -833.33,
            "eps_4q": -0.32,
            "eps_4q_growth_year": -157.23,
            "roe": -2.17,
            "roe_4q": -3.039999999999999,
            "gross_profit": 15802,
            "gross_margin": 3.58,
            "gross_margin_4q_avg": 1.61,
            "net_income": -17162,
            "net_income_4q": null,
            "revenue": 441452,
            "revenue_4q": null,
            "common_shares": 697127,
            "book_valuer_per_share": 10.18,
            "book_valuer_per_share_4q_avg": 10.93,
            "equity": 820705,
            "current_ratio": 104.32,
            "debt_ratio": 56.91,
            "inventory_turnover_ratio": 4.68,
            "account_receivable_turnover_ratio": 1.13,
            "reinvestment_rate": 560.73,
            "research_to_sale_ratio": null,
            "price_fair": 29.93,
            "eps_avg_yearly": 0.86,
            "eps_latest_yearly": 0.12,
            "eps_growth_yearly": 175.03
        },
        "20163": {
            "year_quarter": 20163,
            "year": 2016,
            "quarter": 3,
            "eps": 0.49,
            "eps_growth_year": 206.25,
            "eps_4q": 0.02,
            "eps_4q_growth_year": -96.37,
            "roe": 2.19,
            "roe_4q": -2.3,
            "gross_profit": 17555,
            "gross_margin": 4.35,
            "gross_margin_4q_avg": 1.23,
            "net_income": 18040,
            "net_income_4q": null,
            "revenue": 403239,
            "revenue_4q": null,
            "common_shares": 697127,
            "book_valuer_per_share": 10.53,
            "book_valuer_per_share_4q_avg": 10.72,
            "equity": 827921,
            "current_ratio": 106.91,
            "debt_ratio": 59.62,
            "inventory_turnover_ratio": 2.25,
            "account_receivable_turnover_ratio": 0.94,
            "reinvestment_rate": 305.18,
            "research_to_sale_ratio": null,
            "price_fair": 29.93,
            "eps_avg_yearly": 0.86,
            "eps_latest_yearly": 0.12,
            "eps_growth_yearly": 175.03
        },
        "20164": {
            "year_quarter": 20164,
            "year": 2016,
            "quarter": 4,
            "eps": 0.9,
            "eps_growth_year": 3377.25,
            "eps_4q": 0.89,
            "eps_4q_growth_year": 207.26,
            "roe": 4.96,
            "roe_4q": 2.4300000000000006,
            "gross_profit": 38395,
            "gross_margin": 8.31,
            "gross_margin_4q_avg": 2.58,
            "net_income": 41680,
            "net_income_4q": null,
            "revenue": 461863,
            "revenue_4q": null,
            "common_shares": 697127,
            "book_valuer_per_share": 11.17,
            "book_valuer_per_share_4q_avg": 10.7,
            "equity": 851074,
            "current_ratio": 106.09,
            "debt_ratio": 56.23,
            "inventory_turnover_ratio": 2.34,
            "account_receivable_turnover_ratio": 1.18,
            "reinvestment_rate": 96.69,
            "research_to_sale_ratio": null,
            "price_fair": 40.6,
            "eps_avg_yearly": 1.16,
            "eps_latest_yearly": 3.6,
            "eps_growth_yearly": 192.77
        },
        "20171": {
            "year_quarter": 20171,
            "year": 2017,
            "quarter": 1,
            "eps": 0.02,
            "eps_growth_year": null,
            "eps_4q": 1.19,
            "eps_4q_growth_year": null,
            "roe": 0.44,
            "roe_4q": 5.42,
            "gross_profit": 39351,
            "gross_margin": 9.13,
            "gross_margin_4q_avg": 6.34,
            "net_income": 3745,
            "net_income_4q": null,
            "revenue": 431109,
            "revenue_4q": null,
            "common_shares": 697127,
            "book_valuer_per_share": 10.98,
            "book_valuer_per_share_4q_avg": 10.72,
            "equity": 840224,
            "current_ratio": 101.79,
            "debt_ratio": 56.05,
            "inventory_turnover_ratio": 2.13,
            "account_receivable_turnover_ratio": 1.11,
            "reinvestment_rate": 109.68,
            "research_to_sale_ratio": null,
            "price_fair": 36.82,
            "eps_avg_yearly": 1.05,
            "eps_latest_yearly": 0.08,
            "eps_growth_yearly": 134.38
        },
        "20172": {
            "year_quarter": 20172,
            "year": 2017,
            "quarter": 2,
            "eps": 0.21,
            "eps_growth_year": null,
            "eps_4q": 1.63,
            "eps_4q_growth_year": null,
            "roe": 3.43,
            "roe_4q": 11.02,
            "gross_profit": 59508,
            "gross_margin": 11.26,
            "gross_margin_4q_avg": 8.26,
            "net_income": 28815,
            "net_income_4q": null,
            "revenue": 528588,
            "revenue_4q": null,
            "common_shares": 697127,
            "book_valuer_per_share": 10.77,
            "book_valuer_per_share_4q_avg": 10.86,
            "equity": 839625,
            "current_ratio": 102.51,
            "debt_ratio": 59.02,
            "inventory_turnover_ratio": 2.44,
            "account_receivable_turnover_ratio": 1.23,
            "reinvestment_rate": 133.48,
            "research_to_sale_ratio": null,
            "price_fair": 36.15,
            "eps_avg_yearly": 1.03,
            "eps_latest_yearly": 0.84,
            "eps_growth_yearly": 467.62
        },
        "20173": {
            "year_quarter": 20173,
            "year": 2017,
            "quarter": 3,
            "eps": 0.15,
            "eps_growth_year": -69.39,
            "eps_4q": 1.28,
            "eps_4q_growth_year": 6316.49,
            "roe": 2.4,
            "roe_4q": 11.23,
            "gross_profit": 47102,
            "gross_margin": 9.02,
            "gross_margin_4q_avg": 9.43,
            "net_income": 20492,
            "net_income_4q": null,
            "revenue": 522035,
            "revenue_4q": null,
            "common_shares": 697127,
            "book_valuer_per_share": 10.98,
            "book_valuer_per_share_4q_avg": 10.98,
            "equity": 864606,
            "current_ratio": 103.3,
            "debt_ratio": 57.18,
            "inventory_turnover_ratio": 2.54,
            "account_receivable_turnover_ratio": 1.04,
            "reinvestment_rate": 137.73,
            "research_to_sale_ratio": null,
            "price_fair": 34.88,
            "eps_avg_yearly": 1,
            "eps_latest_yearly": 0.6,
            "eps_growth_yearly": 419.13
        },
        "20174": {
            "year_quarter": 20174,
            "year": 2017,
            "quarter": 4,
            "eps": 0.1,
            "eps_growth_year": -88.46,
            "eps_4q": 0.49,
            "eps_4q_growth_year": -45.24,
            "roe": 1.07,
            "roe_4q": 7.340000000000001,
            "gross_profit": 36594,
            "gross_margin": 7.91,
            "gross_margin_4q_avg": 9.33,
            "net_income": 9242,
            "net_income_4q": null,
            "revenue": 462852,
            "revenue_4q": null,
            "common_shares": 697127,
            "book_valuer_per_share": 10.95,
            "book_valuer_per_share_4q_avg": 10.92,
            "equity": 865627,
            "current_ratio": 112.39,
            "debt_ratio": 56.43,
            "inventory_turnover_ratio": 2.31,
            "account_receivable_turnover_ratio": 0.94,
            "reinvestment_rate": 130.5,
            "research_to_sale_ratio": null,
            "price_fair": 33.28,
            "eps_avg_yearly": 0.95,
            "eps_latest_yearly": 0.4,
            "eps_growth_yearly": 376.63
        },
        "20181": {
            "year_quarter": 20181,
            "year": 2018,
            "quarter": 1,
            "eps": 0.1,
            "eps_growth_year": 400,
            "eps_4q": 0.56,
            "eps_4q_growth_year": -52.73,
            "roe": 1.74,
            "roe_4q": 8.64,
            "gross_profit": 44978,
            "gross_margin": 9.51,
            "gross_margin_4q_avg": 9.43,
            "net_income": 15266,
            "net_income_4q": null,
            "revenue": 472785,
            "revenue_4q": null,
            "common_shares": 697127,
            "book_valuer_per_share": 11.13,
            "book_valuer_per_share_4q_avg": 10.96,
            "equity": 886380,
            "current_ratio": 124.09,
            "debt_ratio": 56.1,
            "inventory_turnover_ratio": 2.29,
            "account_receivable_turnover_ratio": 1.05,
            "reinvestment_rate": 158.18,
            "research_to_sale_ratio": null,
            "price_fair": 29.62,
            "eps_avg_yearly": 0.85,
            "eps_latest_yearly": 0.4,
            "eps_growth_yearly": 342.93
        },
        "20182": {
            "year_quarter": 20182,
            "year": 2018,
            "quarter": 2,
            "eps": 0.06,
            "eps_growth_year": -71.43,
            "eps_4q": 0.41,
            "eps_4q_growth_year": -74.63,
            "roe": 0.86,
            "roe_4q": 6.07,
            "gross_profit": 21792,
            "gross_margin": 5.24,
            "gross_margin_4q_avg": 7.92,
            "net_income": 8023,
            "net_income_4q": null,
            "revenue": 416246,
            "revenue_4q": null,
            "common_shares": 697127,
            "book_valuer_per_share": 10.91,
            "book_valuer_per_share_4q_avg": 10.99,
            "equity": 970051,
            "current_ratio": 101.89,
            "debt_ratio": 56.84,
            "inventory_turnover_ratio": 2.38,
            "account_receivable_turnover_ratio": 0.97,
            "reinvestment_rate": 357.24,
            "research_to_sale_ratio": null,
            "price_fair": 24.66,
            "eps_avg_yearly": 0.7,
            "eps_latest_yearly": 0.24,
            "eps_growth_yearly": 325.03
        },
        "20183": {
            "year_quarter": 20183,
            "year": 2018,
            "quarter": 3,
            "eps": -0.06,
            "eps_growth_year": -140,
            "eps_4q": 0.2,
            "eps_4q_growth_year": -84.56,
            "roe": -1.96,
            "roe_4q": 1.71,
            "gross_profit": -20622,
            "gross_margin": -5.94,
            "gross_margin_4q_avg": 4.18,
            "net_income": -18740,
            "net_income_4q": null,
            "revenue": 347437,
            "revenue_4q": null,
            "common_shares": 697127,
            "book_valuer_per_share": 10.68,
            "book_valuer_per_share_4q_avg": 10.92,
            "equity": 939922,
            "current_ratio": 112.78,
            "debt_ratio": 58.1,
            "inventory_turnover_ratio": 2.44,
            "account_receivable_turnover_ratio": 0.89,
            "reinvestment_rate": 379.14,
            "research_to_sale_ratio": null,
            "price_fair": 24.73,
            "eps_avg_yearly": 0.71,
            "eps_latest_yearly": 0.24,
            "eps_growth_yearly": 374.55
        },
        "20184": {
            "year_quarter": 20184,
            "year": 2018,
            "quarter": 4,
            "eps": -0.35,
            "eps_growth_year": -438.55,
            "eps_4q": -0.26,
            "eps_4q_growth_year": -152.49,
            "roe": -5.52,
            "roe_4q": -4.879999999999999,
            "gross_profit": -9644,
            "gross_margin": -2.85,
            "gross_margin_4q_avg": 1.49,
            "net_income": -50639,
            "net_income_4q": null,
            "revenue": 338690,
            "revenue_4q": null,
            "common_shares": 697127,
            "book_valuer_per_share": 10.38,
            "book_valuer_per_share_4q_avg": 10.78,
            "equity": 893255,
            "current_ratio": 142.28,
            "debt_ratio": 61.7,
            "inventory_turnover_ratio": 3.22,
            "account_receivable_turnover_ratio": 0.91,
            "reinvestment_rate": 484.27,
            "research_to_sale_ratio": null,
            "price_fair": 23.29,
            "eps_avg_yearly": 0.67,
            "eps_latest_yearly": 0.24,
            "eps_growth_yearly": 382.93
        },
        "20191": {
            "year_quarter": 20191,
            "year": 2019,
            "quarter": 1,
            "eps": -0.21,
            "eps_growth_year": -310,
            "eps_4q": -0.56,
            "eps_4q_growth_year": -199.22,
            "roe": -3.52,
            "roe_4q": -10.14,
            "gross_profit": -24851,
            "gross_margin": -12.73,
            "gross_margin_4q_avg": -4.07,
            "net_income": -31033,
            "net_income_4q": null,
            "revenue": 195193,
            "revenue_4q": null,
            "common_shares": 697127,
            "book_valuer_per_share": 10.29,
            "book_valuer_per_share_4q_avg": 10.57,
            "equity": 870429,
            "current_ratio": 134.52,
            "debt_ratio": 57.87,
            "inventory_turnover_ratio": 3.73,
            "account_receivable_turnover_ratio": 0.61,
            "reinvestment_rate": 595.19,
            "research_to_sale_ratio": null,
            "price_fair": 24.64,
            "eps_avg_yearly": 0.7,
            "eps_latest_yearly": 0.24,
            "eps_growth_yearly": 451.57
        },
        "20192": {
            "year_quarter": 20192,
            "year": 2019,
            "quarter": 2,
            "eps": -0.48,
            "eps_growth_year": -900,
            "eps_4q": -1.1,
            "eps_4q_growth_year": -367.1,
            "roe": -7.29,
            "roe_4q": -18.29,
            "gross_profit": -47077,
            "gross_margin": -31.29,
            "gross_margin_4q_avg": -13.2,
            "net_income": -61080,
            "net_income_4q": null,
            "revenue": 150464,
            "revenue_4q": null,
            "common_shares": 697127,
            "book_valuer_per_share": 9.74,
            "book_valuer_per_share_4q_avg": 10.27,
            "equity": 804648,
            "current_ratio": 97.51,
            "debt_ratio": 61.89,
            "inventory_turnover_ratio": 3.2,
            "account_receivable_turnover_ratio": 0.69,
            "reinvestment_rate": 1069.99,
            "research_to_sale_ratio": null,
            "price_fair": 26.91,
            "eps_avg_yearly": 0.77,
            "eps_latest_yearly": 0.24,
            "eps_growth_yearly": 527.14
        },
        "20193": {
            "year_quarter": 20193,
            "year": 2019,
            "quarter": 3,
            "eps": -0.26,
            "eps_growth_year": null,
            "eps_4q": -1.3,
            "eps_4q_growth_year": -757.87,
            "roe": -5.64,
            "roe_4q": -21.97,
            "gross_profit": -39977,
            "gross_margin": -17.49,
            "gross_margin_4q_avg": -16.09,
            "net_income": -43751,
            "net_income_4q": null,
            "revenue": 228524,
            "revenue_4q": null,
            "common_shares": 697127,
            "book_valuer_per_share": 9.27,
            "book_valuer_per_share_4q_avg": 9.92,
            "equity": 746491,
            "current_ratio": 146.93,
            "debt_ratio": 68.79,
            "inventory_turnover_ratio": 3.62,
            "account_receivable_turnover_ratio": 1.07,
            "reinvestment_rate": 2874.36,
            "research_to_sale_ratio": null,
            "price_fair": 27.48,
            "eps_avg_yearly": 0.79,
            "eps_latest_yearly": 0.24,
            "eps_growth_yearly": 376.37
        },
        "20194": {
            "year_quarter": 20194,
            "year": 2019,
            "quarter": 4,
            "eps": 0.07,
            "eps_growth_year": null,
            "eps_4q": -0.89,
            "eps_4q_growth_year": null,
            "roe": -0.95,
            "roe_4q": -17.4,
            "gross_profit": -33857,
            "gross_margin": -16.06,
            "gross_margin_4q_avg": -19.39,
            "net_income": -7047,
            "net_income_4q": null,
            "revenue": 210846,
            "revenue_4q": null,
            "common_shares": 697127,
            "book_valuer_per_share": 9.25,
            "book_valuer_per_share_4q_avg": 9.64,
            "equity": 731670,
            "current_ratio": 92.5,
            "debt_ratio": 67.46,
            "inventory_turnover_ratio": 2.89,
            "account_receivable_turnover_ratio": 0.86,
            "reinvestment_rate": 3853.78,
            "research_to_sale_ratio": null,
            "price_fair": 30.8,
            "eps_avg_yearly": 0.88,
            "eps_latest_yearly": 0.24,
            "eps_growth_yearly": 476.57
        },
        "20201": {
            "year_quarter": 20201,
            "year": 2020,
            "quarter": 1,
            "eps": -0.32,
            "eps_growth_year": null,
            "eps_4q": -1,
            "eps_4q_growth_year": null,
            "roe": -6.61,
            "roe_4q": -20.49,
            "gross_profit": -38086,
            "gross_margin": -16.47,
            "gross_margin_4q_avg": -20.33,
            "net_income": -46688,
            "net_income_4q": null,
            "revenue": 231180,
            "revenue_4q": null,
            "common_shares": 697127,
            "book_valuer_per_share": 8.86,
            "book_valuer_per_share_4q_avg": 9.28,
            "equity": 680315,
            "current_ratio": 84.03,
            "debt_ratio": 67.8,
            "inventory_turnover_ratio": 2.43,
            "account_receivable_turnover_ratio": 0.89,
            "reinvestment_rate": 4831.12,
            "research_to_sale_ratio": null,
            "price_fair": 30.8,
            "eps_avg_yearly": 0.88,
            "eps_latest_yearly": 0.24,
            "eps_growth_yearly": 476.57
        },
        "20202": {
            "year_quarter": 20202,
            "year": 2020,
            "quarter": 2,
            "eps": 0.06,
            "eps_growth_year": null,
            "eps_4q": -0.46,
            "eps_4q_growth_year": null,
            "roe": -1.26,
            "roe_4q": -14.46,
            "gross_profit": -16406,
            "gross_margin": -4.73,
            "gross_margin_4q_avg": -13.69,
            "net_income": -8476,
            "net_income_4q": null,
            "revenue": 346805,
            "revenue_4q": null,
            "common_shares": 697127,
            "book_valuer_per_share": 8.83,
            "book_valuer_per_share_4q_avg": 9.05,
            "equity": 665656,
            "current_ratio": 84.88,
            "debt_ratio": 70.35,
            "inventory_turnover_ratio": 2.99,
            "account_receivable_turnover_ratio": 0.97,
            "reinvestment_rate": 737.23,
            "research_to_sale_ratio": null,
            "price_fair": 30.8,
            "eps_avg_yearly": 0.88,
            "eps_latest_yearly": 0.24,
            "eps_growth_yearly": 476.57
        },
        "20203": {
            "year_quarter": 20203,
            "year": 2020,
            "quarter": 3,
            "eps": 0.04,
            "eps_growth_year": null,
            "eps_4q": -0.16,
            "eps_4q_growth_year": null,
            "roe": -1.76,
            "roe_4q": -10.58,
            "gross_profit": -14897,
            "gross_margin": -4.78,
            "gross_margin_4q_avg": -10.51,
            "net_income": -11692,
            "net_income_4q": null,
            "revenue": 311703,
            "revenue_4q": null,
            "common_shares": 697127,
            "book_valuer_per_share": 8.97,
            "book_valuer_per_share_4q_avg": 8.98,
            "equity": 661668,
            "current_ratio": 78.96,
            "debt_ratio": 70.05,
            "inventory_turnover_ratio": 2.65,
            "account_receivable_turnover_ratio": 0.71,
            "reinvestment_rate": 28451.45,
            "research_to_sale_ratio": null,
            "price_fair": 27.65,
            "eps_avg_yearly": 0.79,
            "eps_latest_yearly": 0.16,
            "eps_growth_yearly": 400.33
        },
        "20204": {
            "year_quarter": 20204,
            "year": 2020,
            "quarter": 4,
            "eps": 0.41,
            "eps_growth_year": 525.74,
            "eps_4q": 0.18,
            "eps_4q_growth_year": null,
            "roe": 5.59,
            "roe_4q": -4.04,
            "gross_profit": 31464,
            "gross_margin": 8.6,
            "gross_margin_4q_avg": -4.35,
            "net_income": 38314,
            "net_income_4q": null,
            "revenue": 366023,
            "revenue_4q": null,
            "common_shares": 697127,
            "book_valuer_per_share": 9.53,
            "book_valuer_per_share_4q_avg": 9.05,
            "equity": 709477,
            "current_ratio": 75.26,
            "debt_ratio": 64.56,
            "inventory_turnover_ratio": 2.67,
            "account_receivable_turnover_ratio": 0.98,
            "reinvestment_rate": null,
            "research_to_sale_ratio": null,
            "price_fair": 19.08,
            "eps_avg_yearly": 0.55,
            "eps_latest_yearly": 1.64,
            "eps_growth_yearly": 820.99
        },
        "20211": {
            "year_quarter": 20211,
            "year": 2021,
            "quarter": 1,
            "eps": 0.1,
            "eps_growth_year": null,
            "eps_4q": 0.61,
            "eps_4q_growth_year": null,
            "roe": 0.44,
            "roe_4q": 3.0100000000000007,
            "gross_profit": 2528,
            "gross_margin": 0.78,
            "gross_margin_4q_avg": -0.03,
            "net_income": 3096,
            "net_income_4q": null,
            "revenue": 325503,
            "revenue_4q": null,
            "common_shares": 697127,
            "book_valuer_per_share": 9.58,
            "book_valuer_per_share_4q_avg": 9.23,
            "equity": 708938,
            "current_ratio": 74.3,
            "debt_ratio": 62.13,
            "inventory_turnover_ratio": 2.39,
            "account_receivable_turnover_ratio": 1.19,
            "reinvestment_rate": null,
            "research_to_sale_ratio": null,
            "price_fair": 20.48,
            "eps_avg_yearly": 0.59,
            "eps_latest_yearly": 0.4,
            "eps_growth_yearly": 832.08
        },
        "20212": {
            "year_quarter": 20212,
            "year": 2021,
            "quarter": 2,
            "eps": 0.35,
            "eps_growth_year": 483.33,
            "eps_4q": 0.9,
            "eps_4q_growth_year": null,
            "roe": 3.5,
            "roe_4q": 7.77,
            "gross_profit": 23956,
            "gross_margin": 6.1,
            "gross_margin_4q_avg": 2.68,
            "net_income": 25303,
            "net_income_4q": null,
            "revenue": 392798,
            "revenue_4q": null,
            "common_shares": 697127,
            "book_valuer_per_share": 9.95,
            "book_valuer_per_share_4q_avg": 9.51,
            "equity": 735449,
            "current_ratio": 76.41,
            "debt_ratio": 63.65,
            "inventory_turnover_ratio": 2.04,
            "account_receivable_turnover_ratio": 1.51,
            "reinvestment_rate": null,
            "research_to_sale_ratio": null,
            "price_fair": 22.93,
            "eps_avg_yearly": 0.66,
            "eps_latest_yearly": 1.4,
            "eps_growth_yearly": 482.08
        },
        "20213": {
            "year_quarter": 20213,
            "year": 2021,
            "quarter": 3,
            "eps": 0.36,
            "eps_growth_year": 800,
            "eps_4q": 1.22,
            "eps_4q_growth_year": null,
            "roe": 3.66,
            "roe_4q": 13.190000000000001,
            "gross_profit": 33783,
            "gross_margin": 7.27,
            "gross_margin_4q_avg": 5.69,
            "net_income": 28964,
            "net_income_4q": null,
            "revenue": 464827,
            "revenue_4q": null,
            "common_shares": 697127,
            "book_valuer_per_share": 10.3,
            "book_valuer_per_share_4q_avg": 9.84,
            "equity": 848804,
            "current_ratio": 74.55,
            "debt_ratio": 55.94,
            "inventory_turnover_ratio": 1.99,
            "account_receivable_turnover_ratio": 1.37,
            "reinvestment_rate": null,
            "research_to_sale_ratio": null,
            "price_fair": 26.6,
            "eps_avg_yearly": 0.76,
            "eps_latest_yearly": 1.44,
            "eps_growth_yearly": 497.79
        },
        "20214": {
            "year_quarter": 20214,
            "year": 2021,
            "quarter": 4,
            "eps": 0.37,
            "eps_growth_year": -11.05,
            "eps_4q": 1.18,
            "eps_4q_growth_year": 539.96,
            "roe": 3.89,
            "roe_4q": 11.49,
            "gross_profit": 43532,
            "gross_margin": 9.9,
            "gross_margin_4q_avg": 6.01,
            "net_income": 33813,
            "net_income_4q": null,
            "revenue": 439508,
            "revenue_4q": null,
            "common_shares": 697127,
            "book_valuer_per_share": 10.75,
            "book_valuer_per_share_4q_avg": 10.15,
            "equity": 890102,
            "current_ratio": 78.67,
            "debt_ratio": 53.6,
            "inventory_turnover_ratio": 1.92,
            "account_receivable_turnover_ratio": 1.1,
            "reinvestment_rate": 1758.54,
            "research_to_sale_ratio": null,
            "price_fair": 31.33,
            "eps_avg_yearly": 0.9,
            "eps_latest_yearly": 1.48,
            "eps_growth_yearly": 515.85
        },
        "20221": {
            "year_quarter": 20221,
            "year": 2022,
            "quarter": 1,
            "eps": 0.42,
            "eps_growth_year": 320,
            "eps_4q": 1.49,
            "eps_4q_growth_year": 145.93,
            "roe": 4.48,
            "roe_4q": 15.530000000000001,
            "gross_profit": 51348,
            "gross_margin": 11.13,
            "gross_margin_4q_avg": 8.6,
            "net_income": 41275,
            "net_income_4q": null,
            "revenue": 461176,
            "revenue_4q": null,
            "common_shares": 697127,
            "book_valuer_per_share": 11.46,
            "book_valuer_per_share_4q_avg": 10.62,
            "equity": 951742,
            "current_ratio": 89.47,
            "debt_ratio": 50.52,
            "inventory_turnover_ratio": 2.27,
            "account_receivable_turnover_ratio": 1.16,
            "reinvestment_rate": 720,
            "research_to_sale_ratio": null,
            "price_fair": 36.93,
            "eps_avg_yearly": 1.06,
            "eps_latest_yearly": 1.68,
            "eps_growth_yearly": 522.6
        },
        "20222": {
            "year_quarter": 20222,
            "year": 2022,
            "quarter": 2,
            "eps": 0.28,
            "eps_growth_year": -20,
            "eps_4q": 1.43,
            "eps_4q_growth_year": 58.8,
            "roe": 2.99,
            "roe_4q": 15.020000000000001,
            "gross_profit": 47608,
            "gross_margin": 9.95,
            "gross_margin_4q_avg": 9.56,
            "net_income": 28295,
            "net_income_4q": null,
            "revenue": 478296,
            "revenue_4q": null,
            "common_shares": 697127,
            "book_valuer_per_share": 11.21,
            "book_valuer_per_share_4q_avg": 10.93,
            "equity": 942469,
            "current_ratio": 78.84,
            "debt_ratio": 48.31,
            "inventory_turnover_ratio": 2.83,
            "account_receivable_turnover_ratio": 1.19,
            "reinvestment_rate": -87.85,
            "research_to_sale_ratio": null,
            "price_fair": 40.78,
            "eps_avg_yearly": 1.17,
            "eps_latest_yearly": 1.12,
            "eps_growth_yearly": 525.94
        },
        "20223": {
            "year_quarter": 20223,
            "year": 2022,
            "quarter": 3,
            "eps": 0.04,
            "eps_growth_year": -88.89,
            "eps_4q": 1.11,
            "eps_4q_growth_year": -9.45,
            "roe": -0.37,
            "roe_4q": 10.99,
            "gross_profit": -7319,
            "gross_margin": -3.94,
            "gross_margin_4q_avg": 6.76,
            "net_income": -3497,
            "net_income_4q": null,
            "revenue": 185845,
            "revenue_4q": null,
            "common_shares": 697127,
            "book_valuer_per_share": 11.31,
            "book_valuer_per_share_4q_avg": 11.18,
            "equity": 942940,
            "current_ratio": 85.31,
            "debt_ratio": 44.01,
            "inventory_turnover_ratio": 2.04,
            "account_receivable_turnover_ratio": 0.7,
            "reinvestment_rate": -48.12,
            "research_to_sale_ratio": null,
            "price_fair": 36.87,
            "eps_avg_yearly": 1.05,
            "eps_latest_yearly": 0.16,
            "eps_growth_yearly": 429.4
        },
        "20224": {
            "year_quarter": 20224,
            "year": 2022,
            "quarter": 4,
            "eps": 0.12,
            "eps_growth_year": -66.28,
            "eps_4q": 0.87,
            "eps_4q_growth_year": -26.51,
            "roe": 0.56,
            "roe_4q": 7.66,
            "gross_profit": 12749,
            "gross_margin": 6.17,
            "gross_margin_4q_avg": 5.83,
            "net_income": 5285,
            "net_income_4q": null,
            "revenue": 206597,
            "revenue_4q": null,
            "common_shares": 697127,
            "book_valuer_per_share": 11.35,
            "book_valuer_per_share_4q_avg": 11.33,
            "equity": 944596,
            "current_ratio": 85.51,
            "debt_ratio": 42.84,
            "inventory_turnover_ratio": 2.32,
            "account_receivable_turnover_ratio": 1.2,
            "reinvestment_rate": 12.35,
            "research_to_sale_ratio": null,
            "price_fair": 34.86,
            "eps_avg_yearly": 1,
            "eps_latest_yearly": 0.48,
            "eps_growth_yearly": 466.46
        },
        "20231": {
            "year_quarter": 20231,
            "year": 2023,
            "quarter": 1,
            "eps": 0.08,
            "eps_growth_year": -80.95,
            "eps_4q": 0.53,
            "eps_4q_growth_year": -64.74,
            "roe": -0.01,
            "roe_4q": 3.1700000000000004,
            "gross_profit": 4020,
            "gross_margin": 1.6,
            "gross_margin_4q_avg": 3.45,
            "net_income": -57,
            "net_income_4q": null,
            "revenue": 251428,
            "revenue_4q": null,
            "common_shares": 697127,
            "book_valuer_per_share": 11.47,
            "book_valuer_per_share_4q_avg": 11.34,
            "equity": 947674,
            "current_ratio": 87.62,
            "debt_ratio": 44.32,
            "inventory_turnover_ratio": 2.15,
            "account_receivable_turnover_ratio": 1.09,
            "reinvestment_rate": 21.18,
            "research_to_sale_ratio": null,
            "price_fair": 32.71,
            "eps_avg_yearly": 0.93,
            "eps_latest_yearly": 0.32,
            "eps_growth_yearly": 411.94
        },
        "20232": {
            "year_quarter": 20232,
            "year": 2023,
            "quarter": 2,
            "eps": 0.12,
            "eps_growth_year": -57.14,
            "eps_4q": 0.37,
            "eps_4q_growth_year": -74.33,
            "roe": 0.35,
            "roe_4q": 0.53,
            "gross_profit": 462,
            "gross_margin": 0.2,
            "gross_margin_4q_avg": 1.01,
            "net_income": 3253,
            "net_income_4q": null,
            "revenue": 235022,
            "revenue_4q": null,
            "common_shares": 697127,
            "book_valuer_per_share": 10.8,
            "book_valuer_per_share_4q_avg": 11.23,
            "equity": 895145,
            "current_ratio": 80.52,
            "debt_ratio": 43.37,
            "inventory_turnover_ratio": 1.92,
            "account_receivable_turnover_ratio": 1.07,
            "reinvestment_rate": 4.67,
            "research_to_sale_ratio": null,
            "price_fair": 31.38,
            "eps_avg_yearly": 0.9,
            "eps_latest_yearly": 0.48,
            "eps_growth_yearly": 394.27
        },
        "20233": {
            "year_quarter": 20233,
            "year": 2023,
            "quarter": 3,
            "eps": 0.3,
            "eps_growth_year": 650,
            "eps_4q": 0.62,
            "eps_4q_growth_year": -44.27,
            "roe": 2.2,
            "roe_4q": 3.1000000000000005,
            "gross_profit": 18490,
            "gross_margin": 5.12,
            "gross_margin_4q_avg": 3.27,
            "net_income": 20101,
            "net_income_4q": null,
            "revenue": 360868,
            "revenue_4q": null,
            "common_shares": 697127,
            "book_valuer_per_share": 11.36,
            "book_valuer_per_share_4q_avg": 11.25,
            "equity": 933788,
            "current_ratio": 83.95,
            "debt_ratio": 44.98,
            "inventory_turnover_ratio": 2.56,
            "account_receivable_turnover_ratio": 1.33,
            "reinvestment_rate": 20.74,
            "research_to_sale_ratio": null,
            "price_fair": 32.2,
            "eps_avg_yearly": 0.92,
            "eps_latest_yearly": 1.2,
            "eps_growth_yearly": 410.1
        }
    },
    "months": {
        "2003-12": {
            "month": "2003-12",
            "price": "42.40",
            "revenue": 95852
        },
        "2004-01": {
            "month": "2004-01",
            "price": "46.71",
            "revenue": 60794
        },
        "2004-02": {
            "month": "2004-02",
            "price": "52.42",
            "revenue": 63433
        },
        "2004-03": {
            "month": "2004-03",
            "price": "57.85",
            "revenue": 58752
        },
        "2004-04": {
            "month": "2004-04",
            "price": "66.77",
            "revenue": 72352
        },
        "2004-05": {
            "month": "2004-05",
            "price": "60.43",
            "revenue": 74677
        },
        "2004-06": {
            "month": "2004-06",
            "price": "59.81",
            "revenue": 85303
        },
        "2004-07": {
            "month": "2004-07",
            "price": "56.15",
            "revenue": 74416
        },
        "2004-08": {
            "month": "2004-08",
            "price": "39.57",
            "revenue": 72658
        },
        "2004-09": {
            "month": "2004-09",
            "price": "42.31",
            "revenue": 91888
        },
        "2004-10": {
            "month": "2004-10",
            "price": "40.88",
            "revenue": 104903
        },
        "2004-11": {
            "month": "2004-11",
            "price": "39.20",
            "revenue": 93036
        },
        "2004-12": {
            "month": "2004-12",
            "price": "39.03",
            "revenue": 93552
        },
        "2005-01": {
            "month": "2005-01",
            "price": "29.01",
            "revenue": 78959
        },
        "2005-02": {
            "month": "2005-02",
            "price": "30.88",
            "revenue": 65486
        },
        "2005-03": {
            "month": "2005-03",
            "price": "34.77",
            "revenue": 74364
        },
        "2005-04": {
            "month": "2005-04",
            "price": "29.25",
            "revenue": 54628
        },
        "2005-05": {
            "month": "2005-05",
            "price": "21.92",
            "revenue": 61675
        },
        "2005-06": {
            "month": "2005-06",
            "price": "22.71",
            "revenue": 73208
        },
        "2005-07": {
            "month": "2005-07",
            "price": "23.32",
            "revenue": 86040
        },
        "2005-08": {
            "month": "2005-08",
            "price": "20.37",
            "revenue": 117568
        },
        "2005-09": {
            "month": "2005-09",
            "price": "18.15",
            "revenue": 122817
        },
        "2005-10": {
            "month": "2005-10",
            "price": "16.50",
            "revenue": 128058
        },
        "2005-11": {
            "month": "2005-11",
            "price": "12.59",
            "revenue": 120712
        },
        "2005-12": {
            "month": "2005-12",
            "price": "14.82",
            "revenue": 123553
        },
        "2006-01": {
            "month": "2006-01",
            "price": "13.89",
            "revenue": 94057
        },
        "2006-02": {
            "month": "2006-02",
            "price": "13.85",
            "revenue": 98319
        },
        "2006-03": {
            "month": "2006-03",
            "price": "14.89",
            "revenue": 113611
        },
        "2006-04": {
            "month": "2006-04",
            "price": "17.69",
            "revenue": 97819
        },
        "2006-05": {
            "month": "2006-05",
            "price": "16.95",
            "revenue": 88460
        },
        "2006-06": {
            "month": "2006-06",
            "price": "10.99",
            "revenue": 60688
        },
        "2006-07": {
            "month": "2006-07",
            "price": "9.71",
            "revenue": 77552
        },
        "2006-08": {
            "month": "2006-08",
            "price": "7.63",
            "revenue": 95503
        },
        "2006-09": {
            "month": "2006-09",
            "price": "6.52",
            "revenue": 108356
        },
        "2006-10": {
            "month": "2006-10",
            "price": "7.96",
            "revenue": 115246
        },
        "2006-11": {
            "month": "2006-11",
            "price": "9.73",
            "revenue": 104868
        },
        "2006-12": {
            "month": "2006-12",
            "price": "13.41",
            "revenue": 55744
        },
        "2007-01": {
            "month": "2007-01",
            "price": "12.67",
            "revenue": 66188
        },
        "2007-02": {
            "month": "2007-02",
            "price": "12.24",
            "revenue": 52456
        },
        "2007-03": {
            "month": "2007-03",
            "price": "12.43",
            "revenue": 81513
        },
        "2007-04": {
            "month": "2007-04",
            "price": "13.36",
            "revenue": 72712
        },
        "2007-05": {
            "month": "2007-05",
            "price": "12.97",
            "revenue": 93663
        },
        "2007-06": {
            "month": "2007-06",
            "price": "15.27",
            "revenue": 70387
        },
        "2007-07": {
            "month": "2007-07",
            "price": "18.13",
            "revenue": 104879
        },
        "2007-08": {
            "month": "2007-08",
            "price": "19.87",
            "revenue": 121141
        },
        "2007-09": {
            "month": "2007-09",
            "price": "20.65",
            "revenue": 131061
        },
        "2007-10": {
            "month": "2007-10",
            "price": "24.59",
            "revenue": 117101
        },
        "2007-11": {
            "month": "2007-11",
            "price": "23.14",
            "revenue": 89768
        },
        "2007-12": {
            "month": "2007-12",
            "price": "22.23",
            "revenue": 82964
        },
        "2008-01": {
            "month": "2008-01",
            "price": "21.15",
            "revenue": 92603
        },
        "2008-02": {
            "month": "2008-02",
            "price": "20.12",
            "revenue": 83338
        },
        "2008-03": {
            "month": "2008-03",
            "price": "22.31",
            "revenue": 117035
        },
        "2008-04": {
            "month": "2008-04",
            "price": "22.57",
            "revenue": 60199
        },
        "2008-05": {
            "month": "2008-05",
            "price": "18.55",
            "revenue": 59134
        },
        "2008-06": {
            "month": "2008-06",
            "price": "13.36",
            "revenue": 61675
        },
        "2008-07": {
            "month": "2008-07",
            "price": "11.70",
            "revenue": 84400
        },
        "2008-08": {
            "month": "2008-08",
            "price": "10.52",
            "revenue": 112505
        },
        "2008-09": {
            "month": "2008-09",
            "price": "8.74",
            "revenue": 120104
        },
        "2008-10": {
            "month": "2008-10",
            "price": "7.48",
            "revenue": 92563
        },
        "2008-11": {
            "month": "2008-11",
            "price": "3.95",
            "revenue": 12618
        },
        "2008-12": {
            "month": "2008-12",
            "price": "3.02",
            "revenue": 8988
        },
        "2009-01": {
            "month": "2009-01",
            "price": "2.80",
            "revenue": 15441
        },
        "2009-02": {
            "month": "2009-02",
            "price": "3.01",
            "revenue": 29947
        },
        "2009-03": {
            "month": "2009-03",
            "price": "4.04",
            "revenue": 43695
        },
        "2009-04": {
            "month": "2009-04",
            "price": "4.90",
            "revenue": 61335
        },
        "2009-05": {
            "month": "2009-05",
            "price": "4.75",
            "revenue": 68577
        },
        "2009-06": {
            "month": "2009-06",
            "price": "4.84",
            "revenue": 97206
        },
        "2009-07": {
            "month": "2009-07",
            "price": "5.44",
            "revenue": 69670
        },
        "2009-08": {
            "month": "2009-08",
            "price": "6.14",
            "revenue": 69230
        },
        "2009-09": {
            "month": "2009-09",
            "price": "6.03",
            "revenue": 74491
        },
        "2009-10": {
            "month": "2009-10",
            "price": "6.95",
            "revenue": 81564
        },
        "2009-11": {
            "month": "2009-11",
            "price": "6.97",
            "revenue": 70089
        },
        "2009-12": {
            "month": "2009-12",
            "price": "7.91",
            "revenue": 76381
        },
        "2010-01": {
            "month": "2010-01",
            "price": "9.83",
            "revenue": 78028
        },
        "2010-02": {
            "month": "2010-02",
            "price": "9.40",
            "revenue": 50813
        },
        "2010-03": {
            "month": "2010-03",
            "price": "9.45",
            "revenue": 79713
        },
        "2010-04": {
            "month": "2010-04",
            "price": "10.73",
            "revenue": 100862
        },
        "2010-05": {
            "month": "2010-05",
            "price": "9.83",
            "revenue": 103183
        },
        "2010-06": {
            "month": "2010-06",
            "price": "9.57",
            "revenue": 90991
        },
        "2010-07": {
            "month": "2010-07",
            "price": "10.24",
            "revenue": 84735
        },
        "2010-08": {
            "month": "2010-08",
            "price": "13.29",
            "revenue": 56496
        },
        "2010-09": {
            "month": "2010-09",
            "price": "13.04",
            "revenue": 73605
        },
        "2010-10": {
            "month": "2010-10",
            "price": "12.57",
            "revenue": 62933
        },
        "2010-11": {
            "month": "2010-11",
            "price": "11.54",
            "revenue": 70101
        },
        "2010-12": {
            "month": "2010-12",
            "price": "12.18",
            "revenue": 66764
        },
        "2011-01": {
            "month": "2011-01",
            "price": "12.87",
            "revenue": 61114
        },
        "2011-02": {
            "month": "2011-02",
            "price": "12.30",
            "revenue": 49607
        },
        "2011-03": {
            "month": "2011-03",
            "price": "12.92",
            "revenue": 62328
        },
        "2011-04": {
            "month": "2011-04",
            "price": "14.89",
            "revenue": 55388
        },
        "2011-05": {
            "month": "2011-05",
            "price": "15.02",
            "revenue": 79842
        },
        "2011-06": {
            "month": "2011-06",
            "price": "14.87",
            "revenue": 54714
        },
        "2011-07": {
            "month": "2011-07",
            "price": "14.45",
            "revenue": 74125
        },
        "2011-08": {
            "month": "2011-08",
            "price": "13.14",
            "revenue": 85271
        },
        "2011-09": {
            "month": "2011-09",
            "price": "12.83",
            "revenue": 79958
        },
        "2011-10": {
            "month": "2011-10",
            "price": "12.95",
            "revenue": 73405
        },
        "2011-11": {
            "month": "2011-11",
            "price": "12.68",
            "revenue": 66419
        },
        "2011-12": {
            "month": "2011-12",
            "price": "10.39",
            "revenue": 50095
        },
        "2012-01": {
            "month": "2012-01",
            "price": "10.84",
            "revenue": 42526
        },
        "2012-02": {
            "month": "2012-02",
            "price": "13.86",
            "revenue": 67307
        },
        "2012-03": {
            "month": "2012-03",
            "price": "13.35",
            "revenue": 84100
        },
        "2012-04": {
            "month": "2012-04",
            "price": "12.29",
            "revenue": 69828
        },
        "2012-05": {
            "month": "2012-05",
            "price": "12.42",
            "revenue": 72280
        },
        "2012-06": {
            "month": "2012-06",
            "price": "10.94",
            "revenue": 42035
        },
        "2012-07": {
            "month": "2012-07",
            "price": "10.11",
            "revenue": 51734
        },
        "2012-08": {
            "month": "2012-08",
            "price": "10.82",
            "revenue": 56623
        },
        "2012-09": {
            "month": "2012-09",
            "price": "11.70",
            "revenue": 47519
        },
        "2012-10": {
            "month": "2012-10",
            "price": "12.48",
            "revenue": 82921
        },
        "2012-11": {
            "month": "2012-11",
            "price": "12.18",
            "revenue": 65594
        },
        "2012-12": {
            "month": "2012-12",
            "price": "12.11",
            "revenue": 58268
        },
        "2013-01": {
            "month": "2013-01",
            "price": "11.40",
            "revenue": 69063
        },
        "2013-02": {
            "month": "2013-02",
            "price": "10.87",
            "revenue": 41800
        },
        "2013-03": {
            "month": "2013-03",
            "price": "11.04",
            "revenue": 72600
        },
        "2013-04": {
            "month": "2013-04",
            "price": "10.72",
            "revenue": 71618
        },
        "2013-05": {
            "month": "2013-05",
            "price": "10.82",
            "revenue": 68366
        },
        "2013-06": {
            "month": "2013-06",
            "price": "10.16",
            "revenue": 67253
        },
        "2013-07": {
            "month": "2013-07",
            "price": "9.64",
            "revenue": 87817
        },
        "2013-08": {
            "month": "2013-08",
            "price": "9.88",
            "revenue": 83432
        },
        "2013-09": {
            "month": "2013-09",
            "price": "10.09",
            "revenue": 62929
        },
        "2013-10": {
            "month": "2013-10",
            "price": "9.96",
            "revenue": 67685
        },
        "2013-11": {
            "month": "2013-11",
            "price": "9.66",
            "revenue": 70788
        },
        "2013-12": {
            "month": "2013-12",
            "price": "9.17",
            "revenue": 64941
        },
        "2014-01": {
            "month": "2014-01",
            "price": "9.58",
            "revenue": 68917
        },
        "2014-02": {
            "month": "2014-02",
            "price": "10.43",
            "revenue": 79939
        },
        "2014-03": {
            "month": "2014-03",
            "price": "11.05",
            "revenue": 95384
        },
        "2014-04": {
            "month": "2014-04",
            "price": "14.13",
            "revenue": 95312
        },
        "2014-05": {
            "month": "2014-05",
            "price": "17.46",
            "revenue": 98900
        },
        "2014-06": {
            "month": "2014-06",
            "price": "22.86",
            "revenue": 76551
        },
        "2014-07": {
            "month": "2014-07",
            "price": "21.85",
            "revenue": 64087
        },
        "2014-08": {
            "month": "2014-08",
            "price": "20.03",
            "revenue": 69854
        },
        "2014-09": {
            "month": "2014-09",
            "price": "20.38",
            "revenue": 68314
        },
        "2014-10": {
            "month": "2014-10",
            "price": "17.63",
            "revenue": 73278
        },
        "2014-11": {
            "month": "2014-11",
            "price": "15.46",
            "revenue": 79989
        },
        "2014-12": {
            "month": "2014-12",
            "price": "15.32",
            "revenue": 79383
        },
        "2015-01": {
            "month": "2015-01",
            "price": "15.78",
            "revenue": 79835
        },
        "2015-02": {
            "month": "2015-02",
            "price": "14.98",
            "revenue": 52585
        },
        "2015-03": {
            "month": "2015-03",
            "price": "14.44",
            "revenue": 68891
        },
        "2015-04": {
            "month": "2015-04",
            "price": "13.47",
            "revenue": 76242
        },
        "2015-05": {
            "month": "2015-05",
            "price": "12.98",
            "revenue": 81568
        },
        "2015-06": {
            "month": "2015-06",
            "price": "12.32",
            "revenue": 51751
        },
        "2015-07": {
            "month": "2015-07",
            "price": "10.48",
            "revenue": 70821
        },
        "2015-08": {
            "month": "2015-08",
            "price": "9.07",
            "revenue": 65621
        },
        "2015-09": {
            "month": "2015-09",
            "price": "9.06",
            "revenue": 81683
        },
        "2015-10": {
            "month": "2015-10",
            "price": "9.85",
            "revenue": 75279
        },
        "2015-11": {
            "month": "2015-11",
            "price": "9.46",
            "revenue": 64567
        },
        "2015-12": {
            "month": "2015-12",
            "price": "8.78",
            "revenue": 61346
        },
        "2016-01": {
            "month": "2016-01",
            "price": "8.01",
            "revenue": 64565
        },
        "2016-02": {
            "month": "2016-02",
            "price": "7.92",
            "revenue": 38116
        },
        "2016-03": {
            "month": "2016-03",
            "price": "9.11",
            "revenue": 46613
        },
        "2016-04": {
            "month": "2016-04",
            "price": "9.08",
            "revenue": 55343
        },
        "2016-05": {
            "month": "2016-05",
            "price": "8.58",
            "revenue": 50510
        },
        "2016-06": {
            "month": "2016-06",
            "price": "9.85",
            "revenue": 130649
        },
        "2016-07": {
            "month": "2016-07",
            "price": "14.44",
            "revenue": 150435
        },
        "2016-08": {
            "month": "2016-08",
            "price": "16.09",
            "revenue": 127661
        },
        "2016-09": {
            "month": "2016-09",
            "price": "16.69",
            "revenue": 125144
        },
        "2016-10": {
            "month": "2016-10",
            "price": "15.50",
            "revenue": 143796
        },
        "2016-11": {
            "month": "2016-11",
            "price": "11.87",
            "revenue": 154740
        },
        "2016-12": {
            "month": "2016-12",
            "price": "11.84",
            "revenue": 163326
        },
        "2017-01": {
            "month": "2017-01",
            "price": "11.77",
            "revenue": 145689
        },
        "2017-02": {
            "month": "2017-02",
            "price": "12.93",
            "revenue": 149669
        },
        "2017-03": {
            "month": "2017-03",
            "price": "14.57",
            "revenue": 135751
        },
        "2017-04": {
            "month": "2017-04",
            "price": "13.92",
            "revenue": 164103
        },
        "2017-05": {
            "month": "2017-05",
            "price": "13.98",
            "revenue": 175308
        },
        "2017-06": {
            "month": "2017-06",
            "price": "14.07",
            "revenue": 189176
        },
        "2017-07": {
            "month": "2017-07",
            "price": "15.36",
            "revenue": 167567
        },
        "2017-08": {
            "month": "2017-08",
            "price": "14.33",
            "revenue": 199256
        },
        "2017-09": {
            "month": "2017-09",
            "price": "15.36",
            "revenue": 155212
        },
        "2017-10": {
            "month": "2017-10",
            "price": "15.28",
            "revenue": 144744
        },
        "2017-11": {
            "month": "2017-11",
            "price": "14.73",
            "revenue": 154830
        },
        "2017-12": {
            "month": "2017-12",
            "price": "15.05",
            "revenue": 163279
        },
        "2018-01": {
            "month": "2018-01",
            "price": "15.04",
            "revenue": 188863
        },
        "2018-02": {
            "month": "2018-02",
            "price": "14.68",
            "revenue": 129106
        },
        "2018-03": {
            "month": "2018-03",
            "price": "14.60",
            "revenue": 154816
        },
        "2018-04": {
            "month": "2018-04",
            "price": "14.22",
            "revenue": 140404
        },
        "2018-05": {
            "month": "2018-05",
            "price": "14.12",
            "revenue": 151283
        },
        "2018-06": {
            "month": "2018-06",
            "price": "13.90",
            "revenue": 124558
        },
        "2018-07": {
            "month": "2018-07",
            "price": "13.14",
            "revenue": 117903
        },
        "2018-08": {
            "month": "2018-08",
            "price": "12.50",
            "revenue": 116064
        },
        "2018-09": {
            "month": "2018-09",
            "price": "12.08",
            "revenue": 113470
        },
        "2018-10": {
            "month": "2018-10",
            "price": "12.00",
            "revenue": 153202
        },
        "2018-11": {
            "month": "2018-11",
            "price": "12.17",
            "revenue": 100629
        },
        "2018-12": {
            "month": "2018-12",
            "price": "11.92",
            "revenue": 84859
        },
        "2019-01": {
            "month": "2019-01",
            "price": "10.40",
            "revenue": 61712
        },
        "2019-02": {
            "month": "2019-02",
            "price": "10.15",
            "revenue": 56602
        },
        "2019-03": {
            "month": "2019-03",
            "price": "10.08",
            "revenue": 76880
        },
        "2019-04": {
            "month": "2019-04",
            "price": "10.09",
            "revenue": 73659
        },
        "2019-05": {
            "month": "2019-05",
            "price": "9.97",
            "revenue": 32472
        },
        "2019-06": {
            "month": "2019-06",
            "price": "9.53",
            "revenue": 44332
        },
        "2019-07": {
            "month": "2019-07",
            "price": "9.40",
            "revenue": 71524
        },
        "2019-08": {
            "month": "2019-08",
            "price": "9.39",
            "revenue": 80686
        },
        "2019-09": {
            "month": "2019-09",
            "price": "9.07",
            "revenue": 76313
        },
        "2019-10": {
            "month": "2019-10",
            "price": "8.92",
            "revenue": 81219
        },
        "2019-11": {
            "month": "2019-11",
            "price": "8.76",
            "revenue": 60657
        },
        "2019-12": {
            "month": "2019-12",
            "price": "8.65",
            "revenue": 68970
        },
        "2020-01": {
            "month": "2020-01",
            "price": "8.23",
            "revenue": 78474
        },
        "2020-02": {
            "month": "2020-02",
            "price": "8.01",
            "revenue": 66312
        },
        "2020-03": {
            "month": "2020-03",
            "price": "6.60",
            "revenue": 86394
        },
        "2020-04": {
            "month": "2020-04",
            "price": "7.77",
            "revenue": 87890
        },
        "2020-05": {
            "month": "2020-05",
            "price": "7.57",
            "revenue": 124178
        },
        "2020-06": {
            "month": "2020-06",
            "price": "8.46",
            "revenue": 134737
        },
        "2020-07": {
            "month": "2020-07",
            "price": "10.13",
            "revenue": 93464
        },
        "2020-08": {
            "month": "2020-08",
            "price": "9.79",
            "revenue": 100350
        },
        "2020-09": {
            "month": "2020-09",
            "price": "9.32",
            "revenue": 117889
        },
        "2020-10": {
            "month": "2020-10",
            "price": "9.42",
            "revenue": 125754
        },
        "2020-11": {
            "month": "2020-11",
            "price": "9.86",
            "revenue": 121862
        },
        "2020-12": {
            "month": "2020-12",
            "price": "9.94",
            "revenue": 118406
        },
        "2021-01": {
            "month": "2021-01",
            "price": "9.92",
            "revenue": 111637
        },
        "2021-02": {
            "month": "2021-02",
            "price": "12.02",
            "revenue": 99737
        },
        "2021-03": {
            "month": "2021-03",
            "price": "15.15",
            "revenue": 114129
        },
        "2021-04": {
            "month": "2021-04",
            "price": "18.17",
            "revenue": 115009
        },
        "2021-05": {
            "month": "2021-05",
            "price": "14.16",
            "revenue": 135991
        },
        "2021-06": {
            "month": "2021-06",
            "price": "13.17",
            "revenue": 141799
        },
        "2021-07": {
            "month": "2021-07",
            "price": "14.48",
            "revenue": 149422
        },
        "2021-08": {
            "month": "2021-08",
            "price": "14.98",
            "revenue": 151544
        },
        "2021-09": {
            "month": "2021-09",
            "price": "16.34",
            "revenue": 163861
        },
        "2021-10": {
            "month": "2021-10",
            "price": "16.14",
            "revenue": 135863
        },
        "2021-11": {
            "month": "2021-11",
            "price": "16.95",
            "revenue": 159266
        },
        "2021-12": {
            "month": "2021-12",
            "price": "18.64",
            "revenue": 144380
        },
        "2022-01": {
            "month": "2022-01",
            "price": "17.52",
            "revenue": 151495
        },
        "2022-02": {
            "month": "2022-02",
            "price": "17.22",
            "revenue": 140093
        },
        "2022-03": {
            "month": "2022-03",
            "price": "16.88",
            "revenue": 169588
        },
        "2022-04": {
            "month": "2022-04",
            "price": "16.92",
            "revenue": 167938
        },
        "2022-05": {
            "month": "2022-05",
            "price": "16.74",
            "revenue": 181292
        },
        "2022-06": {
            "month": "2022-06",
            "price": "17.20",
            "revenue": 129066
        },
        "2022-07": {
            "month": "2022-07",
            "price": "14.96",
            "revenue": 84943
        },
        "2022-08": {
            "month": "2022-08",
            "price": "14.18",
            "revenue": 55789
        },
        "2022-09": {
            "month": "2022-09",
            "price": "13.44",
            "revenue": 45113
        },
        "2022-10": {
            "month": "2022-10",
            "price": "11.91",
            "revenue": 44992
        },
        "2022-11": {
            "month": "2022-11",
            "price": "11.97",
            "revenue": 86593
        },
        "2022-12": {
            "month": "2022-12",
            "price": "12.28",
            "revenue": 75013
        },
        "2023-01": {
            "month": "2023-01",
            "price": "12.22",
            "revenue": 60338
        },
        "2023-02": {
            "month": "2023-02",
            "price": "12.86",
            "revenue": 89923
        },
        "2023-03": {
            "month": "2023-03",
            "price": "14.32",
            "revenue": 101167
        },
        "2023-04": {
            "month": "2023-04",
            "price": "14.31",
            "revenue": 75236
        },
        "2023-05": {
            "month": "2023-05",
            "price": "14.54",
            "revenue": 77108
        },
        "2023-06": {
            "month": "2023-06",
            "price": "14.45",
            "revenue": 82678
        },
        "2023-07": {
            "month": "2023-07",
            "price": "13.91",
            "revenue": 100579
        },
        "2023-08": {
            "month": "2023-08",
            "price": "13.99",
            "revenue": 128548
        },
        "2023-09": {
            "month": "2023-09",
            "price": "16.68",
            "revenue": 131742
        },
        "2023-10": {
            "month": "2023-10",
            "price": "22.85",
            "revenue": 156533
        },
        "2023-11": {
            "month": "2023-11",
            "price": "24.84",
            "revenue": 150061
        },
        "2023-12": {
            "month": "2023-12",
            "price": "24.08",
            "revenue": 135745
        }
    }
}
