{
    "summary": {
        "stock_name": "太普高",
        "stock_id": "3284",
        "category": "其他",
        "main_business": "印刷預塗式平版及鋁版素材<br>感光呈像用光阻劑,顯影劑",
        "website_url": "http://www.ctptop.com.tw",
        "ceo": "侯景文",
        "pe_ratio": 27,
        "report_year_from": 2003,
        "report_year_to": 2023,
        "age": 20,
        "eps_negative_percentage": 19,
        "eps_growth_avg": {
            "last_all": -15.63,
            "last_2y": null,
            "last_4y": -98.4,
            "last_8y": -28.13,
            "last_12y": -18.53,
            "last_16y": -20.65,
            "last_20y": null,
            "at_2006_last_3y": null,
            "at_2007_last_3y": -37.29,
            "at_2008_last_3y": -83.05,
            "at_2009_last_3y": -27.72,
            "at_2010_last_3y": 0,
            "at_2011_last_3y": 1.62,
            "at_2012_last_3y": 26.22,
            "at_2013_last_3y": -4.13,
            "at_2014_last_3y": -28.16,
            "at_2015_last_3y": 20.63,
            "at_2016_last_3y": -7.26,
            "at_2017_last_3y": 7,
            "at_2018_last_3y": 6.83,
            "at_2019_last_3y": -43.17,
            "at_2020_last_3y": -53.71,
            "at_2021_last_3y": -98.4,
            "at_2022_last_3y": -100,
            "at_2023_last_3y": -100,
            "at_2006_last_all": -16.39,
            "at_2007_last_all": -37.29,
            "at_2008_last_all": -37.29,
            "at_2009_last_all": -9.83,
            "at_2010_last_all": -8.19,
            "at_2011_last_all": -20.61,
            "at_2012_last_all": -5.54,
            "at_2013_last_all": -7.3,
            "at_2014_last_all": -16.18,
            "at_2015_last_all": -5.62,
            "at_2016_last_all": -6.11,
            "at_2017_last_all": -2.9,
            "at_2018_last_all": -9.61,
            "at_2019_last_all": -15.63,
            "at_2020_last_all": -15.63,
            "at_2021_last_all": -15.63,
            "at_2022_last_all": -15.63,
            "at_2023_last_all": -15.63
        },
        "latest_eps": 0.59,
        "latest_price": 15.8,
        "latest_roe": 5.97,
        "latest_gross_margin": 20.54,
        "latest_equity": 998365,
        "latest_revenue": 149592,
        "latest_gross_profit": 30725,
        "latest_net_income": 6061,
        "latest_debt_ratio": 37.84,
        "latest_current_ratio": 490.34,
        "latest_account_receivable_turnover_ratio": 0.7,
        "latest_inventory_turnover_ratio": 0.4,
        "latest_reinvestment_rate": null,
        "latest_research_to_sale_ratio": 0.19
    },
    "eps_dividends": {
        "2001": {
            "cash": 0,
            "stock": 0,
            "eps": 0
        },
        "2002": {
            "cash": 0,
            "stock": 0,
            "eps": 0
        },
        "2003": {
            "cash": 0,
            "stock": 0,
            "eps": 1.32
        },
        "2004": {
            "cash": 0,
            "stock": 1.8,
            "eps": 2.97
        },
        "2005": {
            "cash": 1,
            "stock": 1,
            "eps": 1.01
        },
        "2006": {
            "cash": 0.6,
            "stock": 0.4,
            "eps": 0.17
        },
        "2007": {
            "cash": 0,
            "stock": 0,
            "eps": -1.24
        },
        "2008": {
            "cash": 0,
            "stock": 0,
            "eps": 0.13
        },
        "2009": {
            "cash": 0,
            "stock": 0,
            "eps": 1.44
        },
        "2010": {
            "cash": 1,
            "stock": 0,
            "eps": 1.44
        },
        "2011": {
            "cash": 1,
            "stock": 0.1,
            "eps": 0.07
        },
        "2012": {
            "cash": 0,
            "stock": 0,
            "eps": 1.31
        },
        "2013": {
            "cash": 0.7,
            "stock": 0,
            "eps": 1.03
        },
        "2014": {
            "cash": 0.55,
            "stock": 0,
            "eps": 0.04
        },
        "2015": {
            "cash": 0,
            "stock": 0,
            "eps": 1.3
        },
        "2016": {
            "cash": 0.7,
            "stock": 0,
            "eps": 1.15
        },
        "2017": {
            "cash": 0.7,
            "stock": 0,
            "eps": 1.56
        },
        "2018": {
            "cash": 1,
            "stock": 0,
            "eps": 0.05
        },
        "2019": {
            "cash": 0.3,
            "stock": 0,
            "eps": -0.09
        },
        "2020": {
            "cash": 0,
            "stock": 0,
            "eps": -1.48
        },
        "2021": {
            "cash": 0,
            "stock": 0,
            "eps": -0.79
        },
        "2022": {
            "cash": 0,
            "stock": 0,
            "eps": 0.47
        },
        "2023": {
            "cash": 0.1,
            "stock": 0.1,
            "eps": 0.07
        }
    },
    "dividends": {
        "2004-04-06": {
            "cash": 0,
            "stock": 1.8
        },
        "2005-03-31": {
            "cash": 1,
            "stock": 1
        },
        "2006-03-31": {
            "cash": 0.6,
            "stock": 0.4
        },
        "2010-04-20": {
            "cash": 1,
            "stock": 0
        },
        "2011-04-27": {
            "cash": 1,
            "stock": 0.1
        },
        "2013-06-20": {
            "cash": 0.7,
            "stock": 0
        },
        "2014-10-02": {
            "cash": 0.55,
            "stock": 0
        },
        "2016-08-18": {
            "cash": 0.7,
            "stock": 0
        },
        "2017-09-15": {
            "cash": 0.7,
            "stock": 0
        },
        "2018-03-09": {
            "cash": 1,
            "stock": 0
        },
        "2019-08-29": {
            "cash": 0.3,
            "stock": 0
        },
        "2023-03-23": {
            "cash": 0.1,
            "stock": 0.1
        }
    },
    "prices": {
        "200101": "無",
        "200102": "無",
        "200103": "無",
        "200104": "無",
        "200105": "無",
        "200106": "無",
        "200107": "無",
        "200108": "無",
        "200109": "無",
        "200110": "無",
        "200111": "無",
        "200112": "無",
        "200201": "無",
        "200202": "無",
        "200203": "無",
        "200204": "無",
        "200205": "無",
        "200206": "無",
        "200207": "無",
        "200208": "無",
        "200209": "無",
        "200210": "無",
        "200211": "無",
        "200212": "無",
        "200301": "無",
        "200302": "無",
        "200303": "無",
        "200304": "無",
        "200305": "無",
        "200306": "無",
        "200307": "無",
        "200308": "無",
        "200309": "無",
        "200310": "無",
        "200311": "無",
        "200312": "無",
        "200401": "無",
        "200402": "無",
        "200403": "33.94",
        "200404": "39.55",
        "200405": "39.50",
        "200406": "39.25",
        "200407": "35.86",
        "200408": "34.35",
        "200409": "30.65",
        "200410": "無",
        "200411": "28.29",
        "200412": "25.63",
        "200501": "21.19",
        "200502": "20.71",
        "200503": "24.13",
        "200504": "22.31",
        "200505": "21.01",
        "200506": "20.81",
        "200507": "20.24",
        "200508": "15.73",
        "200509": "12.84",
        "200510": "11.58",
        "200511": "9.82",
        "200512": "9.85",
        "200601": "10.25",
        "200602": "9.61",
        "200603": "9.16",
        "200604": "10.69",
        "200605": "10.92",
        "200606": "9.74",
        "200607": "9.07",
        "200608": "8.76",
        "200609": "7.87",
        "200610": "7.20",
        "200611": "7.61",
        "200612": "8.21",
        "200701": "8.36",
        "200702": "8.33",
        "200703": "8.48",
        "200704": "9.17",
        "200705": "9.43",
        "200706": "10.63",
        "200707": "12.52",
        "200708": "10.25",
        "200709": "10.75",
        "200710": "10.47",
        "200711": "9.05",
        "200712": "8.55",
        "200801": "7.99",
        "200802": "8.48",
        "200803": "8.60",
        "200804": "10.35",
        "200805": "10.85",
        "200806": "9.36",
        "200807": "8.50",
        "200808": "8.21",
        "200809": "7.24",
        "200810": "5.19",
        "200811": "4.62",
        "200812": "3.99",
        "200901": "4.47",
        "200902": "6.18",
        "200903": "7.92",
        "200904": "7.97",
        "200905": "8.84",
        "200906": "9.01",
        "200907": "9.33",
        "200908": "9.81",
        "200909": "12.26",
        "200910": "15.48",
        "200911": "16.63",
        "200912": "19.62",
        "201001": "22.04",
        "201002": "18.92",
        "201003": "21.17",
        "201004": "24.81",
        "201005": "23.14",
        "201006": "25.11",
        "201007": "23.81",
        "201008": "22.09",
        "201009": "23.75",
        "201010": "24.23",
        "201011": "20.46",
        "201012": "21.69",
        "201101": "20.55",
        "201102": "18.42",
        "201103": "18.62",
        "201104": "18.98",
        "201105": "17.34",
        "201106": "15.63",
        "201107": "14.40",
        "201108": "12.16",
        "201109": "11.69",
        "201110": "12.14",
        "201111": "10.86",
        "201112": "9.05",
        "201201": "8.98",
        "201202": "10.56",
        "201203": "10.60",
        "201204": "11.48",
        "201205": "11.93",
        "201206": "11.80",
        "201207": "12.70",
        "201208": "12.87",
        "201209": "12.20",
        "201210": "12.43",
        "201211": "12.98",
        "201212": "12.68",
        "201301": "12.36",
        "201302": "12.30",
        "201303": "12.63",
        "201304": "12.52",
        "201305": "12.55",
        "201306": "12.16",
        "201307": "11.57",
        "201308": "11.39",
        "201309": "11.11",
        "201310": "11.35",
        "201311": "10.97",
        "201312": "11.65",
        "201401": "12.17",
        "201402": "12.36",
        "201403": "12.95",
        "201404": "12.38",
        "201405": "11.22",
        "201406": "10.89",
        "201407": "10.89",
        "201408": "10.75",
        "201409": "10.41",
        "201410": "9.42",
        "201411": "9.03",
        "201412": "9.40",
        "201501": "9.76",
        "201502": "9.44",
        "201503": "9.14",
        "201504": "8.99",
        "201505": "9.14",
        "201506": "9.37",
        "201507": "8.92",
        "201508": "8.93",
        "201509": "9.12",
        "201510": "9.42",
        "201511": "9.57",
        "201512": "9.73",
        "201601": "9.19",
        "201602": "9.12",
        "201603": "10.44",
        "201604": "10.84",
        "201605": "10.94",
        "201606": "11.65",
        "201607": "16.20",
        "201608": "17.13",
        "201609": "17.08",
        "201610": "17.89",
        "201611": "18.26",
        "201612": "20.53",
        "201701": "20.10",
        "201702": "21.40",
        "201703": "21.01",
        "201704": "20.55",
        "201705": "20.16",
        "201706": "20.25",
        "201707": "19.54",
        "201708": "19.23",
        "201709": "19.39",
        "201710": "19.31",
        "201711": "18.90",
        "201712": "18.67",
        "201801": "18.45",
        "201802": "17.78",
        "201803": "17.10",
        "201804": "16.53",
        "201805": "16.12",
        "201806": "17.04",
        "201807": "16.02",
        "201808": "17.44",
        "201809": "17.25",
        "201810": "16.54",
        "201811": "15.26",
        "201812": "15.09",
        "201901": "15.30",
        "201902": "15.07",
        "201903": "14.63",
        "201904": "15.02",
        "201905": "14.00",
        "201906": "12.94",
        "201907": "13.25",
        "201908": "12.69",
        "201909": "12.90",
        "201910": "13.63",
        "201911": "14.61",
        "201912": "13.93",
        "202001": "13.90",
        "202002": "13.48",
        "202003": "12.55",
        "202004": "11.88",
        "202005": "12.06",
        "202006": "12.46",
        "202007": "12.68",
        "202008": "11.31",
        "202009": "11.18",
        "202010": "13.78",
        "202011": "14.48",
        "202012": "13.78",
        "202101": "13.84",
        "202102": "13.17",
        "202103": "12.65",
        "202104": "13.94",
        "202105": "13.19",
        "202106": "12.68",
        "202107": "12.41",
        "202108": "12.35",
        "202109": "12.23",
        "202110": "12.21",
        "202111": "12.71",
        "202112": "12.31",
        "202201": "13.29",
        "202202": "13.53",
        "202203": "13.69",
        "202204": "13.55",
        "202205": "12.89",
        "202206": "12.82",
        "202207": "13.12",
        "202208": "14.07",
        "202209": "15.95",
        "202210": "13.79",
        "202211": "13.73",
        "202212": "14.25",
        "202301": "14.66",
        "202302": "14.41",
        "202303": "14.63",
        "202304": "15.52",
        "202305": "15.94",
        "202306": "15.85"
    },
    "quarters": {
        "20011": {
            "year_quarter": 20011,
            "year": 2001,
            "quarter": 1,
            "eps": null,
            "eps_growth_year": null,
            "eps_4q": null,
            "eps_4q_growth_year": null,
            "roe": null,
            "roe_4q": 0,
            "gross_profit": null,
            "gross_margin": null,
            "gross_margin_4q_avg": 0,
            "net_income": null,
            "revenue": null,
            "common_shares": null,
            "book_valuer_per_share": null,
            "book_valuer_per_share_4q_avg": 0,
            "equity": null,
            "current_ratio": null,
            "debt_ratio": null,
            "inventory_turnover_ratio": null,
            "account_receivable_turnover_ratio": null,
            "reinvestment_rate": null,
            "research_to_sale_ratio": null,
            "price_fair": 0,
            "eps_avg_yearly": 0,
            "eps_latest_yearly": 0,
            "eps_growth_yearly": 0
        },
        "20012": {
            "year_quarter": 20012,
            "year": 2001,
            "quarter": 2,
            "eps": null,
            "eps_growth_year": null,
            "eps_4q": null,
            "eps_4q_growth_year": null,
            "roe": null,
            "roe_4q": 0,
            "gross_profit": null,
            "gross_margin": null,
            "gross_margin_4q_avg": 0,
            "net_income": null,
            "revenue": null,
            "common_shares": null,
            "book_valuer_per_share": null,
            "book_valuer_per_share_4q_avg": 0,
            "equity": null,
            "current_ratio": null,
            "debt_ratio": null,
            "inventory_turnover_ratio": null,
            "account_receivable_turnover_ratio": null,
            "reinvestment_rate": null,
            "research_to_sale_ratio": null,
            "price_fair": 0,
            "eps_avg_yearly": 0,
            "eps_latest_yearly": 0,
            "eps_growth_yearly": 0
        },
        "20013": {
            "year_quarter": 20013,
            "year": 2001,
            "quarter": 3,
            "eps": null,
            "eps_growth_year": null,
            "eps_4q": null,
            "eps_4q_growth_year": null,
            "roe": null,
            "roe_4q": 0,
            "gross_profit": null,
            "gross_margin": null,
            "gross_margin_4q_avg": 0,
            "net_income": null,
            "revenue": null,
            "common_shares": null,
            "book_valuer_per_share": null,
            "book_valuer_per_share_4q_avg": 0,
            "equity": null,
            "current_ratio": null,
            "debt_ratio": null,
            "inventory_turnover_ratio": null,
            "account_receivable_turnover_ratio": null,
            "reinvestment_rate": null,
            "research_to_sale_ratio": null,
            "price_fair": 0,
            "eps_avg_yearly": 0,
            "eps_latest_yearly": 0,
            "eps_growth_yearly": 0
        },
        "20014": {
            "year_quarter": 20014,
            "year": 2001,
            "quarter": 4,
            "eps": null,
            "eps_growth_year": null,
            "eps_4q": null,
            "eps_4q_growth_year": null,
            "roe": null,
            "roe_4q": 0,
            "gross_profit": null,
            "gross_margin": null,
            "gross_margin_4q_avg": 0,
            "net_income": null,
            "revenue": null,
            "common_shares": 150900,
            "book_valuer_per_share": 11.84,
            "book_valuer_per_share_4q_avg": 2.96,
            "equity": 178632,
            "current_ratio": 89.68,
            "debt_ratio": 63.79,
            "inventory_turnover_ratio": null,
            "account_receivable_turnover_ratio": null,
            "reinvestment_rate": null,
            "research_to_sale_ratio": null,
            "price_fair": 0,
            "eps_avg_yearly": 0,
            "eps_latest_yearly": 0,
            "eps_growth_yearly": 0
        },
        "20021": {
            "year_quarter": 20021,
            "year": 2002,
            "quarter": 1,
            "eps": null,
            "eps_growth_year": null,
            "eps_4q": null,
            "eps_4q_growth_year": null,
            "roe": null,
            "roe_4q": 0,
            "gross_profit": null,
            "gross_margin": null,
            "gross_margin_4q_avg": 0,
            "net_income": null,
            "revenue": null,
            "common_shares": null,
            "book_valuer_per_share": null,
            "book_valuer_per_share_4q_avg": 2.96,
            "equity": null,
            "current_ratio": null,
            "debt_ratio": null,
            "inventory_turnover_ratio": null,
            "account_receivable_turnover_ratio": null,
            "reinvestment_rate": null,
            "research_to_sale_ratio": null,
            "price_fair": 0,
            "eps_avg_yearly": 0,
            "eps_latest_yearly": 0,
            "eps_growth_yearly": 0
        },
        "20022": {
            "year_quarter": 20022,
            "year": 2002,
            "quarter": 2,
            "eps": null,
            "eps_growth_year": null,
            "eps_4q": null,
            "eps_4q_growth_year": null,
            "roe": null,
            "roe_4q": 0,
            "gross_profit": null,
            "gross_margin": null,
            "gross_margin_4q_avg": 0,
            "net_income": null,
            "revenue": null,
            "common_shares": null,
            "book_valuer_per_share": null,
            "book_valuer_per_share_4q_avg": 2.96,
            "equity": null,
            "current_ratio": null,
            "debt_ratio": null,
            "inventory_turnover_ratio": null,
            "account_receivable_turnover_ratio": null,
            "reinvestment_rate": null,
            "research_to_sale_ratio": null,
            "price_fair": 0,
            "eps_avg_yearly": 0,
            "eps_latest_yearly": 0,
            "eps_growth_yearly": 0
        },
        "20023": {
            "year_quarter": 20023,
            "year": 2002,
            "quarter": 3,
            "eps": null,
            "eps_growth_year": null,
            "eps_4q": null,
            "eps_4q_growth_year": null,
            "roe": null,
            "roe_4q": 0,
            "gross_profit": null,
            "gross_margin": null,
            "gross_margin_4q_avg": 0,
            "net_income": null,
            "revenue": null,
            "common_shares": null,
            "book_valuer_per_share": null,
            "book_valuer_per_share_4q_avg": 2.96,
            "equity": null,
            "current_ratio": null,
            "debt_ratio": null,
            "inventory_turnover_ratio": null,
            "account_receivable_turnover_ratio": null,
            "reinvestment_rate": null,
            "research_to_sale_ratio": null,
            "price_fair": 0,
            "eps_avg_yearly": 0,
            "eps_latest_yearly": 0,
            "eps_growth_yearly": 0
        },
        "20024": {
            "year_quarter": 20024,
            "year": 2002,
            "quarter": 4,
            "eps": null,
            "eps_growth_year": null,
            "eps_4q": null,
            "eps_4q_growth_year": null,
            "roe": null,
            "roe_4q": 0,
            "gross_profit": null,
            "gross_margin": null,
            "gross_margin_4q_avg": 0,
            "net_income": null,
            "revenue": null,
            "common_shares": 232026,
            "book_valuer_per_share": 12.19,
            "book_valuer_per_share_4q_avg": 3.05,
            "equity": 282828,
            "current_ratio": 95.2,
            "debt_ratio": 57.49,
            "inventory_turnover_ratio": null,
            "account_receivable_turnover_ratio": null,
            "reinvestment_rate": null,
            "research_to_sale_ratio": null,
            "price_fair": 0,
            "eps_avg_yearly": 0,
            "eps_latest_yearly": 0,
            "eps_growth_yearly": 0
        },
        "20031": {
            "year_quarter": 20031,
            "year": 2003,
            "quarter": 1,
            "eps": null,
            "eps_growth_year": null,
            "eps_4q": null,
            "eps_4q_growth_year": null,
            "roe": null,
            "roe_4q": 0,
            "gross_profit": null,
            "gross_margin": null,
            "gross_margin_4q_avg": 0,
            "net_income": null,
            "revenue": null,
            "common_shares": null,
            "book_valuer_per_share": null,
            "book_valuer_per_share_4q_avg": 3.05,
            "equity": null,
            "current_ratio": null,
            "debt_ratio": null,
            "inventory_turnover_ratio": null,
            "account_receivable_turnover_ratio": null,
            "reinvestment_rate": null,
            "research_to_sale_ratio": null,
            "price_fair": 0,
            "eps_avg_yearly": 0,
            "eps_latest_yearly": 0,
            "eps_growth_yearly": 0
        },
        "20032": {
            "year_quarter": 20032,
            "year": 2003,
            "quarter": 2,
            "eps": null,
            "eps_growth_year": null,
            "eps_4q": null,
            "eps_4q_growth_year": null,
            "roe": null,
            "roe_4q": 0,
            "gross_profit": null,
            "gross_margin": null,
            "gross_margin_4q_avg": 0,
            "net_income": null,
            "revenue": null,
            "common_shares": null,
            "book_valuer_per_share": null,
            "book_valuer_per_share_4q_avg": 3.05,
            "equity": null,
            "current_ratio": null,
            "debt_ratio": null,
            "inventory_turnover_ratio": null,
            "account_receivable_turnover_ratio": null,
            "reinvestment_rate": null,
            "research_to_sale_ratio": null,
            "price_fair": 0,
            "eps_avg_yearly": 0,
            "eps_latest_yearly": 0,
            "eps_growth_yearly": 0
        },
        "20033": {
            "year_quarter": 20033,
            "year": 2003,
            "quarter": 3,
            "eps": 0.79,
            "eps_growth_year": null,
            "eps_4q": null,
            "eps_4q_growth_year": null,
            "roe": 6.47,
            "roe_4q": 6.47,
            "gross_profit": 37285,
            "gross_margin": 23.32,
            "gross_margin_4q_avg": 5.83,
            "net_income": 21352,
            "revenue": 159876,
            "common_shares": 271680,
            "book_valuer_per_share": 12.16,
            "book_valuer_per_share_4q_avg": 6.09,
            "equity": 330251,
            "current_ratio": 109.76,
            "debt_ratio": 53.78,
            "inventory_turnover_ratio": 1.17,
            "account_receivable_turnover_ratio": null,
            "reinvestment_rate": null,
            "research_to_sale_ratio": null,
            "price_fair": 0,
            "eps_avg_yearly": 0,
            "eps_latest_yearly": 0,
            "eps_growth_yearly": 0
        },
        "20034": {
            "year_quarter": 20034,
            "year": 2003,
            "quarter": 4,
            "eps": 0.53,
            "eps_growth_year": null,
            "eps_4q": null,
            "eps_4q_growth_year": null,
            "roe": 4.23,
            "roe_4q": 10.7,
            "gross_profit": 45556,
            "gross_margin": 25.81,
            "gross_margin_4q_avg": 12.28,
            "net_income": 14277,
            "revenue": 176494,
            "common_shares": 271680,
            "book_valuer_per_share": 12.68,
            "book_valuer_per_share_4q_avg": 6.21,
            "equity": 344528,
            "current_ratio": 104.87,
            "debt_ratio": 54.88,
            "inventory_turnover_ratio": 1.22,
            "account_receivable_turnover_ratio": null,
            "reinvestment_rate": null,
            "research_to_sale_ratio": null,
            "price_fair": 6.36,
            "eps_avg_yearly": 2.12,
            "eps_latest_yearly": 2.12,
            "eps_growth_yearly": -131.65
        },
        "20041": {
            "year_quarter": 20041,
            "year": 2004,
            "quarter": 1,
            "eps": 0.6,
            "eps_growth_year": null,
            "eps_4q": null,
            "eps_4q_growth_year": null,
            "roe": 4.62,
            "roe_4q": 15.32,
            "gross_profit": 33664,
            "gross_margin": 19.44,
            "gross_margin_4q_avg": 17.14,
            "net_income": 16296,
            "revenue": 173199,
            "common_shares": 271680,
            "book_valuer_per_share": 13.28,
            "book_valuer_per_share_4q_avg": 9.53,
            "equity": 360824,
            "current_ratio": 94.2,
            "debt_ratio": 55.18,
            "inventory_turnover_ratio": 1.22,
            "account_receivable_turnover_ratio": null,
            "reinvestment_rate": null,
            "research_to_sale_ratio": null,
            "price_fair": 6.78,
            "eps_avg_yearly": 2.26,
            "eps_latest_yearly": 2.4,
            "eps_growth_yearly": -39.41
        },
        "20042": {
            "year_quarter": 20042,
            "year": 2004,
            "quarter": 2,
            "eps": 0.53,
            "eps_growth_year": null,
            "eps_4q": 2.45,
            "eps_4q_growth_year": null,
            "roe": 3.91,
            "roe_4q": 19.23,
            "gross_profit": 43779,
            "gross_margin": 19.78,
            "gross_margin_4q_avg": 22.09,
            "net_income": 14344,
            "revenue": 221307,
            "common_shares": 271680,
            "book_valuer_per_share": 13.71,
            "book_valuer_per_share_4q_avg": 12.96,
            "equity": 372468,
            "current_ratio": 91.08,
            "debt_ratio": 55.96,
            "inventory_turnover_ratio": 1.66,
            "account_receivable_turnover_ratio": null,
            "reinvestment_rate": null,
            "research_to_sale_ratio": null,
            "price_fair": 6.64,
            "eps_avg_yearly": 2.21,
            "eps_latest_yearly": 2.12,
            "eps_growth_yearly": -41.83
        },
        "20043": {
            "year_quarter": 20043,
            "year": 2004,
            "quarter": 3,
            "eps": 1.08,
            "eps_growth_year": 36.71,
            "eps_4q": 2.74,
            "eps_4q_growth_year": null,
            "roe": 7.57,
            "roe_4q": 20.330000000000002,
            "gross_profit": 43068,
            "gross_margin": 18.89,
            "gross_margin_4q_avg": 20.98,
            "net_income": 29295,
            "revenue": 228020,
            "common_shares": 271680,
            "book_valuer_per_share": 14.79,
            "book_valuer_per_share_4q_avg": 13.62,
            "equity": 401763,
            "current_ratio": 95.47,
            "debt_ratio": 53.81,
            "inventory_turnover_ratio": 1.74,
            "account_receivable_turnover_ratio": null,
            "reinvestment_rate": null,
            "research_to_sale_ratio": null,
            "price_fair": 95.9,
            "eps_avg_yearly": 2.74,
            "eps_latest_yearly": 4.32,
            "eps_growth_yearly": 72.4
        },
        "20044": {
            "year_quarter": 20044,
            "year": 2004,
            "quarter": 4,
            "eps": 0.76,
            "eps_growth_year": 43.4,
            "eps_4q": 2.61,
            "eps_4q_growth_year": null,
            "roe": 5.95,
            "roe_4q": 22.05,
            "gross_profit": 46151,
            "gross_margin": 22.79,
            "gross_margin_4q_avg": 20.23,
            "net_income": 24630,
            "revenue": 202502,
            "common_shares": 323000,
            "book_valuer_per_share": 13.2,
            "book_valuer_per_share_4q_avg": 13.75,
            "equity": 426393,
            "current_ratio": 101.11,
            "debt_ratio": 53.15,
            "inventory_turnover_ratio": 1.14,
            "account_receivable_turnover_ratio": null,
            "reinvestment_rate": null,
            "research_to_sale_ratio": null,
            "price_fair": 98,
            "eps_avg_yearly": 2.8,
            "eps_latest_yearly": 3.04,
            "eps_growth_yearly": 34.22
        },
        "20051": {
            "year_quarter": 20051,
            "year": 2005,
            "quarter": 1,
            "eps": 0.46,
            "eps_growth_year": -23.33,
            "eps_4q": 2.56,
            "eps_4q_growth_year": null,
            "roe": 3.17,
            "roe_4q": 20.6,
            "gross_profit": 38485,
            "gross_margin": 20.21,
            "gross_margin_4q_avg": 20.42,
            "net_income": 14919,
            "revenue": 190382,
            "common_shares": 360000,
            "book_valuer_per_share": 14.31,
            "book_valuer_per_share_4q_avg": 14,
            "equity": 515312,
            "current_ratio": 120.73,
            "debt_ratio": 45.54,
            "inventory_turnover_ratio": 0.91,
            "account_receivable_turnover_ratio": null,
            "reinvestment_rate": null,
            "research_to_sale_ratio": null,
            "price_fair": 32.21,
            "eps_avg_yearly": 2.64,
            "eps_latest_yearly": 1.84,
            "eps_growth_yearly": 2.2
        },
        "20052": {
            "year_quarter": 20052,
            "year": 2005,
            "quarter": 2,
            "eps": 0.37,
            "eps_growth_year": -30.19,
            "eps_4q": 2.4,
            "eps_4q_growth_year": -2.02,
            "roe": 2.5,
            "roe_4q": 19.19,
            "gross_profit": 38916,
            "gross_margin": 17.11,
            "gross_margin_4q_avg": 19.75,
            "net_income": 12553,
            "revenue": 227411,
            "common_shares": 360000,
            "book_valuer_per_share": 13.55,
            "book_valuer_per_share_4q_avg": 13.96,
            "equity": 487865,
            "current_ratio": 109.16,
            "debt_ratio": 51.44,
            "inventory_turnover_ratio": 1.14,
            "account_receivable_turnover_ratio": null,
            "reinvestment_rate": null,
            "research_to_sale_ratio": null,
            "price_fair": 7.42,
            "eps_avg_yearly": 2.47,
            "eps_latest_yearly": 1.48,
            "eps_growth_yearly": -9.29
        },
        "20053": {
            "year_quarter": 20053,
            "year": 2005,
            "quarter": 3,
            "eps": 0.04,
            "eps_growth_year": -96.3,
            "eps_4q": 1.51,
            "eps_4q_growth_year": -44.93,
            "roe": 0.29,
            "roe_4q": 11.91,
            "gross_profit": 35426,
            "gross_margin": 17.3,
            "gross_margin_4q_avg": 19.35,
            "net_income": 1421,
            "revenue": 204814,
            "common_shares": 398000,
            "book_valuer_per_share": 12.29,
            "book_valuer_per_share_4q_avg": 13.34,
            "equity": 489286,
            "current_ratio": 106.05,
            "debt_ratio": 51.77,
            "inventory_turnover_ratio": 0.97,
            "account_receivable_turnover_ratio": null,
            "reinvestment_rate": null,
            "research_to_sale_ratio": null,
            "price_fair": 6.56,
            "eps_avg_yearly": 2.19,
            "eps_latest_yearly": 0.16,
            "eps_growth_yearly": -52.73
        },
        "20054": {
            "year_quarter": 20054,
            "year": 2005,
            "quarter": 4,
            "eps": 0.14,
            "eps_growth_year": -81.58,
            "eps_4q": 0.88,
            "eps_4q_growth_year": -66.13,
            "roe": 1.11,
            "roe_4q": 7.07,
            "gross_profit": 37555,
            "gross_margin": 18.75,
            "gross_margin_4q_avg": 18.34,
            "net_income": 5439,
            "revenue": 200304,
            "common_shares": 398000,
            "book_valuer_per_share": 12.43,
            "book_valuer_per_share_4q_avg": 13.15,
            "equity": 494725,
            "current_ratio": 116.24,
            "debt_ratio": 48.85,
            "inventory_turnover_ratio": 0.85,
            "account_receivable_turnover_ratio": null,
            "reinvestment_rate": null,
            "research_to_sale_ratio": null,
            "price_fair": 70.16,
            "eps_avg_yearly": 2,
            "eps_latest_yearly": 0.56,
            "eps_growth_yearly": 64.24
        },
        "20061": {
            "year_quarter": 20061,
            "year": 2006,
            "quarter": 1,
            "eps": 0.26,
            "eps_growth_year": -43.48,
            "eps_4q": 0.74,
            "eps_4q_growth_year": -71.02,
            "roe": 2.09,
            "roe_4q": 5.99,
            "gross_profit": 31273,
            "gross_margin": 16.43,
            "gross_margin_4q_avg": 17.4,
            "net_income": 10444,
            "revenue": 190300,
            "common_shares": 398000,
            "book_valuer_per_share": 12.69,
            "book_valuer_per_share_4q_avg": 12.74,
            "equity": 505169,
            "current_ratio": 116.62,
            "debt_ratio": 46.52,
            "inventory_turnover_ratio": 0.87,
            "account_receivable_turnover_ratio": null,
            "reinvestment_rate": null,
            "research_to_sale_ratio": null,
            "price_fair": 66.78,
            "eps_avg_yearly": 1.91,
            "eps_latest_yearly": 1.04,
            "eps_growth_yearly": 92.1
        },
        "20062": {
            "year_quarter": 20062,
            "year": 2006,
            "quarter": 2,
            "eps": 0.12,
            "eps_growth_year": -67.57,
            "eps_4q": 0.57,
            "eps_4q_growth_year": -76.17,
            "roe": 0.93,
            "roe_4q": 4.42,
            "gross_profit": 27549,
            "gross_margin": 14.73,
            "gross_margin_4q_avg": 16.8,
            "net_income": 4596,
            "revenue": 187088,
            "common_shares": 398000,
            "book_valuer_per_share": 12.12,
            "book_valuer_per_share_4q_avg": 12.38,
            "equity": 482435,
            "current_ratio": 125.49,
            "debt_ratio": 50.45,
            "inventory_turnover_ratio": 0.85,
            "account_receivable_turnover_ratio": null,
            "reinvestment_rate": null,
            "research_to_sale_ratio": null,
            "price_fair": 62.24,
            "eps_avg_yearly": 1.78,
            "eps_latest_yearly": 0.48,
            "eps_growth_yearly": 64.15
        },
        "20063": {
            "year_quarter": 20063,
            "year": 2006,
            "quarter": 3,
            "eps": -0.03,
            "eps_growth_year": -175,
            "eps_4q": 0.47,
            "eps_4q_growth_year": -68.91,
            "roe": -0.23,
            "roe_4q": 3.9000000000000004,
            "gross_profit": 20763,
            "gross_margin": 12.54,
            "gross_margin_4q_avg": 15.61,
            "net_income": -1091,
            "revenue": 165585,
            "common_shares": 413920,
            "book_valuer_per_share": 11.63,
            "book_valuer_per_share_4q_avg": 12.22,
            "equity": 481344,
            "current_ratio": 183.02,
            "debt_ratio": 51.07,
            "inventory_turnover_ratio": 0.71,
            "account_receivable_turnover_ratio": null,
            "reinvestment_rate": null,
            "research_to_sale_ratio": null,
            "price_fair": 62.24,
            "eps_avg_yearly": 1.78,
            "eps_latest_yearly": 0.48,
            "eps_growth_yearly": 64.15
        },
        "20064": {
            "year_quarter": 20064,
            "year": 2006,
            "quarter": 4,
            "eps": -0.18,
            "eps_growth_year": -228.57,
            "eps_4q": 0.15,
            "eps_4q_growth_year": -83.03,
            "roe": -1.59,
            "roe_4q": 1.1999999999999997,
            "gross_profit": 16426,
            "gross_margin": 8.18,
            "gross_margin_4q_avg": 12.97,
            "net_income": -7603,
            "revenue": 200793,
            "common_shares": 413920,
            "book_valuer_per_share": 11.45,
            "book_valuer_per_share_4q_avg": 11.97,
            "equity": 473741,
            "current_ratio": 140.88,
            "debt_ratio": 50.4,
            "inventory_turnover_ratio": 0.91,
            "account_receivable_turnover_ratio": null,
            "reinvestment_rate": null,
            "research_to_sale_ratio": null,
            "price_fair": 62.24,
            "eps_avg_yearly": 1.78,
            "eps_latest_yearly": 0.48,
            "eps_growth_yearly": 64.15
        },
        "20071": {
            "year_quarter": 20071,
            "year": 2007,
            "quarter": 1,
            "eps": -0.28,
            "eps_growth_year": -207.69,
            "eps_4q": -0.38,
            "eps_4q_growth_year": -150.86,
            "roe": -2.5,
            "roe_4q": -3.39,
            "gross_profit": 8126,
            "gross_margin": 4.79,
            "gross_margin_4q_avg": 10.06,
            "net_income": -11704,
            "revenue": 169525,
            "common_shares": 413920,
            "book_valuer_per_share": 11.16,
            "book_valuer_per_share_4q_avg": 11.59,
            "equity": 462037,
            "current_ratio": 115.67,
            "debt_ratio": 48.26,
            "inventory_turnover_ratio": 0.93,
            "account_receivable_turnover_ratio": null,
            "reinvestment_rate": null,
            "research_to_sale_ratio": null,
            "price_fair": 62.24,
            "eps_avg_yearly": 1.78,
            "eps_latest_yearly": 0.48,
            "eps_growth_yearly": 64.15
        },
        "20072": {
            "year_quarter": 20072,
            "year": 2007,
            "quarter": 2,
            "eps": -0.39,
            "eps_growth_year": -425,
            "eps_4q": -0.88,
            "eps_4q_growth_year": -253.81,
            "roe": -3.53,
            "roe_4q": -7.85,
            "gross_profit": 7269,
            "gross_margin": 4.23,
            "gross_margin_4q_avg": 7.44,
            "net_income": -16005,
            "revenue": 171810,
            "common_shares": 413920,
            "book_valuer_per_share": 10.78,
            "book_valuer_per_share_4q_avg": 11.26,
            "equity": 446032,
            "current_ratio": 107.21,
            "debt_ratio": 51.9,
            "inventory_turnover_ratio": 1.07,
            "account_receivable_turnover_ratio": null,
            "reinvestment_rate": 373.19,
            "research_to_sale_ratio": null,
            "price_fair": 62.24,
            "eps_avg_yearly": 1.78,
            "eps_latest_yearly": 0.48,
            "eps_growth_yearly": 64.15
        },
        "20073": {
            "year_quarter": 20073,
            "year": 2007,
            "quarter": 3,
            "eps": -0.1,
            "eps_growth_year": null,
            "eps_4q": -0.96,
            "eps_4q_growth_year": -304.43,
            "roe": -0.97,
            "roe_4q": -8.59,
            "gross_profit": 18699,
            "gross_margin": 9.4,
            "gross_margin_4q_avg": 6.65,
            "net_income": -4322,
            "revenue": 198897,
            "common_shares": 413920,
            "book_valuer_per_share": 10.67,
            "book_valuer_per_share_4q_avg": 11.02,
            "equity": 441710,
            "current_ratio": 92.21,
            "debt_ratio": 54.02,
            "inventory_turnover_ratio": 1.1,
            "account_receivable_turnover_ratio": null,
            "reinvestment_rate": 102.26,
            "research_to_sale_ratio": null,
            "price_fair": 62.24,
            "eps_avg_yearly": 1.78,
            "eps_latest_yearly": 0.48,
            "eps_growth_yearly": 64.15
        },
        "20074": {
            "year_quarter": 20074,
            "year": 2007,
            "quarter": 4,
            "eps": -0.47,
            "eps_growth_year": null,
            "eps_4q": -1.24,
            "eps_4q_growth_year": -926.67,
            "roe": -4.47,
            "roe_4q": -11.469999999999999,
            "gross_profit": 18811,
            "gross_margin": 8.97,
            "gross_margin_4q_avg": 6.85,
            "net_income": -19312,
            "revenue": 209757,
            "common_shares": 413920,
            "book_valuer_per_share": 10.2,
            "book_valuer_per_share_4q_avg": 10.7,
            "equity": 422360,
            "current_ratio": 114.66,
            "debt_ratio": 53.5,
            "inventory_turnover_ratio": 1.13,
            "account_receivable_turnover_ratio": null,
            "reinvestment_rate": 54.82,
            "research_to_sale_ratio": null,
            "price_fair": 61.04,
            "eps_avg_yearly": 1.74,
            "eps_latest_yearly": 0.48,
            "eps_growth_yearly": 83.73
        },
        "20081": {
            "year_quarter": 20081,
            "year": 2008,
            "quarter": 1,
            "eps": 0.25,
            "eps_growth_year": null,
            "eps_4q": -0.72,
            "eps_4q_growth_year": null,
            "roe": 2.39,
            "roe_4q": -6.58,
            "gross_profit": 48617,
            "gross_margin": 20.61,
            "gross_margin_4q_avg": 10.8,
            "net_income": 10213,
            "revenue": 235864,
            "common_shares": 413920,
            "book_valuer_per_share": 10.45,
            "book_valuer_per_share_4q_avg": 10.53,
            "equity": 432619,
            "current_ratio": 104.25,
            "debt_ratio": 54.15,
            "inventory_turnover_ratio": 1.09,
            "account_receivable_turnover_ratio": null,
            "reinvestment_rate": -7.82,
            "research_to_sale_ratio": null,
            "price_fair": 58.49,
            "eps_avg_yearly": 1.67,
            "eps_latest_yearly": 0.48,
            "eps_growth_yearly": 87.16
        },
        "20082": {
            "year_quarter": 20082,
            "year": 2008,
            "quarter": 2,
            "eps": 0.05,
            "eps_growth_year": null,
            "eps_4q": -0.26,
            "eps_4q_growth_year": null,
            "roe": 0.5,
            "roe_4q": -2.55,
            "gross_profit": 30183,
            "gross_margin": 15.45,
            "gross_margin_4q_avg": 13.61,
            "net_income": 2161,
            "revenue": 195305,
            "common_shares": 413920,
            "book_valuer_per_share": 10.5,
            "book_valuer_per_share_4q_avg": 10.46,
            "equity": 434732,
            "current_ratio": 101.8,
            "debt_ratio": 52.34,
            "inventory_turnover_ratio": 0.88,
            "account_receivable_turnover_ratio": null,
            "reinvestment_rate": -65.59,
            "research_to_sale_ratio": null,
            "price_fair": 51.02,
            "eps_avg_yearly": 1.46,
            "eps_latest_yearly": 0.2,
            "eps_growth_yearly": 56.79
        },
        "20083": {
            "year_quarter": 20083,
            "year": 2008,
            "quarter": 3,
            "eps": 0.03,
            "eps_growth_year": null,
            "eps_4q": -0.12,
            "eps_4q_growth_year": null,
            "roe": 0.32,
            "roe_4q": -1.2599999999999998,
            "gross_profit": 27474,
            "gross_margin": 15.55,
            "gross_margin_4q_avg": 15.15,
            "net_income": 1398,
            "revenue": 176710,
            "common_shares": 413920,
            "book_valuer_per_share": 10.54,
            "book_valuer_per_share_4q_avg": 10.42,
            "equity": 436406,
            "current_ratio": 102.13,
            "debt_ratio": 52.79,
            "inventory_turnover_ratio": 0.77,
            "account_receivable_turnover_ratio": null,
            "reinvestment_rate": -164.5,
            "research_to_sale_ratio": null,
            "price_fair": 2.97,
            "eps_avg_yearly": 0.99,
            "eps_latest_yearly": 0.12,
            "eps_growth_yearly": -7.11
        },
        "20084": {
            "year_quarter": 20084,
            "year": 2008,
            "quarter": 4,
            "eps": -0.2,
            "eps_growth_year": null,
            "eps_4q": 0.14,
            "eps_4q_growth_year": null,
            "roe": -1.88,
            "roe_4q": 1.3300000000000003,
            "gross_profit": 23976,
            "gross_margin": 12.34,
            "gross_margin_4q_avg": 15.99,
            "net_income": -8087,
            "revenue": 194294,
            "common_shares": 413920,
            "book_valuer_per_share": 10.28,
            "book_valuer_per_share_4q_avg": 10.44,
            "equity": 425699,
            "current_ratio": 96.38,
            "debt_ratio": 51.73,
            "inventory_turnover_ratio": 1.01,
            "account_receivable_turnover_ratio": 2.76,
            "reinvestment_rate": null,
            "research_to_sale_ratio": null,
            "price_fair": 12.36,
            "eps_avg_yearly": 0.74,
            "eps_latest_yearly": 0.12,
            "eps_growth_yearly": 6.82
        },
        "20091": {
            "year_quarter": 20091,
            "year": 2009,
            "quarter": 1,
            "eps": 0.19,
            "eps_growth_year": -24,
            "eps_4q": 0.08,
            "eps_4q_growth_year": null,
            "roe": 1.86,
            "roe_4q": 0.8000000000000003,
            "gross_profit": 33968,
            "gross_margin": 16.93,
            "gross_margin_4q_avg": 15.07,
            "net_income": 8006,
            "revenue": 200595,
            "common_shares": 413920,
            "book_valuer_per_share": 10.48,
            "book_valuer_per_share_4q_avg": 10.45,
            "equity": 433926,
            "current_ratio": 99.44,
            "debt_ratio": 50.55,
            "inventory_turnover_ratio": 1.21,
            "account_receivable_turnover_ratio": 1.33,
            "reinvestment_rate": null,
            "research_to_sale_ratio": null,
            "price_fair": 20.2,
            "eps_avg_yearly": 0.58,
            "eps_latest_yearly": 0.12,
            "eps_growth_yearly": 30.35
        },
        "20092": {
            "year_quarter": 20092,
            "year": 2009,
            "quarter": 2,
            "eps": 0.34,
            "eps_growth_year": 580,
            "eps_4q": 0.37,
            "eps_4q_growth_year": null,
            "roe": 3.15,
            "roe_4q": 3.4499999999999997,
            "gross_profit": 44129,
            "gross_margin": 20.86,
            "gross_margin_4q_avg": 16.42,
            "net_income": 13885,
            "revenue": 211570,
            "common_shares": 413920,
            "book_valuer_per_share": 10.81,
            "book_valuer_per_share_4q_avg": 10.53,
            "equity": 447508,
            "current_ratio": 115.02,
            "debt_ratio": 50.4,
            "inventory_turnover_ratio": 1.19,
            "account_receivable_turnover_ratio": 1.23,
            "reinvestment_rate": null,
            "research_to_sale_ratio": null,
            "price_fair": 19.6,
            "eps_avg_yearly": 0.56,
            "eps_latest_yearly": 1.36,
            "eps_growth_yearly": 86.64
        },
        "20093": {
            "year_quarter": 20093,
            "year": 2009,
            "quarter": 3,
            "eps": 0.39,
            "eps_growth_year": 1200,
            "eps_4q": 0.73,
            "eps_4q_growth_year": null,
            "roe": 3.49,
            "roe_4q": 6.62,
            "gross_profit": 51805,
            "gross_margin": 22.44,
            "gross_margin_4q_avg": 18.14,
            "net_income": 15888,
            "revenue": 230860,
            "common_shares": 413920,
            "book_valuer_per_share": 11.17,
            "book_valuer_per_share_4q_avg": 10.69,
            "equity": 462210,
            "current_ratio": 119.62,
            "debt_ratio": 48.36,
            "inventory_turnover_ratio": 1.18,
            "account_receivable_turnover_ratio": 1.29,
            "reinvestment_rate": -2044.11,
            "research_to_sale_ratio": null,
            "price_fair": 26.6,
            "eps_avg_yearly": 0.76,
            "eps_latest_yearly": 1.56,
            "eps_growth_yearly": 146.01
        },
        "20094": {
            "year_quarter": 20094,
            "year": 2009,
            "quarter": 4,
            "eps": 0.52,
            "eps_growth_year": null,
            "eps_4q": 1.17,
            "eps_4q_growth_year": 734.94,
            "roe": 4.04,
            "roe_4q": 12.54,
            "gross_profit": 62784,
            "gross_margin": 23.06,
            "gross_margin_4q_avg": 20.82,
            "net_income": 22165,
            "revenue": 272215,
            "common_shares": 513920,
            "book_valuer_per_share": 12.4,
            "book_valuer_per_share_4q_avg": 11.22,
            "equity": 636096,
            "current_ratio": 207.49,
            "debt_ratio": 33.08,
            "inventory_turnover_ratio": 1.29,
            "account_receivable_turnover_ratio": 2.94,
            "reinvestment_rate": -380.22,
            "research_to_sale_ratio": null,
            "price_fair": 31.47,
            "eps_avg_yearly": 0.98,
            "eps_latest_yearly": 2.08,
            "eps_growth_yearly": 22.2
        },
        "20101": {
            "year_quarter": 20101,
            "year": 2010,
            "quarter": 1,
            "eps": 0.56,
            "eps_growth_year": 194.74,
            "eps_4q": 1.57,
            "eps_4q_growth_year": 1804.45,
            "roe": 4.41,
            "roe_4q": 15.09,
            "gross_profit": 60809,
            "gross_margin": 21.36,
            "gross_margin_4q_avg": 21.93,
            "net_income": 28675,
            "revenue": 284634,
            "common_shares": 513920,
            "book_valuer_per_share": 12.96,
            "book_valuer_per_share_4q_avg": 11.84,
            "equity": 664751,
            "current_ratio": 220.66,
            "debt_ratio": 29.15,
            "inventory_turnover_ratio": 1.24,
            "account_receivable_turnover_ratio": 1.66,
            "reinvestment_rate": -203.36,
            "research_to_sale_ratio": 0.9,
            "price_fair": 3.45,
            "eps_avg_yearly": 1.15,
            "eps_latest_yearly": 2.24,
            "eps_growth_yearly": -22.38
        },
        "20102": {
            "year_quarter": 20102,
            "year": 2010,
            "quarter": 2,
            "eps": 0.44,
            "eps_growth_year": 30.22,
            "eps_4q": 1.74,
            "eps_4q_growth_year": 368.49,
            "roe": 3.42,
            "roe_4q": 15.360000000000001,
            "gross_profit": 61668,
            "gross_margin": 20.88,
            "gross_margin_4q_avg": 21.94,
            "net_income": 22705,
            "revenue": 295387,
            "common_shares": 513920,
            "book_valuer_per_share": 12.93,
            "book_valuer_per_share_4q_avg": 12.37,
            "equity": 663203,
            "current_ratio": 220.75,
            "debt_ratio": 42.93,
            "inventory_turnover_ratio": 1.15,
            "account_receivable_turnover_ratio": 1.78,
            "reinvestment_rate": -63.27,
            "research_to_sale_ratio": 2.85,
            "price_fair": 3.99,
            "eps_avg_yearly": 1.33,
            "eps_latest_yearly": 1.76,
            "eps_growth_yearly": -3.86
        },
        "20103": {
            "year_quarter": 20103,
            "year": 2010,
            "quarter": 3,
            "eps": 0.34,
            "eps_growth_year": -11.89,
            "eps_4q": 1.78,
            "eps_4q_growth_year": 143.91,
            "roe": 2.62,
            "roe_4q": 14.489999999999998,
            "gross_profit": 50784,
            "gross_margin": 17.79,
            "gross_margin_4q_avg": 20.77,
            "net_income": 17621,
            "revenue": 285418,
            "common_shares": 513920,
            "book_valuer_per_share": 13.27,
            "book_valuer_per_share_4q_avg": 12.89,
            "equity": 680606,
            "current_ratio": 219.26,
            "debt_ratio": 42.66,
            "inventory_turnover_ratio": 1.02,
            "account_receivable_turnover_ratio": 1.38,
            "reinvestment_rate": 84.32,
            "research_to_sale_ratio": 2.5,
            "price_fair": 4.01,
            "eps_avg_yearly": 1.34,
            "eps_latest_yearly": 1.36,
            "eps_growth_yearly": -14.74
        },
        "20104": {
            "year_quarter": 20104,
            "year": 2010,
            "quarter": 4,
            "eps": 0.1,
            "eps_growth_year": -80.82,
            "eps_4q": 1.4,
            "eps_4q_growth_year": 19.99,
            "roe": 0.76,
            "roe_4q": 11.21,
            "gross_profit": 54512,
            "gross_margin": 18.64,
            "gross_margin_4q_avg": 19.67,
            "net_income": 5282,
            "revenue": 292485,
            "common_shares": 513920,
            "book_valuer_per_share": 13.39,
            "book_valuer_per_share_4q_avg": 13.14,
            "equity": 701789,
            "current_ratio": 216.3,
            "debt_ratio": 42.81,
            "inventory_turnover_ratio": 1.05,
            "account_receivable_turnover_ratio": 1.13,
            "reinvestment_rate": 66.1,
            "research_to_sale_ratio": 1.29,
            "price_fair": 3.69,
            "eps_avg_yearly": 1.23,
            "eps_latest_yearly": 0.4,
            "eps_growth_yearly": -44.47
        },
        "20111": {
            "year_quarter": 20111,
            "year": 2011,
            "quarter": 1,
            "eps": 0.27,
            "eps_growth_year": -51.79,
            "eps_4q": 1.13,
            "eps_4q_growth_year": -28.36,
            "roe": 1.95,
            "roe_4q": 8.75,
            "gross_profit": 50763,
            "gross_margin": 16.58,
            "gross_margin_4q_avg": 18.47,
            "net_income": 13870,
            "revenue": 306177,
            "common_shares": 525510,
            "book_valuer_per_share": 13.68,
            "book_valuer_per_share_4q_avg": 13.32,
            "equity": 720628,
            "current_ratio": 199.74,
            "debt_ratio": 43.62,
            "inventory_turnover_ratio": 1.16,
            "account_receivable_turnover_ratio": 1.03,
            "reinvestment_rate": 47.48,
            "research_to_sale_ratio": 2.25,
            "price_fair": 42.56,
            "eps_avg_yearly": 1.22,
            "eps_latest_yearly": 1.08,
            "eps_growth_yearly": 27.97
        },
        "20112": {
            "year_quarter": 20112,
            "year": 2011,
            "quarter": 2,
            "eps": 0.02,
            "eps_growth_year": -94.62,
            "eps_4q": 0.72,
            "eps_4q_growth_year": -58.62,
            "roe": 0.18,
            "roe_4q": 5.51,
            "gross_profit": 39812,
            "gross_margin": 13.96,
            "gross_margin_4q_avg": 16.74,
            "net_income": 1254,
            "revenue": 285272,
            "common_shares": 528020,
            "book_valuer_per_share": 12.71,
            "book_valuer_per_share_4q_avg": 13.26,
            "equity": 669774,
            "current_ratio": 122,
            "debt_ratio": 45.93,
            "inventory_turnover_ratio": 1.06,
            "account_receivable_turnover_ratio": 0.92,
            "reinvestment_rate": 40.39,
            "research_to_sale_ratio": 0.89,
            "price_fair": 3.34,
            "eps_avg_yearly": 1.11,
            "eps_latest_yearly": 0.08,
            "eps_growth_yearly": -8.24
        },
        "20113": {
            "year_quarter": 20113,
            "year": 2011,
            "quarter": 3,
            "eps": 0.09,
            "eps_growth_year": -73.43,
            "eps_4q": 0.49,
            "eps_4q_growth_year": -72.55,
            "roe": 0.71,
            "roe_4q": 3.5999999999999996,
            "gross_profit": 35933,
            "gross_margin": 14.27,
            "gross_margin_4q_avg": 15.86,
            "net_income": 4696,
            "revenue": 251775,
            "common_shares": 533289,
            "book_valuer_per_share": 12.71,
            "book_valuer_per_share_4q_avg": 13.12,
            "equity": 654066,
            "current_ratio": 128.96,
            "debt_ratio": 53.25,
            "inventory_turnover_ratio": 0.86,
            "account_receivable_turnover_ratio": 0.83,
            "reinvestment_rate": 35.14,
            "research_to_sale_ratio": 0.61,
            "price_fair": 36.75,
            "eps_avg_yearly": 1.05,
            "eps_latest_yearly": 0.36,
            "eps_growth_yearly": 109.11
        },
        "20114": {
            "year_quarter": 20114,
            "year": 2011,
            "quarter": 4,
            "eps": -0.31,
            "eps_growth_year": -407.89,
            "eps_4q": 0.09,
            "eps_4q_growth_year": -93.75,
            "roe": -2.41,
            "roe_4q": 0.4299999999999997,
            "gross_profit": 24642,
            "gross_margin": 8.5,
            "gross_margin_4q_avg": 13.33,
            "net_income": -15421,
            "revenue": 289846,
            "common_shares": 503289,
            "book_valuer_per_share": 12.44,
            "book_valuer_per_share_4q_avg": 12.89,
            "equity": 624630,
            "current_ratio": 140,
            "debt_ratio": 46.41,
            "inventory_turnover_ratio": 1.23,
            "account_receivable_turnover_ratio": 0.94,
            "reinvestment_rate": 40.59,
            "research_to_sale_ratio": 0.47,
            "price_fair": 36.75,
            "eps_avg_yearly": 1.05,
            "eps_latest_yearly": 0.36,
            "eps_growth_yearly": 109.11
        },
        "20121": {
            "year_quarter": 20121,
            "year": 2012,
            "quarter": 1,
            "eps": 0.34,
            "eps_growth_year": 25.93,
            "eps_4q": 0.15,
            "eps_4q_growth_year": -86.82,
            "roe": 2.67,
            "roe_4q": 1.1499999999999997,
            "gross_profit": 44147,
            "gross_margin": 15.29,
            "gross_margin_4q_avg": 13.01,
            "net_income": 16925,
            "revenue": 288799,
            "common_shares": 503289,
            "book_valuer_per_share": 12.77,
            "book_valuer_per_share_4q_avg": 12.66,
            "equity": 641484,
            "current_ratio": 138.66,
            "debt_ratio": 45.37,
            "inventory_turnover_ratio": 1.59,
            "account_receivable_turnover_ratio": 0.95,
            "reinvestment_rate": 36.62,
            "research_to_sale_ratio": 0.67,
            "price_fair": 36.75,
            "eps_avg_yearly": 1.05,
            "eps_latest_yearly": 0.36,
            "eps_growth_yearly": 109.11
        },
        "20122": {
            "year_quarter": 20122,
            "year": 2012,
            "quarter": 2,
            "eps": 0.24,
            "eps_growth_year": 919.36,
            "eps_4q": 0.37,
            "eps_4q_growth_year": -49.28,
            "roe": 1.87,
            "roe_4q": 2.84,
            "gross_profit": 48123,
            "gross_margin": 14.8,
            "gross_margin_4q_avg": 13.22,
            "net_income": 12183,
            "revenue": 325071,
            "common_shares": 503289,
            "book_valuer_per_share": 13.23,
            "book_valuer_per_share_4q_avg": 12.79,
            "equity": 664258,
            "current_ratio": 188.81,
            "debt_ratio": 47.5,
            "inventory_turnover_ratio": 1.96,
            "account_receivable_turnover_ratio": 1.08,
            "reinvestment_rate": 30.33,
            "research_to_sale_ratio": 0.93,
            "price_fair": 38.97,
            "eps_avg_yearly": 1.11,
            "eps_latest_yearly": 0.96,
            "eps_growth_yearly": 125.98
        },
        "20123": {
            "year_quarter": 20123,
            "year": 2012,
            "quarter": 3,
            "eps": 0.44,
            "eps_growth_year": 381.04,
            "eps_4q": 0.7,
            "eps_4q_growth_year": 42.64,
            "roe": 3.38,
            "roe_4q": 5.51,
            "gross_profit": 53104,
            "gross_margin": 15.3,
            "gross_margin_4q_avg": 13.47,
            "net_income": 23397,
            "revenue": 347062,
            "common_shares": 503289,
            "book_valuer_per_share": 14.35,
            "book_valuer_per_share_4q_avg": 13.2,
            "equity": 720888,
            "current_ratio": 200.41,
            "debt_ratio": 41.97,
            "inventory_turnover_ratio": 1.91,
            "account_receivable_turnover_ratio": 1.06,
            "reinvestment_rate": 27.19,
            "research_to_sale_ratio": 1.21,
            "price_fair": 43.75,
            "eps_avg_yearly": 1.25,
            "eps_latest_yearly": 1.76,
            "eps_growth_yearly": 167.09
        },
        "20124": {
            "year_quarter": 20124,
            "year": 2012,
            "quarter": 4,
            "eps": 0.29,
            "eps_growth_year": null,
            "eps_4q": 1.32,
            "eps_4q_growth_year": 1404.56,
            "roe": 2.11,
            "roe_4q": 10.030000000000001,
            "gross_profit": 58231,
            "gross_margin": 17.07,
            "gross_margin_4q_avg": 15.62,
            "net_income": 15068,
            "revenue": 341189,
            "common_shares": 532803,
            "book_valuer_per_share": 14.1,
            "book_valuer_per_share_4q_avg": 13.61,
            "equity": 708759,
            "current_ratio": 195.16,
            "debt_ratio": 41.99,
            "inventory_turnover_ratio": 1.77,
            "account_receivable_turnover_ratio": 1.01,
            "reinvestment_rate": 22.42,
            "research_to_sale_ratio": 1.25,
            "price_fair": 43.51,
            "eps_avg_yearly": 1.24,
            "eps_latest_yearly": 1.16,
            "eps_growth_yearly": 143.75
        },
        "20131": {
            "year_quarter": 20131,
            "year": 2013,
            "quarter": 1,
            "eps": 0.28,
            "eps_growth_year": -17.65,
            "eps_4q": 1.24,
            "eps_4q_growth_year": 733.19,
            "roe": 2.03,
            "roe_4q": 9.39,
            "gross_profit": 45296,
            "gross_margin": 16.14,
            "gross_margin_4q_avg": 15.83,
            "net_income": 14647,
            "revenue": 280608,
            "common_shares": 542715,
            "book_valuer_per_share": 14.37,
            "book_valuer_per_share_4q_avg": 14.01,
            "equity": 736654,
            "current_ratio": 224.98,
            "debt_ratio": 36.66,
            "inventory_turnover_ratio": 1.53,
            "account_receivable_turnover_ratio": 0.86,
            "reinvestment_rate": 17.64,
            "research_to_sale_ratio": 1.04,
            "price_fair": 43.2,
            "eps_avg_yearly": 1.23,
            "eps_latest_yearly": 1.12,
            "eps_growth_yearly": 132.49
        },
        "20132": {
            "year_quarter": 20132,
            "year": 2013,
            "quarter": 2,
            "eps": 0.26,
            "eps_growth_year": 7.17,
            "eps_4q": 1.26,
            "eps_4q_growth_year": 243.38,
            "roe": 1.86,
            "roe_4q": 9.379999999999999,
            "gross_profit": 58978,
            "gross_margin": 20.9,
            "gross_margin_4q_avg": 17.35,
            "net_income": 13537,
            "revenue": 282213,
            "common_shares": 557978,
            "book_valuer_per_share": 13.51,
            "book_valuer_per_share_4q_avg": 14.08,
            "equity": 722450,
            "current_ratio": 127.28,
            "debt_ratio": 41.63,
            "inventory_turnover_ratio": 1.48,
            "account_receivable_turnover_ratio": 0.86,
            "reinvestment_rate": 17.5,
            "research_to_sale_ratio": 0.87,
            "price_fair": 42.4,
            "eps_avg_yearly": 1.21,
            "eps_latest_yearly": 1.04,
            "eps_growth_yearly": 107.9
        },
        "20133": {
            "year_quarter": 20133,
            "year": 2013,
            "quarter": 3,
            "eps": 0.27,
            "eps_growth_year": -38.51,
            "eps_4q": 1.08,
            "eps_4q_growth_year": 55.72,
            "roe": 1.89,
            "roe_4q": 7.889999999999999,
            "gross_profit": 46297,
            "gross_margin": 17.73,
            "gross_margin_4q_avg": 17.96,
            "net_income": 13815,
            "revenue": 261061,
            "common_shares": 561311,
            "book_valuer_per_share": 13.78,
            "book_valuer_per_share_4q_avg": 13.94,
            "equity": 736427,
            "current_ratio": 152.78,
            "debt_ratio": 43.35,
            "inventory_turnover_ratio": 1.42,
            "account_receivable_turnover_ratio": 0.8,
            "reinvestment_rate": 23.44,
            "research_to_sale_ratio": 0.6,
            "price_fair": 41.2,
            "eps_avg_yearly": 1.18,
            "eps_latest_yearly": 1.08,
            "eps_growth_yearly": 104.79
        },
        "20134": {
            "year_quarter": 20134,
            "year": 2013,
            "quarter": 4,
            "eps": 0.22,
            "eps_growth_year": -26.44,
            "eps_4q": 1,
            "eps_4q_growth_year": -24.04,
            "roe": 1.52,
            "roe_4q": 7.300000000000001,
            "gross_profit": 48462,
            "gross_margin": 17.03,
            "gross_margin_4q_avg": 17.95,
            "net_income": 11354,
            "revenue": 284547,
            "common_shares": 561311,
            "book_valuer_per_share": 13.93,
            "book_valuer_per_share_4q_avg": 13.9,
            "equity": 758456,
            "current_ratio": 156.01,
            "debt_ratio": 43.64,
            "inventory_turnover_ratio": 1.59,
            "account_receivable_turnover_ratio": 0.87,
            "reinvestment_rate": 15.63,
            "research_to_sale_ratio": 0.76,
            "price_fair": 38.2,
            "eps_avg_yearly": 1.09,
            "eps_latest_yearly": 0.88,
            "eps_growth_yearly": 89.98
        },
        "20141": {
            "year_quarter": 20141,
            "year": 2014,
            "quarter": 1,
            "eps": 0.01,
            "eps_growth_year": -96.43,
            "eps_4q": 0.7,
            "eps_4q_growth_year": -43.19,
            "roe": 0.02,
            "roe_4q": 5.29,
            "gross_profit": 37448,
            "gross_margin": 14.22,
            "gross_margin_4q_avg": 17.47,
            "net_income": 185,
            "revenue": 263415,
            "common_shares": 571685,
            "book_valuer_per_share": 13.76,
            "book_valuer_per_share_4q_avg": 13.75,
            "equity": 788328,
            "current_ratio": 184.38,
            "debt_ratio": 39.04,
            "inventory_turnover_ratio": 1.61,
            "account_receivable_turnover_ratio": 0.79,
            "reinvestment_rate": 15.48,
            "research_to_sale_ratio": 0.51,
            "price_fair": 32.7,
            "eps_avg_yearly": 0.93,
            "eps_latest_yearly": 0.04,
            "eps_growth_yearly": 60.51
        },
        "20142": {
            "year_quarter": 20142,
            "year": 2014,
            "quarter": 2,
            "eps": 0.05,
            "eps_growth_year": -80.77,
            "eps_4q": 0.51,
            "eps_4q_growth_year": -59.57,
            "roe": 0.34,
            "roe_4q": 3.77,
            "gross_profit": 45815,
            "gross_margin": 18.37,
            "gross_margin_4q_avg": 16.84,
            "net_income": 2629,
            "revenue": 249448,
            "common_shares": 606638,
            "book_valuer_per_share": 13.22,
            "book_valuer_per_share_4q_avg": 13.67,
            "equity": 765693,
            "current_ratio": 167.35,
            "debt_ratio": 39.03,
            "inventory_turnover_ratio": 1.43,
            "account_receivable_turnover_ratio": 0.82,
            "reinvestment_rate": -11.08,
            "research_to_sale_ratio": 0.6,
            "price_fair": 28.8,
            "eps_avg_yearly": 0.82,
            "eps_latest_yearly": 0.2,
            "eps_growth_yearly": 180.92
        },
        "20143": {
            "year_quarter": 20143,
            "year": 2014,
            "quarter": 3,
            "eps": -0.01,
            "eps_growth_year": -103.7,
            "eps_4q": 0.25,
            "eps_4q_growth_year": -76.76,
            "roe": -0.12,
            "roe_4q": 1.76,
            "gross_profit": 36847,
            "gross_margin": 14.82,
            "gross_margin_4q_avg": 16.11,
            "net_income": -910,
            "revenue": 248670,
            "common_shares": 606638,
            "book_valuer_per_share": 13.22,
            "book_valuer_per_share_4q_avg": 13.53,
            "equity": 765626,
            "current_ratio": 146.83,
            "debt_ratio": 40.62,
            "inventory_turnover_ratio": 1.34,
            "account_receivable_turnover_ratio": 0.84,
            "reinvestment_rate": -90.88,
            "research_to_sale_ratio": 0.69,
            "price_fair": 27.35,
            "eps_avg_yearly": 0.78,
            "eps_latest_yearly": 0.2,
            "eps_growth_yearly": 201.83
        },
        "20144": {
            "year_quarter": 20144,
            "year": 2014,
            "quarter": 4,
            "eps": -0.01,
            "eps_growth_year": -105.13,
            "eps_4q": 0.04,
            "eps_4q_growth_year": -96.23,
            "roe": -0.11,
            "roe_4q": 0.13000000000000003,
            "gross_profit": 34690,
            "gross_margin": 13.08,
            "gross_margin_4q_avg": 15.12,
            "net_income": -865,
            "revenue": 265240,
            "common_shares": 606638,
            "book_valuer_per_share": 13.23,
            "book_valuer_per_share_4q_avg": 13.36,
            "equity": 765638,
            "current_ratio": 158.14,
            "debt_ratio": 39.99,
            "inventory_turnover_ratio": 1.43,
            "account_receivable_turnover_ratio": 0.83,
            "reinvestment_rate": -92.49,
            "research_to_sale_ratio": 0.65,
            "price_fair": 28.47,
            "eps_avg_yearly": 0.81,
            "eps_latest_yearly": 0.2,
            "eps_growth_yearly": 242.17
        },
        "20151": {
            "year_quarter": 20151,
            "year": 2015,
            "quarter": 1,
            "eps": -0.02,
            "eps_growth_year": -300,
            "eps_4q": 0.01,
            "eps_4q_growth_year": -98.33,
            "roe": -0.14,
            "roe_4q": -0.02999999999999997,
            "gross_profit": 27202,
            "gross_margin": 13.32,
            "gross_margin_4q_avg": 14.9,
            "net_income": -1099,
            "revenue": 204274,
            "common_shares": 606638,
            "book_valuer_per_share": 13.21,
            "book_valuer_per_share_4q_avg": 13.22,
            "equity": 764539,
            "current_ratio": 232.09,
            "debt_ratio": 38.38,
            "inventory_turnover_ratio": 1.16,
            "account_receivable_turnover_ratio": 0.68,
            "reinvestment_rate": -108.68,
            "research_to_sale_ratio": 0.7,
            "price_fair": 27.62,
            "eps_avg_yearly": 0.79,
            "eps_latest_yearly": 0.2,
            "eps_growth_yearly": 202.37
        },
        "20152": {
            "year_quarter": 20152,
            "year": 2015,
            "quarter": 2,
            "eps": -0.05,
            "eps_growth_year": -200,
            "eps_4q": -0.09,
            "eps_4q_growth_year": -118.05,
            "roe": -0.41,
            "roe_4q": -0.78,
            "gross_profit": 27941,
            "gross_margin": 11.87,
            "gross_margin_4q_avg": 13.27,
            "net_income": -3132,
            "revenue": 235346,
            "common_shares": 606638,
            "book_valuer_per_share": 13.16,
            "book_valuer_per_share_4q_avg": 13.21,
            "equity": 761407,
            "current_ratio": 307.04,
            "debt_ratio": 32.82,
            "inventory_turnover_ratio": 1.55,
            "account_receivable_turnover_ratio": 0.86,
            "reinvestment_rate": -115.94,
            "research_to_sale_ratio": 0.73,
            "price_fair": 30.1,
            "eps_avg_yearly": 0.86,
            "eps_latest_yearly": 0.2,
            "eps_growth_yearly": 259.65
        },
        "20153": {
            "year_quarter": 20153,
            "year": 2015,
            "quarter": 3,
            "eps": 1.26,
            "eps_growth_year": null,
            "eps_4q": 1.21,
            "eps_4q_growth_year": 378.53,
            "roe": 9.08,
            "roe_4q": 8.42,
            "gross_profit": 36672,
            "gross_margin": 15.26,
            "gross_margin_4q_avg": 13.38,
            "net_income": 71436,
            "revenue": 240374,
            "common_shares": 606638,
            "book_valuer_per_share": 14.61,
            "book_valuer_per_share_4q_avg": 13.55,
            "equity": 812580,
            "current_ratio": 431.17,
            "debt_ratio": 25.02,
            "inventory_turnover_ratio": 1.77,
            "account_receivable_turnover_ratio": 0.81,
            "reinvestment_rate": -136.89,
            "research_to_sale_ratio": 0.63,
            "price_fair": 32.04,
            "eps_avg_yearly": 0.92,
            "eps_latest_yearly": 0.2,
            "eps_growth_yearly": 132.94
        },
        "20154": {
            "year_quarter": 20154,
            "year": 2015,
            "quarter": 4,
            "eps": 0.11,
            "eps_growth_year": null,
            "eps_4q": 1.34,
            "eps_4q_growth_year": 3457.46,
            "roe": 0.57,
            "roe_4q": 9.1,
            "gross_profit": 34178,
            "gross_margin": 16.41,
            "gross_margin_4q_avg": 14.22,
            "net_income": 4655,
            "revenue": 208268,
            "common_shares": 606638,
            "book_valuer_per_share": 14.79,
            "book_valuer_per_share_4q_avg": 13.94,
            "equity": 810217,
            "current_ratio": 573.98,
            "debt_ratio": 21.95,
            "inventory_turnover_ratio": 1.68,
            "account_receivable_turnover_ratio": 0.69,
            "reinvestment_rate": -127.17,
            "research_to_sale_ratio": 0.74,
            "price_fair": 30.38,
            "eps_avg_yearly": 0.87,
            "eps_latest_yearly": 0.44,
            "eps_growth_yearly": 83.14
        },
        "20161": {
            "year_quarter": 20161,
            "year": 2016,
            "quarter": 1,
            "eps": 0.15,
            "eps_growth_year": null,
            "eps_4q": 1.51,
            "eps_4q_growth_year": 12740.19,
            "roe": 0.98,
            "roe_4q": 10.219999999999999,
            "gross_profit": 36069,
            "gross_margin": 18.61,
            "gross_margin_4q_avg": 15.54,
            "net_income": 7951,
            "revenue": 193799,
            "common_shares": 546638,
            "book_valuer_per_share": 14.94,
            "book_valuer_per_share_4q_avg": 14.38,
            "equity": 816633,
            "current_ratio": 530.7,
            "debt_ratio": 21.22,
            "inventory_turnover_ratio": 1.65,
            "account_receivable_turnover_ratio": 0.7,
            "reinvestment_rate": -132.39,
            "research_to_sale_ratio": 0.82,
            "price_fair": 29.53,
            "eps_avg_yearly": 0.84,
            "eps_latest_yearly": 0.6,
            "eps_growth_yearly": 88.8
        },
        "20162": {
            "year_quarter": 20162,
            "year": 2016,
            "quarter": 2,
            "eps": 0.21,
            "eps_growth_year": null,
            "eps_4q": 1.77,
            "eps_4q_growth_year": null,
            "roe": 1.4,
            "roe_4q": 12.03,
            "gross_profit": 41287,
            "gross_margin": 18.14,
            "gross_margin_4q_avg": 17.11,
            "net_income": 11228,
            "revenue": 227574,
            "common_shares": 546638,
            "book_valuer_per_share": 14.44,
            "book_valuer_per_share_4q_avg": 14.7,
            "equity": 789596,
            "current_ratio": 393.69,
            "debt_ratio": 22.18,
            "inventory_turnover_ratio": 2.16,
            "account_receivable_turnover_ratio": 0.83,
            "reinvestment_rate": -130.48,
            "research_to_sale_ratio": 1.55,
            "price_fair": 29.15,
            "eps_avg_yearly": 0.83,
            "eps_latest_yearly": 0.84,
            "eps_growth_yearly": 114.04
        },
        "20163": {
            "year_quarter": 20163,
            "year": 2016,
            "quarter": 3,
            "eps": 0.25,
            "eps_growth_year": -80.16,
            "eps_4q": 0.71,
            "eps_4q_growth_year": -41.18,
            "roe": 1.72,
            "roe_4q": 4.67,
            "gross_profit": 44691,
            "gross_margin": 20.42,
            "gross_margin_4q_avg": 18.4,
            "net_income": 13710,
            "revenue": 218842,
            "common_shares": 546638,
            "book_valuer_per_share": 14.7,
            "book_valuer_per_share_4q_avg": 14.72,
            "equity": 803306,
            "current_ratio": 439.58,
            "debt_ratio": 19.49,
            "inventory_turnover_ratio": 2.05,
            "account_receivable_turnover_ratio": 0.76,
            "reinvestment_rate": -136.11,
            "research_to_sale_ratio": 1.03,
            "price_fair": 26.73,
            "eps_avg_yearly": 0.76,
            "eps_latest_yearly": 1,
            "eps_growth_yearly": 90.67
        },
        "20164": {
            "year_quarter": 20164,
            "year": 2016,
            "quarter": 4,
            "eps": 0.54,
            "eps_growth_year": 404.94,
            "eps_4q": 1.12,
            "eps_4q_growth_year": -16.42,
            "roe": 3.71,
            "roe_4q": 7.8100000000000005,
            "gross_profit": 33168,
            "gross_margin": 15.95,
            "gross_margin_4q_avg": 18.28,
            "net_income": 30791,
            "revenue": 207987,
            "common_shares": 546638,
            "book_valuer_per_share": 15.28,
            "book_valuer_per_share_4q_avg": 14.84,
            "equity": 855160,
            "current_ratio": 467.53,
            "debt_ratio": 19.42,
            "inventory_turnover_ratio": 1.73,
            "account_receivable_turnover_ratio": 0.7,
            "reinvestment_rate": -120.74,
            "research_to_sale_ratio": 1.39,
            "price_fair": 29.91,
            "eps_avg_yearly": 0.85,
            "eps_latest_yearly": 2.16,
            "eps_growth_yearly": 145.24
        },
        "20171": {
            "year_quarter": 20171,
            "year": 2017,
            "quarter": 1,
            "eps": 0.87,
            "eps_growth_year": 480,
            "eps_4q": 1.87,
            "eps_4q_growth_year": 24.27,
            "roe": 5.57,
            "roe_4q": 12.400000000000002,
            "gross_profit": 32034,
            "gross_margin": 16.86,
            "gross_margin_4q_avg": 17.84,
            "net_income": 48956,
            "revenue": 189997,
            "common_shares": 559618,
            "book_valuer_per_share": 16.16,
            "book_valuer_per_share_4q_avg": 15.15,
            "equity": 904116,
            "current_ratio": 592.51,
            "debt_ratio": 16.04,
            "inventory_turnover_ratio": 1.51,
            "account_receivable_turnover_ratio": 0.67,
            "reinvestment_rate": -97.89,
            "research_to_sale_ratio": 1.15,
            "price_fair": 37.42,
            "eps_avg_yearly": 1.07,
            "eps_latest_yearly": 3.48,
            "eps_growth_yearly": 168.72
        },
        "20172": {
            "year_quarter": 20172,
            "year": 2017,
            "quarter": 2,
            "eps": 0.25,
            "eps_growth_year": 19.05,
            "eps_4q": 1.92,
            "eps_4q_growth_year": 8.42,
            "roe": 1.54,
            "roe_4q": 12.540000000000001,
            "gross_profit": 33494,
            "gross_margin": 15.67,
            "gross_margin_4q_avg": 17.23,
            "net_income": 13725,
            "revenue": 213736,
            "common_shares": 559618,
            "book_valuer_per_share": 15.7,
            "book_valuer_per_share_4q_avg": 15.46,
            "equity": 878668,
            "current_ratio": 467.41,
            "debt_ratio": 19.43,
            "inventory_turnover_ratio": 1.76,
            "account_receivable_turnover_ratio": 0.78,
            "reinvestment_rate": -96.89,
            "research_to_sale_ratio": 0.5,
            "price_fair": 37.29,
            "eps_avg_yearly": 1.07,
            "eps_latest_yearly": 1,
            "eps_growth_yearly": 145.4
        },
        "20173": {
            "year_quarter": 20173,
            "year": 2017,
            "quarter": 3,
            "eps": 0.36,
            "eps_growth_year": 44,
            "eps_4q": 2.03,
            "eps_4q_growth_year": 186.26,
            "roe": 2.26,
            "roe_4q": 13.080000000000002,
            "gross_profit": 29851,
            "gross_margin": 14.02,
            "gross_margin_4q_avg": 15.63,
            "net_income": 20110,
            "revenue": 212872,
            "common_shares": 559618,
            "book_valuer_per_share": 16.06,
            "book_valuer_per_share_4q_avg": 15.8,
            "equity": 898693,
            "current_ratio": 587.74,
            "debt_ratio": 15.66,
            "inventory_turnover_ratio": 1.75,
            "account_receivable_turnover_ratio": 0.73,
            "reinvestment_rate": -99.17,
            "research_to_sale_ratio": 1.08,
            "price_fair": 38.44,
            "eps_avg_yearly": 1.1,
            "eps_latest_yearly": 1.44,
            "eps_growth_yearly": 160.01
        },
        "20174": {
            "year_quarter": 20174,
            "year": 2017,
            "quarter": 4,
            "eps": 0.08,
            "eps_growth_year": -84.65,
            "eps_4q": 1.56,
            "eps_4q_growth_year": 39.39,
            "roe": 0.52,
            "roe_4q": 9.89,
            "gross_profit": 23842,
            "gross_margin": 10.68,
            "gross_margin_4q_avg": 14.31,
            "net_income": 4655,
            "revenue": 223203,
            "common_shares": 559618,
            "book_valuer_per_share": 16.15,
            "book_valuer_per_share_4q_avg": 16.02,
            "equity": 903997,
            "current_ratio": 478.76,
            "debt_ratio": 18.99,
            "inventory_turnover_ratio": 1.8,
            "account_receivable_turnover_ratio": 0.76,
            "reinvestment_rate": -99.8,
            "research_to_sale_ratio": 0.63,
            "price_fair": 36.65,
            "eps_avg_yearly": 1.05,
            "eps_latest_yearly": 0.32,
            "eps_growth_yearly": 138.46
        },
        "20181": {
            "year_quarter": 20181,
            "year": 2018,
            "quarter": 1,
            "eps": 0.01,
            "eps_growth_year": -98.85,
            "eps_4q": 0.7,
            "eps_4q_growth_year": -62.78,
            "roe": 0.05,
            "roe_4q": 4.37,
            "gross_profit": 20492,
            "gross_margin": 10.06,
            "gross_margin_4q_avg": 12.61,
            "net_income": 473,
            "revenue": 203721,
            "common_shares": 559618,
            "book_valuer_per_share": 16.12,
            "book_valuer_per_share_4q_avg": 16.01,
            "equity": 902032,
            "current_ratio": 391.59,
            "debt_ratio": 22.53,
            "inventory_turnover_ratio": 1.5,
            "account_receivable_turnover_ratio": 0.72,
            "reinvestment_rate": -72.34,
            "research_to_sale_ratio": 1.02,
            "price_fair": 36.65,
            "eps_avg_yearly": 1.05,
            "eps_latest_yearly": 0.04,
            "eps_growth_yearly": 141.35
        },
        "20182": {
            "year_quarter": 20182,
            "year": 2018,
            "quarter": 2,
            "eps": 0.04,
            "eps_growth_year": -84,
            "eps_4q": 0.51,
            "eps_4q_growth_year": -73.25,
            "roe": 0.29,
            "roe_4q": 3.1199999999999997,
            "gross_profit": 23616,
            "gross_margin": 9.58,
            "gross_margin_4q_avg": 11.09,
            "net_income": 2495,
            "revenue": 246523,
            "common_shares": 559618,
            "book_valuer_per_share": 15.04,
            "book_valuer_per_share_4q_avg": 15.84,
            "equity": 813948,
            "current_ratio": 279.41,
            "debt_ratio": 30.72,
            "inventory_turnover_ratio": 1.81,
            "account_receivable_turnover_ratio": 0.8,
            "reinvestment_rate": -89.32,
            "research_to_sale_ratio": 0.67,
            "price_fair": 36.53,
            "eps_avg_yearly": 1.04,
            "eps_latest_yearly": 0.16,
            "eps_growth_yearly": 104.99
        },
        "20183": {
            "year_quarter": 20183,
            "year": 2018,
            "quarter": 3,
            "eps": 0.39,
            "eps_growth_year": 8.33,
            "eps_4q": 0.54,
            "eps_4q_growth_year": -73.63,
            "roe": 2.59,
            "roe_4q": 3.4499999999999997,
            "gross_profit": 20084,
            "gross_margin": 9.22,
            "gross_margin_4q_avg": 9.89,
            "net_income": 21258,
            "revenue": 217923,
            "common_shares": 559618,
            "book_valuer_per_share": 15.29,
            "book_valuer_per_share_4q_avg": 15.65,
            "equity": 824918,
            "current_ratio": 254.78,
            "debt_ratio": 31.88,
            "inventory_turnover_ratio": 1.91,
            "account_receivable_turnover_ratio": 0.64,
            "reinvestment_rate": -67.17,
            "research_to_sale_ratio": 0.63,
            "price_fair": 38.03,
            "eps_avg_yearly": 1.09,
            "eps_latest_yearly": 1.56,
            "eps_growth_yearly": 387.9
        },
        "20184": {
            "year_quarter": 20184,
            "year": 2018,
            "quarter": 4,
            "eps": -0.39,
            "eps_growth_year": -563.06,
            "eps_4q": 0.06,
            "eps_4q_growth_year": -95.92,
            "roe": -2.55,
            "roe_4q": 0.38,
            "gross_profit": 22225,
            "gross_margin": 10.67,
            "gross_margin_4q_avg": 9.88,
            "net_income": -20785,
            "revenue": 208355,
            "common_shares": 559618,
            "book_valuer_per_share": 14.91,
            "book_valuer_per_share_4q_avg": 15.34,
            "equity": 804637,
            "current_ratio": 250.42,
            "debt_ratio": 31.57,
            "inventory_turnover_ratio": 2.23,
            "account_receivable_turnover_ratio": 0.61,
            "reinvestment_rate": -71.92,
            "research_to_sale_ratio": 0.45,
            "price_fair": 38.03,
            "eps_avg_yearly": 1.09,
            "eps_latest_yearly": 1.56,
            "eps_growth_yearly": 387.9
        },
        "20191": {
            "year_quarter": 20191,
            "year": 2019,
            "quarter": 1,
            "eps": 0.3,
            "eps_growth_year": 2900,
            "eps_4q": -0.25,
            "eps_4q_growth_year": -135.23,
            "roe": -2.04,
            "roe_4q": -1.71,
            "gross_profit": 23948,
            "gross_margin": 11.51,
            "gross_margin_4q_avg": 10.25,
            "net_income": -16205,
            "revenue": 207987,
            "common_shares": 559618,
            "book_valuer_per_share": 14.51,
            "book_valuer_per_share_4q_avg": 14.94,
            "equity": 782898,
            "current_ratio": 246.04,
            "debt_ratio": 35.67,
            "inventory_turnover_ratio": 2.22,
            "account_receivable_turnover_ratio": 0.62,
            "reinvestment_rate": -65.91,
            "research_to_sale_ratio": 0.47,
            "price_fair": 38.03,
            "eps_avg_yearly": 1.09,
            "eps_latest_yearly": 1.56,
            "eps_growth_yearly": 387.9
        },
        "20192": {
            "year_quarter": 20192,
            "year": 2019,
            "quarter": 2,
            "eps": -0.18,
            "eps_growth_year": -550,
            "eps_4q": -0.47,
            "eps_4q_growth_year": -191.94,
            "roe": -1.26,
            "roe_4q": -3.26,
            "gross_profit": 29862,
            "gross_margin": 13.12,
            "gross_margin_4q_avg": 11.13,
            "net_income": -9688,
            "revenue": 227530,
            "common_shares": 559618,
            "book_valuer_per_share": 14.01,
            "book_valuer_per_share_4q_avg": 14.68,
            "equity": 755924,
            "current_ratio": 218.13,
            "debt_ratio": 38.22,
            "inventory_turnover_ratio": 2.41,
            "account_receivable_turnover_ratio": 0.63,
            "reinvestment_rate": -61.43,
            "research_to_sale_ratio": 0.96,
            "price_fair": 38.03,
            "eps_avg_yearly": 1.09,
            "eps_latest_yearly": 1.56,
            "eps_growth_yearly": 387.9
        },
        "20193": {
            "year_quarter": 20193,
            "year": 2019,
            "quarter": 3,
            "eps": -0.15,
            "eps_growth_year": -138.46,
            "eps_4q": -1.02,
            "eps_4q_growth_year": -290.44,
            "roe": -1.11,
            "roe_4q": -6.96,
            "gross_profit": 27005,
            "gross_margin": 13.86,
            "gross_margin_4q_avg": 12.29,
            "net_income": -8324,
            "revenue": 194846,
            "common_shares": 559618,
            "book_valuer_per_share": 13.7,
            "book_valuer_per_share_4q_avg": 14.28,
            "equity": 739339,
            "current_ratio": 213.89,
            "debt_ratio": 40.17,
            "inventory_turnover_ratio": 2.09,
            "account_receivable_turnover_ratio": 0.52,
            "reinvestment_rate": 49.1,
            "research_to_sale_ratio": 0.61,
            "price_fair": 38.03,
            "eps_avg_yearly": 1.09,
            "eps_latest_yearly": 1.56,
            "eps_growth_yearly": 387.9
        },
        "20194": {
            "year_quarter": 20194,
            "year": 2019,
            "quarter": 4,
            "eps": -0.06,
            "eps_growth_year": null,
            "eps_4q": -0.7,
            "eps_4q_growth_year": -1194.22,
            "roe": -0.47,
            "roe_4q": -4.88,
            "gross_profit": 27102,
            "gross_margin": 11.97,
            "gross_margin_4q_avg": 12.62,
            "net_income": -3435,
            "revenue": 226498,
            "common_shares": 559618,
            "book_valuer_per_share": 13.54,
            "book_valuer_per_share_4q_avg": 13.94,
            "equity": 730630,
            "current_ratio": 249.22,
            "debt_ratio": 41.4,
            "inventory_turnover_ratio": 2.68,
            "account_receivable_turnover_ratio": 0.6,
            "reinvestment_rate": 53.75,
            "research_to_sale_ratio": 0.47,
            "price_fair": 40.09,
            "eps_avg_yearly": 1.15,
            "eps_latest_yearly": 1.56,
            "eps_growth_yearly": 456.36
        },
        "20201": {
            "year_quarter": 20201,
            "year": 2020,
            "quarter": 1,
            "eps": -0.45,
            "eps_growth_year": -250,
            "eps_4q": -0.85,
            "eps_4q_growth_year": null,
            "roe": -3.37,
            "roe_4q": -6.21,
            "gross_profit": 29034,
            "gross_margin": 12.66,
            "gross_margin_4q_avg": 12.9,
            "net_income": -24167,
            "revenue": 229326,
            "common_shares": 559618,
            "book_valuer_per_share": 13.05,
            "book_valuer_per_share_4q_avg": 13.58,
            "equity": 704186,
            "current_ratio": 211.01,
            "debt_ratio": 46.51,
            "inventory_turnover_ratio": 2.77,
            "account_receivable_turnover_ratio": 0.6,
            "reinvestment_rate": 64.4,
            "research_to_sale_ratio": 0.44,
            "price_fair": 42,
            "eps_avg_yearly": 1.2,
            "eps_latest_yearly": 1.56,
            "eps_growth_yearly": 487.45
        },
        "20202": {
            "year_quarter": 20202,
            "year": 2020,
            "quarter": 2,
            "eps": -0.45,
            "eps_growth_year": null,
            "eps_4q": -1.12,
            "eps_4q_growth_year": null,
            "roe": -3.51,
            "roe_4q": -8.459999999999999,
            "gross_profit": 13887,
            "gross_margin": 9.74,
            "gross_margin_4q_avg": 12.06,
            "net_income": -24311,
            "revenue": 142612,
            "common_shares": 559618,
            "book_valuer_per_share": 12.59,
            "book_valuer_per_share_4q_avg": 13.22,
            "equity": 679479,
            "current_ratio": 219.43,
            "debt_ratio": 44.9,
            "inventory_turnover_ratio": 1.51,
            "account_receivable_turnover_ratio": 0.4,
            "reinvestment_rate": 127.65,
            "research_to_sale_ratio": 0.64,
            "price_fair": 43.4,
            "eps_avg_yearly": 1.24,
            "eps_latest_yearly": 1.56,
            "eps_growth_yearly": 523.83
        },
        "20203": {
            "year_quarter": 20203,
            "year": 2020,
            "quarter": 3,
            "eps": -0.56,
            "eps_growth_year": null,
            "eps_4q": -1.53,
            "eps_4q_growth_year": null,
            "roe": -4.59,
            "roe_4q": -11.94,
            "gross_profit": 22850,
            "gross_margin": 14.26,
            "gross_margin_4q_avg": 12.16,
            "net_income": -30484,
            "revenue": 160281,
            "common_shares": 559618,
            "book_valuer_per_share": 12.05,
            "book_valuer_per_share_4q_avg": 12.81,
            "equity": 650095,
            "current_ratio": 183.99,
            "debt_ratio": 47.98,
            "inventory_turnover_ratio": 1.58,
            "account_receivable_turnover_ratio": 0.51,
            "reinvestment_rate": 1001.6,
            "research_to_sale_ratio": 0.62,
            "price_fair": 44.45,
            "eps_avg_yearly": 1.27,
            "eps_latest_yearly": 1.56,
            "eps_growth_yearly": 579.78
        },
        "20204": {
            "year_quarter": 20204,
            "year": 2020,
            "quarter": 4,
            "eps": -0.02,
            "eps_growth_year": null,
            "eps_4q": -1.49,
            "eps_4q_growth_year": null,
            "roe": -0.19,
            "roe_4q": -11.66,
            "gross_profit": 27956,
            "gross_margin": 15.74,
            "gross_margin_4q_avg": 13.1,
            "net_income": -1263,
            "revenue": 177577,
            "common_shares": 559618,
            "book_valuer_per_share": 12.15,
            "book_valuer_per_share_4q_avg": 12.46,
            "equity": 655678,
            "current_ratio": 207.42,
            "debt_ratio": 44.55,
            "inventory_turnover_ratio": 2.08,
            "account_receivable_turnover_ratio": 0.6,
            "reinvestment_rate": null,
            "research_to_sale_ratio": 0.53,
            "price_fair": 40,
            "eps_avg_yearly": 1.14,
            "eps_latest_yearly": 1.56,
            "eps_growth_yearly": 596.33
        },
        "20211": {
            "year_quarter": 20211,
            "year": 2021,
            "quarter": 1,
            "eps": -0.08,
            "eps_growth_year": null,
            "eps_4q": -1.12,
            "eps_4q_growth_year": null,
            "roe": -0.66,
            "roe_4q": -8.95,
            "gross_profit": 16567,
            "gross_margin": 12.53,
            "gross_margin_4q_avg": 13.07,
            "net_income": -4324,
            "revenue": 132259,
            "common_shares": 559618,
            "book_valuer_per_share": 12.01,
            "book_valuer_per_share_4q_avg": 12.2,
            "equity": 648170,
            "current_ratio": 220.87,
            "debt_ratio": 44.6,
            "inventory_turnover_ratio": 1.67,
            "account_receivable_turnover_ratio": 0.47,
            "reinvestment_rate": null,
            "research_to_sale_ratio": 0.76,
            "price_fair": 26.37,
            "eps_avg_yearly": 0.75,
            "eps_latest_yearly": 1.56,
            "eps_growth_yearly": 654.97
        },
        "20212": {
            "year_quarter": 20212,
            "year": 2021,
            "quarter": 2,
            "eps": -0.05,
            "eps_growth_year": null,
            "eps_4q": -0.72,
            "eps_4q_growth_year": null,
            "roe": -0.39,
            "roe_4q": -5.83,
            "gross_profit": 17408,
            "gross_margin": 10.36,
            "gross_margin_4q_avg": 13.22,
            "net_income": -2550,
            "revenue": 167961,
            "common_shares": 559618,
            "book_valuer_per_share": 11.98,
            "book_valuer_per_share_4q_avg": 12.05,
            "equity": 646637,
            "current_ratio": 349.43,
            "debt_ratio": 43.79,
            "inventory_turnover_ratio": 2.2,
            "account_receivable_turnover_ratio": 0.63,
            "reinvestment_rate": null,
            "research_to_sale_ratio": 0.56,
            "price_fair": 24.64,
            "eps_avg_yearly": 0.7,
            "eps_latest_yearly": 1.56,
            "eps_growth_yearly": 842.98
        },
        "20213": {
            "year_quarter": 20213,
            "year": 2021,
            "quarter": 3,
            "eps": 0,
            "eps_growth_year": null,
            "eps_4q": -0.11,
            "eps_4q_growth_year": null,
            "roe": 0.03,
            "roe_4q": -1.21,
            "gross_profit": 13444,
            "gross_margin": 9.07,
            "gross_margin_4q_avg": 11.93,
            "net_income": 250,
            "revenue": 148210,
            "common_shares": 689618,
            "book_valuer_per_share": 11.57,
            "book_valuer_per_share_4q_avg": 11.93,
            "equity": 797602,
            "current_ratio": 486.85,
            "debt_ratio": 36.72,
            "inventory_turnover_ratio": 2.01,
            "account_receivable_turnover_ratio": 0.58,
            "reinvestment_rate": null,
            "research_to_sale_ratio": 0.55,
            "price_fair": 18.2,
            "eps_avg_yearly": 0.52,
            "eps_latest_yearly": 1.56,
            "eps_growth_yearly": 1009.72
        },
        "20214": {
            "year_quarter": 20214,
            "year": 2021,
            "quarter": 4,
            "eps": -0.66,
            "eps_growth_year": null,
            "eps_4q": -0.76,
            "eps_4q_growth_year": null,
            "roe": -5.9,
            "roe_4q": -6.92,
            "gross_profit": 6571,
            "gross_margin": 5.34,
            "gross_margin_4q_avg": 9.33,
            "net_income": -45760,
            "revenue": 123061,
            "common_shares": 689618,
            "book_valuer_per_share": 10.93,
            "book_valuer_per_share_4q_avg": 11.62,
            "equity": 754094,
            "current_ratio": 383.4,
            "debt_ratio": 41.29,
            "inventory_turnover_ratio": 1.32,
            "account_receivable_turnover_ratio": 0.54,
            "reinvestment_rate": null,
            "research_to_sale_ratio": 0.66,
            "price_fair": 20.53,
            "eps_avg_yearly": 0.59,
            "eps_latest_yearly": 1.56,
            "eps_growth_yearly": 1450
        },
        "20221": {
            "year_quarter": 20221,
            "year": 2022,
            "quarter": 1,
            "eps": -0.15,
            "eps_growth_year": null,
            "eps_4q": -0.85,
            "eps_4q_growth_year": null,
            "roe": -1.41,
            "roe_4q": -7.67,
            "gross_profit": 8067,
            "gross_margin": 5.83,
            "gross_margin_4q_avg": 7.65,
            "net_income": -10601,
            "revenue": 138325,
            "common_shares": 689618,
            "book_valuer_per_share": 10.9,
            "book_valuer_per_share_4q_avg": 11.35,
            "equity": 751369,
            "current_ratio": 330.13,
            "debt_ratio": 42.69,
            "inventory_turnover_ratio": 1.34,
            "account_receivable_turnover_ratio": 0.68,
            "reinvestment_rate": null,
            "research_to_sale_ratio": 0.66,
            "price_fair": 30.1,
            "eps_avg_yearly": 0.86,
            "eps_latest_yearly": 1.56,
            "eps_growth_yearly": 2350
        },
        "20222": {
            "year_quarter": 20222,
            "year": 2022,
            "quarter": 2,
            "eps": 0.18,
            "eps_growth_year": null,
            "eps_4q": -0.63,
            "eps_4q_growth_year": null,
            "roe": 1.65,
            "roe_4q": -5.63,
            "gross_profit": 34152,
            "gross_margin": 14.88,
            "gross_margin_4q_avg": 8.78,
            "net_income": 12472,
            "revenue": 229470,
            "common_shares": 689618,
            "book_valuer_per_share": 11.02,
            "book_valuer_per_share_4q_avg": 11.11,
            "equity": 760248,
            "current_ratio": 313.42,
            "debt_ratio": 43.91,
            "inventory_turnover_ratio": 2.12,
            "account_receivable_turnover_ratio": 1.09,
            "reinvestment_rate": null,
            "research_to_sale_ratio": 0.42,
            "price_fair": 54.6,
            "eps_avg_yearly": 1.56,
            "eps_latest_yearly": 1.56,
            "eps_growth_yearly": 3500
        },
        "20223": {
            "year_quarter": 20223,
            "year": 2022,
            "quarter": 3,
            "eps": 0.33,
            "eps_growth_year": null,
            "eps_4q": -0.22,
            "eps_4q_growth_year": null,
            "roe": 2.78,
            "roe_4q": -2.880000000000001,
            "gross_profit": 57217,
            "gross_margin": 24.96,
            "gross_margin_4q_avg": 12.75,
            "net_income": 24203,
            "revenue": 229213,
            "common_shares": 879618,
            "book_valuer_per_share": 11.18,
            "book_valuer_per_share_4q_avg": 11.01,
            "equity": 983456,
            "current_ratio": 419.9,
            "debt_ratio": 39.53,
            "inventory_turnover_ratio": 1.75,
            "account_receivable_turnover_ratio": 0.96,
            "reinvestment_rate": null,
            "research_to_sale_ratio": 0.28,
            "price_fair": 46.2,
            "eps_avg_yearly": 1.32,
            "eps_latest_yearly": 1.32,
            "eps_growth_yearly": 333.33
        },
        "20224": {
            "year_quarter": 20224,
            "year": 2022,
            "quarter": 4,
            "eps": 0.11,
            "eps_growth_year": null,
            "eps_4q": 0.4,
            "eps_4q_growth_year": null,
            "roe": 0.96,
            "roe_4q": 3.9799999999999995,
            "gross_profit": 44187,
            "gross_margin": 22.02,
            "gross_margin_4q_avg": 16.92,
            "net_income": 9488,
            "revenue": 200690,
            "common_shares": 879618,
            "book_valuer_per_share": 11.27,
            "book_valuer_per_share_4q_avg": 11.09,
            "equity": 991599,
            "current_ratio": 510.23,
            "debt_ratio": 39.12,
            "inventory_turnover_ratio": 0.78,
            "account_receivable_turnover_ratio": 0.8,
            "reinvestment_rate": null,
            "research_to_sale_ratio": 0.31,
            "price_fair": 30.8,
            "eps_avg_yearly": 0.88,
            "eps_latest_yearly": 0.44,
            "eps_growth_yearly": 33.33
        },
        "20231": {
            "year_quarter": 20231,
            "year": 2023,
            "quarter": 1,
            "eps": 0.07,
            "eps_growth_year": null,
            "eps_4q": 0.59,
            "eps_4q_growth_year": null,
            "roe": 0.61,
            "roe_4q": 6,
            "gross_profit": 30725,
            "gross_margin": 20.54,
            "gross_margin_4q_avg": 20.6,
            "net_income": 6061,
            "revenue": 149592,
            "common_shares": 879618,
            "book_valuer_per_share": 11.35,
            "book_valuer_per_share_4q_avg": 11.21,
            "equity": 998365,
            "current_ratio": 490.34,
            "debt_ratio": 37.84,
            "inventory_turnover_ratio": 0.4,
            "account_receivable_turnover_ratio": 0.7,
            "reinvestment_rate": null,
            "research_to_sale_ratio": 0.19,
            "price_fair": 2.04,
            "eps_avg_yearly": 0.68,
            "eps_latest_yearly": 0.28,
            "eps_growth_yearly": -26.26
        }
    },
    "months": {
        "2004-03": {
            "month": "2004-03",
            "price": "33.94",
            "revenue": 70901
        },
        "2004-04": {
            "month": "2004-04",
            "price": "39.55",
            "revenue": 75772
        },
        "2004-05": {
            "month": "2004-05",
            "price": "39.50",
            "revenue": 72460
        },
        "2004-06": {
            "month": "2004-06",
            "price": "39.25",
            "revenue": 73079
        },
        "2004-07": {
            "month": "2004-07",
            "price": "35.86",
            "revenue": 75605
        },
        "2004-08": {
            "month": "2004-08",
            "price": "34.35",
            "revenue": 79141
        },
        "2004-09": {
            "month": "2004-09",
            "price": "30.65",
            "revenue": 73271
        },
        "2004-11": {
            "month": "2004-11",
            "price": "28.29",
            "revenue": 51744
        },
        "2004-12": {
            "month": "2004-12",
            "price": "25.63",
            "revenue": 73286
        },
        "2005-01": {
            "month": "2005-01",
            "price": "21.19",
            "revenue": 64385
        },
        "2005-02": {
            "month": "2005-02",
            "price": "20.71",
            "revenue": 54463
        },
        "2005-03": {
            "month": "2005-03",
            "price": "24.13",
            "revenue": 71535
        },
        "2005-04": {
            "month": "2005-04",
            "price": "22.31",
            "revenue": 73315
        },
        "2005-05": {
            "month": "2005-05",
            "price": "21.01",
            "revenue": 75127
        },
        "2005-06": {
            "month": "2005-06",
            "price": "20.81",
            "revenue": 78976
        },
        "2005-07": {
            "month": "2005-07",
            "price": "20.24",
            "revenue": 64917
        },
        "2005-08": {
            "month": "2005-08",
            "price": "15.73",
            "revenue": 69831
        },
        "2005-09": {
            "month": "2005-09",
            "price": "12.84",
            "revenue": 70065
        },
        "2005-10": {
            "month": "2005-10",
            "price": "11.58",
            "revenue": 72247
        },
        "2005-11": {
            "month": "2005-11",
            "price": "9.82",
            "revenue": 65091
        },
        "2005-12": {
            "month": "2005-12",
            "price": "9.85",
            "revenue": 62975
        },
        "2006-01": {
            "month": "2006-01",
            "price": "10.25",
            "revenue": 50650
        },
        "2006-02": {
            "month": "2006-02",
            "price": "9.61",
            "revenue": 65065
        },
        "2006-03": {
            "month": "2006-03",
            "price": "9.16",
            "revenue": 74585
        },
        "2006-04": {
            "month": "2006-04",
            "price": "10.69",
            "revenue": 55316
        },
        "2006-05": {
            "month": "2006-05",
            "price": "10.92",
            "revenue": 63017
        },
        "2006-06": {
            "month": "2006-06",
            "price": "9.74",
            "revenue": 68754
        },
        "2006-07": {
            "month": "2006-07",
            "price": "9.07",
            "revenue": 54680
        },
        "2006-08": {
            "month": "2006-08",
            "price": "8.76",
            "revenue": 56509
        },
        "2006-09": {
            "month": "2006-09",
            "price": "7.87",
            "revenue": 54397
        },
        "2006-10": {
            "month": "2006-10",
            "price": "7.20",
            "revenue": 71709
        },
        "2006-11": {
            "month": "2006-11",
            "price": "7.61",
            "revenue": 61254
        },
        "2006-12": {
            "month": "2006-12",
            "price": "8.21",
            "revenue": 67830
        },
        "2007-01": {
            "month": "2007-01",
            "price": "8.36",
            "revenue": 59729
        },
        "2007-02": {
            "month": "2007-02",
            "price": "8.33",
            "revenue": 46326
        },
        "2007-03": {
            "month": "2007-03",
            "price": "8.48",
            "revenue": 63471
        },
        "2007-04": {
            "month": "2007-04",
            "price": "9.17",
            "revenue": 53738
        },
        "2007-05": {
            "month": "2007-05",
            "price": "9.43",
            "revenue": 55220
        },
        "2007-06": {
            "month": "2007-06",
            "price": "10.63",
            "revenue": 62852
        },
        "2007-07": {
            "month": "2007-07",
            "price": "12.52",
            "revenue": 60715
        },
        "2007-08": {
            "month": "2007-08",
            "price": "10.25",
            "revenue": 84710
        },
        "2007-09": {
            "month": "2007-09",
            "price": "10.75",
            "revenue": 53471
        },
        "2007-10": {
            "month": "2007-10",
            "price": "10.47",
            "revenue": 60514
        },
        "2007-11": {
            "month": "2007-11",
            "price": "9.05",
            "revenue": 72365
        },
        "2007-12": {
            "month": "2007-12",
            "price": "8.55",
            "revenue": 76878
        },
        "2008-01": {
            "month": "2008-01",
            "price": "7.99",
            "revenue": 92258
        },
        "2008-02": {
            "month": "2008-02",
            "price": "8.48",
            "revenue": 61970
        },
        "2008-03": {
            "month": "2008-03",
            "price": "8.60",
            "revenue": 81635
        },
        "2008-04": {
            "month": "2008-04",
            "price": "10.35",
            "revenue": 74637
        },
        "2008-05": {
            "month": "2008-05",
            "price": "10.85",
            "revenue": 58219
        },
        "2008-06": {
            "month": "2008-06",
            "price": "9.36",
            "revenue": 67992
        },
        "2008-07": {
            "month": "2008-07",
            "price": "8.50",
            "revenue": 63316
        },
        "2008-08": {
            "month": "2008-08",
            "price": "8.21",
            "revenue": 61867
        },
        "2008-09": {
            "month": "2008-09",
            "price": "7.24",
            "revenue": 52550
        },
        "2008-10": {
            "month": "2008-10",
            "price": "5.19",
            "revenue": 58857
        },
        "2008-11": {
            "month": "2008-11",
            "price": "4.62",
            "revenue": 67510
        },
        "2008-12": {
            "month": "2008-12",
            "price": "3.99",
            "revenue": 65958
        },
        "2009-01": {
            "month": "2009-01",
            "price": "4.47",
            "revenue": 62805
        },
        "2009-02": {
            "month": "2009-02",
            "price": "6.18",
            "revenue": 64723
        },
        "2009-03": {
            "month": "2009-03",
            "price": "7.92",
            "revenue": 69563
        },
        "2009-04": {
            "month": "2009-04",
            "price": "7.97",
            "revenue": 71354
        },
        "2009-05": {
            "month": "2009-05",
            "price": "8.84",
            "revenue": 63067
        },
        "2009-06": {
            "month": "2009-06",
            "price": "9.01",
            "revenue": 76333
        },
        "2009-07": {
            "month": "2009-07",
            "price": "9.33",
            "revenue": 70805
        },
        "2009-08": {
            "month": "2009-08",
            "price": "9.81",
            "revenue": 72226
        },
        "2009-09": {
            "month": "2009-09",
            "price": "12.26",
            "revenue": 86154
        },
        "2009-10": {
            "month": "2009-10",
            "price": "15.48",
            "revenue": 83598
        },
        "2009-11": {
            "month": "2009-11",
            "price": "16.63",
            "revenue": 90744
        },
        "2009-12": {
            "month": "2009-12",
            "price": "19.62",
            "revenue": 95748
        },
        "2010-01": {
            "month": "2010-01",
            "price": "22.04",
            "revenue": 95484
        },
        "2010-02": {
            "month": "2010-02",
            "price": "18.92",
            "revenue": 87963
        },
        "2010-03": {
            "month": "2010-03",
            "price": "21.17",
            "revenue": 97323
        },
        "2010-04": {
            "month": "2010-04",
            "price": "24.81",
            "revenue": 94959
        },
        "2010-05": {
            "month": "2010-05",
            "price": "23.14",
            "revenue": 97880
        },
        "2010-06": {
            "month": "2010-06",
            "price": "25.11",
            "revenue": 94615
        },
        "2010-07": {
            "month": "2010-07",
            "price": "23.81",
            "revenue": 94540
        },
        "2010-08": {
            "month": "2010-08",
            "price": "22.09",
            "revenue": 92761
        },
        "2010-09": {
            "month": "2010-09",
            "price": "23.75",
            "revenue": 92829
        },
        "2010-10": {
            "month": "2010-10",
            "price": "24.23",
            "revenue": 91833
        },
        "2010-11": {
            "month": "2010-11",
            "price": "20.46",
            "revenue": 93079
        },
        "2010-12": {
            "month": "2010-12",
            "price": "21.69",
            "revenue": 104105
        },
        "2011-01": {
            "month": "2011-01",
            "price": "20.55",
            "revenue": 100236
        },
        "2011-02": {
            "month": "2011-02",
            "price": "18.42",
            "revenue": 93105
        },
        "2011-03": {
            "month": "2011-03",
            "price": "18.62",
            "revenue": 110149
        },
        "2011-04": {
            "month": "2011-04",
            "price": "18.98",
            "revenue": 100372
        },
        "2011-05": {
            "month": "2011-05",
            "price": "17.34",
            "revenue": 84661
        },
        "2011-06": {
            "month": "2011-06",
            "price": "15.63",
            "revenue": 96720
        },
        "2011-07": {
            "month": "2011-07",
            "price": "14.40",
            "revenue": 83080
        },
        "2011-08": {
            "month": "2011-08",
            "price": "12.16",
            "revenue": 83472
        },
        "2011-09": {
            "month": "2011-09",
            "price": "11.69",
            "revenue": 84968
        },
        "2011-10": {
            "month": "2011-10",
            "price": "12.14",
            "revenue": 88285
        },
        "2011-11": {
            "month": "2011-11",
            "price": "10.86",
            "revenue": 100051
        },
        "2011-12": {
            "month": "2011-12",
            "price": "9.05",
            "revenue": 101502
        },
        "2012-01": {
            "month": "2012-01",
            "price": "8.98",
            "revenue": 84299
        },
        "2012-02": {
            "month": "2012-02",
            "price": "10.56",
            "revenue": 94143
        },
        "2012-03": {
            "month": "2012-03",
            "price": "10.60",
            "revenue": 110356
        },
        "2012-04": {
            "month": "2012-04",
            "price": "11.48",
            "revenue": 103369
        },
        "2012-05": {
            "month": "2012-05",
            "price": "11.93",
            "revenue": 110632
        },
        "2012-06": {
            "month": "2012-06",
            "price": "11.80",
            "revenue": 111071
        },
        "2012-07": {
            "month": "2012-07",
            "price": "12.70",
            "revenue": 111771
        },
        "2012-08": {
            "month": "2012-08",
            "price": "12.87",
            "revenue": 114467
        },
        "2012-09": {
            "month": "2012-09",
            "price": "12.20",
            "revenue": 120787
        },
        "2012-10": {
            "month": "2012-10",
            "price": "12.43",
            "revenue": 111710
        },
        "2012-11": {
            "month": "2012-11",
            "price": "12.98",
            "revenue": 117037
        },
        "2012-12": {
            "month": "2012-12",
            "price": "12.68",
            "revenue": 112442
        },
        "2013-01": {
            "month": "2013-01",
            "price": "12.36",
            "revenue": 105247
        },
        "2013-02": {
            "month": "2013-02",
            "price": "12.30",
            "revenue": 75206
        },
        "2013-03": {
            "month": "2013-03",
            "price": "12.63",
            "revenue": 100155
        },
        "2013-04": {
            "month": "2013-04",
            "price": "12.52",
            "revenue": 100361
        },
        "2013-05": {
            "month": "2013-05",
            "price": "12.55",
            "revenue": 90721
        },
        "2013-06": {
            "month": "2013-06",
            "price": "12.16",
            "revenue": 91131
        },
        "2013-07": {
            "month": "2013-07",
            "price": "11.57",
            "revenue": 82927
        },
        "2013-08": {
            "month": "2013-08",
            "price": "11.39",
            "revenue": 86931
        },
        "2013-09": {
            "month": "2013-09",
            "price": "11.11",
            "revenue": 91204
        },
        "2013-10": {
            "month": "2013-10",
            "price": "11.35",
            "revenue": 92230
        },
        "2013-11": {
            "month": "2013-11",
            "price": "10.97",
            "revenue": 90677
        },
        "2013-12": {
            "month": "2013-12",
            "price": "11.65",
            "revenue": 101639
        },
        "2014-01": {
            "month": "2014-01",
            "price": "12.17",
            "revenue": 100423
        },
        "2014-02": {
            "month": "2014-02",
            "price": "12.36",
            "revenue": 82737
        },
        "2014-03": {
            "month": "2014-03",
            "price": "12.95",
            "revenue": 80256
        },
        "2014-04": {
            "month": "2014-04",
            "price": "12.38",
            "revenue": 78136
        },
        "2014-05": {
            "month": "2014-05",
            "price": "11.22",
            "revenue": 85146
        },
        "2014-06": {
            "month": "2014-06",
            "price": "10.89",
            "revenue": 86166
        },
        "2014-07": {
            "month": "2014-07",
            "price": "10.89",
            "revenue": 81816
        },
        "2014-08": {
            "month": "2014-08",
            "price": "10.75",
            "revenue": 82111
        },
        "2014-09": {
            "month": "2014-09",
            "price": "10.41",
            "revenue": 84743
        },
        "2014-10": {
            "month": "2014-10",
            "price": "9.42",
            "revenue": 90368
        },
        "2014-11": {
            "month": "2014-11",
            "price": "9.03",
            "revenue": 91206
        },
        "2014-12": {
            "month": "2014-12",
            "price": "9.40",
            "revenue": 83666
        },
        "2015-01": {
            "month": "2015-01",
            "price": "9.76",
            "revenue": 80405
        },
        "2015-02": {
            "month": "2015-02",
            "price": "9.44",
            "revenue": 61887
        },
        "2015-03": {
            "month": "2015-03",
            "price": "9.14",
            "revenue": 61982
        },
        "2015-04": {
            "month": "2015-04",
            "price": "8.99",
            "revenue": 71237
        },
        "2015-05": {
            "month": "2015-05",
            "price": "9.14",
            "revenue": 83728
        },
        "2015-06": {
            "month": "2015-06",
            "price": "9.37",
            "revenue": 80381
        },
        "2015-07": {
            "month": "2015-07",
            "price": "8.92",
            "revenue": 83768
        },
        "2015-08": {
            "month": "2015-08",
            "price": "8.93",
            "revenue": 75626
        },
        "2015-09": {
            "month": "2015-09",
            "price": "9.12",
            "revenue": 80980
        },
        "2015-10": {
            "month": "2015-10",
            "price": "9.42",
            "revenue": 65224
        },
        "2015-11": {
            "month": "2015-11",
            "price": "9.57",
            "revenue": 72527
        },
        "2015-12": {
            "month": "2015-12",
            "price": "9.73",
            "revenue": 70517
        },
        "2016-01": {
            "month": "2016-01",
            "price": "9.19",
            "revenue": 69364
        },
        "2016-02": {
            "month": "2016-02",
            "price": "9.12",
            "revenue": 53093
        },
        "2016-03": {
            "month": "2016-03",
            "price": "10.44",
            "revenue": 71342
        },
        "2016-04": {
            "month": "2016-04",
            "price": "10.84",
            "revenue": 77107
        },
        "2016-05": {
            "month": "2016-05",
            "price": "10.94",
            "revenue": 73590
        },
        "2016-06": {
            "month": "2016-06",
            "price": "11.65",
            "revenue": 76877
        },
        "2016-07": {
            "month": "2016-07",
            "price": "16.20",
            "revenue": 70221
        },
        "2016-08": {
            "month": "2016-08",
            "price": "17.13",
            "revenue": 76226
        },
        "2016-09": {
            "month": "2016-09",
            "price": "17.08",
            "revenue": 72396
        },
        "2016-10": {
            "month": "2016-10",
            "price": "17.89",
            "revenue": 65663
        },
        "2016-11": {
            "month": "2016-11",
            "price": "18.26",
            "revenue": 71705
        },
        "2016-12": {
            "month": "2016-12",
            "price": "20.53",
            "revenue": 70620
        },
        "2017-01": {
            "month": "2017-01",
            "price": "20.10",
            "revenue": 63945
        },
        "2017-02": {
            "month": "2017-02",
            "price": "21.40",
            "revenue": 53162
        },
        "2017-03": {
            "month": "2017-03",
            "price": "21.01",
            "revenue": 72890
        },
        "2017-04": {
            "month": "2017-04",
            "price": "20.55",
            "revenue": 63387
        },
        "2017-05": {
            "month": "2017-05",
            "price": "20.16",
            "revenue": 74737
        },
        "2017-06": {
            "month": "2017-06",
            "price": "20.25",
            "revenue": 75611
        },
        "2017-07": {
            "month": "2017-07",
            "price": "19.54",
            "revenue": 71264
        },
        "2017-08": {
            "month": "2017-08",
            "price": "19.23",
            "revenue": 71162
        },
        "2017-09": {
            "month": "2017-09",
            "price": "19.39",
            "revenue": 70447
        },
        "2017-10": {
            "month": "2017-10",
            "price": "19.31",
            "revenue": 74524
        },
        "2017-11": {
            "month": "2017-11",
            "price": "18.90",
            "revenue": 71894
        },
        "2017-12": {
            "month": "2017-12",
            "price": "18.67",
            "revenue": 76786
        },
        "2018-01": {
            "month": "2018-01",
            "price": "18.45",
            "revenue": 66801
        },
        "2018-02": {
            "month": "2018-02",
            "price": "17.78",
            "revenue": 60009
        },
        "2018-03": {
            "month": "2018-03",
            "price": "17.10",
            "revenue": 76911
        },
        "2018-04": {
            "month": "2018-04",
            "price": "16.53",
            "revenue": 79275
        },
        "2018-05": {
            "month": "2018-05",
            "price": "16.12",
            "revenue": 80878
        },
        "2018-06": {
            "month": "2018-06",
            "price": "17.04",
            "revenue": 86369
        },
        "2018-07": {
            "month": "2018-07",
            "price": "16.02",
            "revenue": 79293
        },
        "2018-08": {
            "month": "2018-08",
            "price": "17.44",
            "revenue": 55429
        },
        "2018-09": {
            "month": "2018-09",
            "price": "17.25",
            "revenue": 83201
        },
        "2018-10": {
            "month": "2018-10",
            "price": "16.54",
            "revenue": 81865
        },
        "2018-11": {
            "month": "2018-11",
            "price": "15.26",
            "revenue": 63708
        },
        "2018-12": {
            "month": "2018-12",
            "price": "15.09",
            "revenue": 62783
        },
        "2019-01": {
            "month": "2019-01",
            "price": "15.30",
            "revenue": 67353
        },
        "2019-02": {
            "month": "2019-02",
            "price": "15.07",
            "revenue": 49441
        },
        "2019-03": {
            "month": "2019-03",
            "price": "14.63",
            "revenue": 91194
        },
        "2019-04": {
            "month": "2019-04",
            "price": "15.02",
            "revenue": 66124
        },
        "2019-05": {
            "month": "2019-05",
            "price": "14.00",
            "revenue": 85813
        },
        "2019-06": {
            "month": "2019-06",
            "price": "12.94",
            "revenue": 75593
        },
        "2019-07": {
            "month": "2019-07",
            "price": "13.25",
            "revenue": 60136
        },
        "2019-08": {
            "month": "2019-08",
            "price": "12.69",
            "revenue": 70910
        },
        "2019-09": {
            "month": "2019-09",
            "price": "12.90",
            "revenue": 63801
        },
        "2019-10": {
            "month": "2019-10",
            "price": "13.63",
            "revenue": 70677
        },
        "2019-11": {
            "month": "2019-11",
            "price": "14.61",
            "revenue": 88103
        },
        "2019-12": {
            "month": "2019-12",
            "price": "13.93",
            "revenue": 67718
        },
        "2020-01": {
            "month": "2020-01",
            "price": "13.90",
            "revenue": 59045
        },
        "2020-02": {
            "month": "2020-02",
            "price": "13.48",
            "revenue": 72622
        },
        "2020-03": {
            "month": "2020-03",
            "price": "12.55",
            "revenue": 97660
        },
        "2020-04": {
            "month": "2020-04",
            "price": "11.88",
            "revenue": 47583
        },
        "2020-05": {
            "month": "2020-05",
            "price": "12.06",
            "revenue": 48135
        },
        "2020-06": {
            "month": "2020-06",
            "price": "12.46",
            "revenue": 46894
        },
        "2020-07": {
            "month": "2020-07",
            "price": "12.68",
            "revenue": 30055
        },
        "2020-08": {
            "month": "2020-08",
            "price": "11.31",
            "revenue": 63443
        },
        "2020-09": {
            "month": "2020-09",
            "price": "11.18",
            "revenue": 66783
        },
        "2020-10": {
            "month": "2020-10",
            "price": "13.78",
            "revenue": 66167
        },
        "2020-11": {
            "month": "2020-11",
            "price": "14.48",
            "revenue": 56521
        },
        "2020-12": {
            "month": "2020-12",
            "price": "13.78",
            "revenue": 54888
        },
        "2021-01": {
            "month": "2021-01",
            "price": "13.84",
            "revenue": 49221
        },
        "2021-02": {
            "month": "2021-02",
            "price": "13.17",
            "revenue": 38050
        },
        "2021-03": {
            "month": "2021-03",
            "price": "12.65",
            "revenue": 44987
        },
        "2021-04": {
            "month": "2021-04",
            "price": "13.94",
            "revenue": 56220
        },
        "2021-05": {
            "month": "2021-05",
            "price": "13.19",
            "revenue": 68767
        },
        "2021-06": {
            "month": "2021-06",
            "price": "12.68",
            "revenue": 42975
        },
        "2021-07": {
            "month": "2021-07",
            "price": "12.41",
            "revenue": 29533
        },
        "2021-08": {
            "month": "2021-08",
            "price": "12.35",
            "revenue": 65944
        },
        "2021-09": {
            "month": "2021-09",
            "price": "12.23",
            "revenue": 52733
        },
        "2021-10": {
            "month": "2021-10",
            "price": "12.21",
            "revenue": 33495
        },
        "2021-11": {
            "month": "2021-11",
            "price": "12.71",
            "revenue": 36453
        },
        "2021-12": {
            "month": "2021-12",
            "price": "12.31",
            "revenue": 53113
        },
        "2022-01": {
            "month": "2022-01",
            "price": "13.29",
            "revenue": 50144
        },
        "2022-02": {
            "month": "2022-02",
            "price": "13.53",
            "revenue": 33104
        },
        "2022-03": {
            "month": "2022-03",
            "price": "13.69",
            "revenue": 55077
        },
        "2022-04": {
            "month": "2022-04",
            "price": "13.55",
            "revenue": 60028
        },
        "2022-05": {
            "month": "2022-05",
            "price": "12.89",
            "revenue": 60895
        },
        "2022-06": {
            "month": "2022-06",
            "price": "12.82",
            "revenue": 108547
        },
        "2022-07": {
            "month": "2022-07",
            "price": "13.12",
            "revenue": 81841
        },
        "2022-08": {
            "month": "2022-08",
            "price": "14.07",
            "revenue": 72517
        },
        "2022-09": {
            "month": "2022-09",
            "price": "15.95",
            "revenue": 74855
        },
        "2022-10": {
            "month": "2022-10",
            "price": "13.79",
            "revenue": 63962
        },
        "2022-11": {
            "month": "2022-11",
            "price": "13.73",
            "revenue": 62772
        },
        "2022-12": {
            "month": "2022-12",
            "price": "14.25",
            "revenue": 73956
        },
        "2023-01": {
            "month": "2023-01",
            "price": "14.66",
            "revenue": 38476
        },
        "2023-02": {
            "month": "2023-02",
            "price": "14.41",
            "revenue": 52172
        },
        "2023-03": {
            "month": "2023-03",
            "price": "14.63",
            "revenue": 58944
        },
        "2023-04": {
            "month": "2023-04",
            "price": "15.52",
            "revenue": 70085
        },
        "2023-05": {
            "month": "2023-05",
            "price": "15.94",
            "revenue": 66304
        }
    }
}
