{
    "summary": {
        "stock_name": "微端",
        "stock_id": "3285",
        "category": "其他電子",
        "main_business": "數位影音多媒體產品<br>液晶顯示器模組<br>其他",
        "website_url": "http://www.microtips.com.tw",
        "ceo": "魯景岱",
        "pe_ratio": 45,
        "report_year_from": 2003,
        "report_year_to": 2023,
        "age": 21,
        "eps_negative_percentage": 15,
        "eps_growth_avg": {
            "last_all": 12.37,
            "last_2y": -100,
            "last_4y": -29.71,
            "last_8y": -0.53,
            "last_12y": null,
            "last_16y": null,
            "last_20y": null,
            "at_2006_last_3y": null,
            "at_2007_last_3y": null,
            "at_2008_last_3y": null,
            "at_2009_last_3y": null,
            "at_2010_last_3y": null,
            "at_2011_last_3y": null,
            "at_2012_last_3y": null,
            "at_2013_last_3y": null,
            "at_2014_last_3y": null,
            "at_2015_last_3y": 45.5,
            "at_2016_last_3y": 17.12,
            "at_2017_last_3y": 21.37,
            "at_2018_last_3y": 21.37,
            "at_2019_last_3y": -14.58,
            "at_2020_last_3y": 13.8,
            "at_2021_last_3y": 2.71,
            "at_2022_last_3y": -29.71,
            "at_2023_last_3y": 0,
            "at_2024_last_3y": 0,
            "at_2006_last_all": null,
            "at_2007_last_all": null,
            "at_2008_last_all": null,
            "at_2009_last_all": null,
            "at_2010_last_all": null,
            "at_2011_last_all": null,
            "at_2012_last_all": null,
            "at_2013_last_all": 13.68,
            "at_2014_last_all": 42.45,
            "at_2015_last_all": 45.5,
            "at_2016_last_all": 33.69,
            "at_2017_last_all": 18.8,
            "at_2018_last_all": 30.4,
            "at_2019_last_all": 15.46,
            "at_2020_last_all": 24.85,
            "at_2021_last_all": 12.37,
            "at_2022_last_all": 12.37,
            "at_2023_last_all": 12.37,
            "at_2024_last_all": 12.37
        },
        "latest_eps": 0.58,
        "latest_price": 26.3,
        "latest_roe": 5.2,
        "latest_gross_margin": 26.28,
        "latest_equity": 621140,
        "latest_revenue": 192487,
        "latest_gross_profit": 50577,
        "latest_net_income": 11902,
        "latest_debt_ratio": 33.44,
        "latest_current_ratio": 285.86,
        "latest_account_receivable_turnover_ratio": 1.64,
        "latest_inventory_turnover_ratio": 1.46,
        "latest_reinvestment_rate": 67.19,
        "latest_research_to_sale_ratio": 2.1
    },
    "eps_dividends": {
        "2001": {
            "cash": 0,
            "stock": 0,
            "eps": 0
        },
        "2002": {
            "cash": 0,
            "stock": 0,
            "eps": 0
        },
        "2003": {
            "cash": 0,
            "stock": 1.48,
            "eps": 0
        },
        "2004": {
            "cash": 0,
            "stock": 0.64,
            "eps": 0
        },
        "2005": {
            "cash": 0,
            "stock": 0.46,
            "eps": 0
        },
        "2006": {
            "cash": 0.2,
            "stock": 0.53,
            "eps": 0
        },
        "2007": {
            "cash": 0.48,
            "stock": 0,
            "eps": 0
        },
        "2008": {
            "cash": 0.55,
            "stock": 0.55,
            "eps": 0
        },
        "2009": {
            "cash": 0.61,
            "stock": 0,
            "eps": 0
        },
        "2010": {
            "cash": 0.8,
            "stock": 0,
            "eps": 0
        },
        "2011": {
            "cash": 1.6,
            "stock": 0,
            "eps": 0.13
        },
        "2012": {
            "cash": 1,
            "stock": 0,
            "eps": 1.17
        },
        "2013": {
            "cash": 1,
            "stock": 0,
            "eps": 0.32
        },
        "2014": {
            "cash": 0.5,
            "stock": 0,
            "eps": 0.86
        },
        "2015": {
            "cash": 0.8,
            "stock": 0,
            "eps": 1.33
        },
        "2016": {
            "cash": 1,
            "stock": 0,
            "eps": 1.15
        },
        "2017": {
            "cash": 1,
            "stock": 0,
            "eps": 0.51
        },
        "2018": {
            "cash": 0.45,
            "stock": 0,
            "eps": 1.75
        },
        "2019": {
            "cash": 1.2,
            "stock": 0,
            "eps": 0.19
        },
        "2020": {
            "cash": 0.2,
            "stock": 0,
            "eps": 0.66
        },
        "2021": {
            "cash": 0.35,
            "stock": 0,
            "eps": -0.02
        },
        "2022": {
            "cash": 0,
            "stock": 0,
            "eps": -0.46
        },
        "2023": {
            "cash": 0,
            "stock": 0,
            "eps": 0.55
        }
    },
    "dividends": {
        "2003-06-02": {
            "cash": 0,
            "stock": 1.48
        },
        "2004-04-27": {
            "cash": 0,
            "stock": 0.64
        },
        "2005-04-11": {
            "cash": 0,
            "stock": 0.46
        },
        "2006-04-10": {
            "cash": 0.2,
            "stock": 0.53
        },
        "2007-04-27": {
            "cash": 0.48,
            "stock": 0
        },
        "2008-04-10": {
            "cash": 0.55,
            "stock": 0.55
        },
        "2009-04-07": {
            "cash": 0.61,
            "stock": 0
        },
        "2010-03-26": {
            "cash": 0.8,
            "stock": 0
        },
        "2011-03-03": {
            "cash": 1.6,
            "stock": 0
        },
        "2012-03-22": {
            "cash": 1,
            "stock": 0
        },
        "2013-06-10": {
            "cash": 1,
            "stock": 0
        },
        "2014-09-19": {
            "cash": 0.5,
            "stock": 0
        },
        "2015-09-25": {
            "cash": 0.8,
            "stock": 0
        },
        "2016-09-27": {
            "cash": 1,
            "stock": 0
        },
        "2017-09-20": {
            "cash": 1,
            "stock": 0
        },
        "2018-09-19": {
            "cash": 0.45,
            "stock": 0
        },
        "2019-09-25": {
            "cash": 1.2,
            "stock": 0
        },
        "2020-09-29": {
            "cash": 0.2,
            "stock": 0
        },
        "2021-10-05": {
            "cash": 0.35,
            "stock": 0
        }
    },
    "prices": {
        "200101": "無",
        "200102": "無",
        "200103": "無",
        "200104": "無",
        "200105": "無",
        "200106": "無",
        "200107": "無",
        "200108": "無",
        "200109": "無",
        "200110": "無",
        "200111": "無",
        "200112": "無",
        "200201": "無",
        "200202": "無",
        "200203": "無",
        "200204": "無",
        "200205": "無",
        "200206": "無",
        "200207": "無",
        "200208": "無",
        "200209": "無",
        "200210": "無",
        "200211": "無",
        "200212": "無",
        "200301": "無",
        "200302": "無",
        "200303": "無",
        "200304": "無",
        "200305": "無",
        "200306": "無",
        "200307": "無",
        "200308": "無",
        "200309": "無",
        "200310": "無",
        "200311": "無",
        "200312": "無",
        "200401": "無",
        "200402": "無",
        "200403": "無",
        "200404": "無",
        "200405": "無",
        "200406": "15.38",
        "200407": "17.00",
        "200408": "22.47",
        "200409": "26.58",
        "200410": "23.21",
        "200411": "21.64",
        "200412": "18.95",
        "200501": "17.17",
        "200502": "16.68",
        "200503": "14.63",
        "200504": "13.55",
        "200505": "12.49",
        "200506": "11.54",
        "200507": "11.09",
        "200508": "9.95",
        "200509": "9.85",
        "200510": "無",
        "200511": "10.13",
        "200512": "9.87",
        "200601": "10.80",
        "200602": "11.93",
        "200603": "13.44",
        "200604": "13.46",
        "200605": "15.82",
        "200606": "20.81",
        "200607": "18.73",
        "200608": "16.27",
        "200609": "16.16",
        "200610": "15.58",
        "200611": "15.80",
        "200612": "16.02",
        "200701": "14.86",
        "200702": "16.98",
        "200703": "16.55",
        "200704": "15.15",
        "200705": "15.75",
        "200706": "14.99",
        "200707": "14.06",
        "200708": "12.87",
        "200709": "12.42",
        "200710": "12.83",
        "200711": "11.68",
        "200712": "10.75",
        "200801": "12.01",
        "200802": "10.65",
        "200803": "9.58",
        "200804": "11.75",
        "200805": "11.94",
        "200806": "12.11",
        "200807": "10.59",
        "200808": "9.91",
        "200809": "8.96",
        "200810": "7.24",
        "200811": "6.36",
        "200812": "5.96",
        "200901": "6.04",
        "200902": "6.04",
        "200903": "4.87",
        "200904": "7.24",
        "200905": "8.58",
        "200906": "7.70",
        "200907": "7.74",
        "200908": "8.50",
        "200909": "8.59",
        "200910": "10.94",
        "200911": "10.85",
        "200912": "11.57",
        "201001": "11.21",
        "201002": "10.88",
        "201003": "11.34",
        "201004": "12.42",
        "201005": "13.63",
        "201006": "14.95",
        "201007": "16.45",
        "201008": "17.76",
        "201009": "17.77",
        "201010": "17.83",
        "201011": "17.63",
        "201012": "18.66",
        "201101": "18.64",
        "201102": "18.04",
        "201103": "18.04",
        "201104": "18.08",
        "201105": "18.32",
        "201106": "17.94",
        "201107": "16.23",
        "201108": "15.87",
        "201109": "14.93",
        "201110": "15.30",
        "201111": "15.00",
        "201112": "13.94",
        "201201": "13.05",
        "201202": "15.29",
        "201203": "19.07",
        "201204": "17.02",
        "201205": "17.14",
        "201206": "16.19",
        "201207": "13.80",
        "201208": "19.64",
        "201209": "21.13",
        "201210": "18.20",
        "201211": "16.33",
        "201212": "16.72",
        "201301": "18.81",
        "201302": "19.93",
        "201303": "18.64",
        "201304": "16.84",
        "201305": "17.41",
        "201306": "20.92",
        "201307": "21.02",
        "201308": "21.18",
        "201309": "19.50",
        "201310": "18.45",
        "201311": "16.16",
        "201312": "15.75",
        "201401": "16.60",
        "201402": "16.78",
        "201403": "18.16",
        "201404": "17.24",
        "201405": "16.10",
        "201406": "16.42",
        "201407": "17.23",
        "201408": "19.49",
        "201409": "21.52",
        "201410": "28.60",
        "201411": "29.30",
        "201412": "37.28",
        "201501": "51.54",
        "201502": "45.18",
        "201503": "49.86",
        "201504": "44.52",
        "201505": "37.10",
        "201506": "32.13",
        "201507": "36.00",
        "201508": "32.05",
        "201509": "30.60",
        "201510": "31.63",
        "201511": "32.35",
        "201512": "29.67",
        "201601": "26.98",
        "201602": "27.01",
        "201603": "30.06",
        "201604": "27.76",
        "201605": "26.21",
        "201606": "26.05",
        "201607": "27.18",
        "201608": "26.39",
        "201609": "25.97",
        "201610": "23.50",
        "201611": "19.43",
        "201612": "20.11",
        "201701": "20.95",
        "201702": "21.59",
        "201703": "21.79",
        "201704": "20.39",
        "201705": "20.08",
        "201706": "19.85",
        "201707": "20.01",
        "201708": "20.47",
        "201709": "20.71",
        "201710": "21.08",
        "201711": "19.33",
        "201712": "17.48",
        "201801": "17.43",
        "201802": "16.32",
        "201803": "16.79",
        "201804": "17.75",
        "201805": "21.58",
        "201806": "22.00",
        "201807": "20.65",
        "201808": "22.97",
        "201809": "23.96",
        "201810": "20.62",
        "201811": "19.92",
        "201812": "18.96",
        "201901": "18.46",
        "201902": "19.24",
        "201903": "19.10",
        "201904": "19.98",
        "201905": "18.77",
        "201906": "18.76",
        "201907": "18.62",
        "201908": "17.86",
        "201909": "16.89",
        "201910": "16.51",
        "201911": "16.55",
        "201912": "16.56",
        "202001": "16.21",
        "202002": "14.97",
        "202003": "13.58",
        "202004": "13.74",
        "202005": "14.52",
        "202006": "14.60",
        "202007": "15.95",
        "202008": "16.92",
        "202009": "22.90",
        "202010": "21.18",
        "202011": "20.38",
        "202012": "22.37",
        "202101": "22.19",
        "202102": "23.08",
        "202103": "22.19",
        "202104": "23.33",
        "202105": "22.58",
        "202106": "21.44",
        "202107": "22.88",
        "202108": "21.45",
        "202109": "21.78",
        "202110": "20.64",
        "202111": "20.40",
        "202112": "20.87",
        "202201": "21.76",
        "202202": "21.19",
        "202203": "21.08",
        "202204": "20.63",
        "202205": "20.41",
        "202206": "20.20",
        "202207": "19.49",
        "202208": "19.19",
        "202209": "19.38",
        "202210": "18.95",
        "202211": "18.75",
        "202212": "18.82",
        "202301": "19.09",
        "202302": "19.77",
        "202303": "20.06",
        "202304": "19.91",
        "202305": "20.05",
        "202306": "20.45",
        "202307": "21.11",
        "202308": "21.78",
        "202309": "22.30",
        "202310": "21.78",
        "202311": "24.98",
        "202312": "27.25"
    },
    "quarters": {
        "20011": {
            "year_quarter": 20011,
            "year": 2001,
            "quarter": 1,
            "eps": null,
            "eps_growth_year": null,
            "eps_4q": null,
            "eps_4q_growth_year": null,
            "roe": null,
            "roe_4q": 0,
            "gross_profit": null,
            "gross_margin": null,
            "gross_margin_4q_avg": 0,
            "net_income": null,
            "net_income_4q": null,
            "revenue": null,
            "revenue_4q": null,
            "common_shares": null,
            "book_valuer_per_share": null,
            "book_valuer_per_share_4q_avg": 0,
            "equity": null,
            "current_ratio": null,
            "debt_ratio": null,
            "inventory_turnover_ratio": null,
            "account_receivable_turnover_ratio": null,
            "reinvestment_rate": null,
            "research_to_sale_ratio": null,
            "price_fair": 0,
            "eps_avg_yearly": 0,
            "eps_latest_yearly": 0,
            "eps_growth_yearly": 0
        },
        "20012": {
            "year_quarter": 20012,
            "year": 2001,
            "quarter": 2,
            "eps": null,
            "eps_growth_year": null,
            "eps_4q": null,
            "eps_4q_growth_year": null,
            "roe": null,
            "roe_4q": 0,
            "gross_profit": null,
            "gross_margin": null,
            "gross_margin_4q_avg": 0,
            "net_income": null,
            "net_income_4q": null,
            "revenue": null,
            "revenue_4q": null,
            "common_shares": null,
            "book_valuer_per_share": null,
            "book_valuer_per_share_4q_avg": 0,
            "equity": null,
            "current_ratio": null,
            "debt_ratio": null,
            "inventory_turnover_ratio": null,
            "account_receivable_turnover_ratio": null,
            "reinvestment_rate": null,
            "research_to_sale_ratio": null,
            "price_fair": 0,
            "eps_avg_yearly": 0,
            "eps_latest_yearly": 0,
            "eps_growth_yearly": 0
        },
        "20013": {
            "year_quarter": 20013,
            "year": 2001,
            "quarter": 3,
            "eps": null,
            "eps_growth_year": null,
            "eps_4q": null,
            "eps_4q_growth_year": null,
            "roe": null,
            "roe_4q": 0,
            "gross_profit": null,
            "gross_margin": null,
            "gross_margin_4q_avg": 0,
            "net_income": null,
            "net_income_4q": null,
            "revenue": null,
            "revenue_4q": null,
            "common_shares": null,
            "book_valuer_per_share": null,
            "book_valuer_per_share_4q_avg": 0,
            "equity": null,
            "current_ratio": null,
            "debt_ratio": null,
            "inventory_turnover_ratio": null,
            "account_receivable_turnover_ratio": null,
            "reinvestment_rate": null,
            "research_to_sale_ratio": null,
            "price_fair": 0,
            "eps_avg_yearly": 0,
            "eps_latest_yearly": 0,
            "eps_growth_yearly": 0
        },
        "20014": {
            "year_quarter": 20014,
            "year": 2001,
            "quarter": 4,
            "eps": null,
            "eps_growth_year": null,
            "eps_4q": null,
            "eps_4q_growth_year": null,
            "roe": null,
            "roe_4q": 0,
            "gross_profit": null,
            "gross_margin": null,
            "gross_margin_4q_avg": 0,
            "net_income": null,
            "net_income_4q": null,
            "revenue": null,
            "revenue_4q": null,
            "common_shares": 190000,
            "book_valuer_per_share": 10.16,
            "book_valuer_per_share_4q_avg": 2.54,
            "equity": 193107,
            "current_ratio": 164.14,
            "debt_ratio": 53.66,
            "inventory_turnover_ratio": null,
            "account_receivable_turnover_ratio": null,
            "reinvestment_rate": null,
            "research_to_sale_ratio": null,
            "price_fair": 0,
            "eps_avg_yearly": 0,
            "eps_latest_yearly": 0,
            "eps_growth_yearly": 0
        },
        "20021": {
            "year_quarter": 20021,
            "year": 2002,
            "quarter": 1,
            "eps": null,
            "eps_growth_year": null,
            "eps_4q": null,
            "eps_4q_growth_year": null,
            "roe": null,
            "roe_4q": 0,
            "gross_profit": null,
            "gross_margin": null,
            "gross_margin_4q_avg": 0,
            "net_income": null,
            "net_income_4q": null,
            "revenue": null,
            "revenue_4q": null,
            "common_shares": null,
            "book_valuer_per_share": null,
            "book_valuer_per_share_4q_avg": 2.54,
            "equity": null,
            "current_ratio": null,
            "debt_ratio": null,
            "inventory_turnover_ratio": null,
            "account_receivable_turnover_ratio": null,
            "reinvestment_rate": null,
            "research_to_sale_ratio": null,
            "price_fair": 0,
            "eps_avg_yearly": 0,
            "eps_latest_yearly": 0,
            "eps_growth_yearly": 0
        },
        "20022": {
            "year_quarter": 20022,
            "year": 2002,
            "quarter": 2,
            "eps": null,
            "eps_growth_year": null,
            "eps_4q": null,
            "eps_4q_growth_year": null,
            "roe": null,
            "roe_4q": 0,
            "gross_profit": null,
            "gross_margin": null,
            "gross_margin_4q_avg": 0,
            "net_income": null,
            "net_income_4q": null,
            "revenue": null,
            "revenue_4q": null,
            "common_shares": null,
            "book_valuer_per_share": null,
            "book_valuer_per_share_4q_avg": 2.54,
            "equity": null,
            "current_ratio": null,
            "debt_ratio": null,
            "inventory_turnover_ratio": null,
            "account_receivable_turnover_ratio": null,
            "reinvestment_rate": null,
            "research_to_sale_ratio": null,
            "price_fair": 0,
            "eps_avg_yearly": 0,
            "eps_latest_yearly": 0,
            "eps_growth_yearly": 0
        },
        "20023": {
            "year_quarter": 20023,
            "year": 2002,
            "quarter": 3,
            "eps": null,
            "eps_growth_year": null,
            "eps_4q": null,
            "eps_4q_growth_year": null,
            "roe": null,
            "roe_4q": 0,
            "gross_profit": null,
            "gross_margin": null,
            "gross_margin_4q_avg": 0,
            "net_income": null,
            "net_income_4q": null,
            "revenue": null,
            "revenue_4q": null,
            "common_shares": null,
            "book_valuer_per_share": null,
            "book_valuer_per_share_4q_avg": 2.54,
            "equity": null,
            "current_ratio": null,
            "debt_ratio": null,
            "inventory_turnover_ratio": null,
            "account_receivable_turnover_ratio": null,
            "reinvestment_rate": null,
            "research_to_sale_ratio": null,
            "price_fair": 0,
            "eps_avg_yearly": 0,
            "eps_latest_yearly": 0,
            "eps_growth_yearly": 0
        },
        "20024": {
            "year_quarter": 20024,
            "year": 2002,
            "quarter": 4,
            "eps": null,
            "eps_growth_year": null,
            "eps_4q": null,
            "eps_4q_growth_year": null,
            "roe": null,
            "roe_4q": 0,
            "gross_profit": null,
            "gross_margin": null,
            "gross_margin_4q_avg": 0,
            "net_income": null,
            "net_income_4q": null,
            "revenue": null,
            "revenue_4q": null,
            "common_shares": 240000,
            "book_valuer_per_share": 11.82,
            "book_valuer_per_share_4q_avg": 2.96,
            "equity": 283783,
            "current_ratio": 240.5,
            "debt_ratio": 39.03,
            "inventory_turnover_ratio": null,
            "account_receivable_turnover_ratio": null,
            "reinvestment_rate": null,
            "research_to_sale_ratio": null,
            "price_fair": 0,
            "eps_avg_yearly": 0,
            "eps_latest_yearly": 0,
            "eps_growth_yearly": 0
        },
        "20031": {
            "year_quarter": 20031,
            "year": 2003,
            "quarter": 1,
            "eps": null,
            "eps_growth_year": null,
            "eps_4q": null,
            "eps_4q_growth_year": null,
            "roe": null,
            "roe_4q": 0,
            "gross_profit": null,
            "gross_margin": null,
            "gross_margin_4q_avg": 0,
            "net_income": null,
            "net_income_4q": null,
            "revenue": null,
            "revenue_4q": null,
            "common_shares": null,
            "book_valuer_per_share": null,
            "book_valuer_per_share_4q_avg": 2.96,
            "equity": null,
            "current_ratio": null,
            "debt_ratio": null,
            "inventory_turnover_ratio": null,
            "account_receivable_turnover_ratio": null,
            "reinvestment_rate": null,
            "research_to_sale_ratio": null,
            "price_fair": 0,
            "eps_avg_yearly": 0,
            "eps_latest_yearly": 0,
            "eps_growth_yearly": 0
        },
        "20032": {
            "year_quarter": 20032,
            "year": 2003,
            "quarter": 2,
            "eps": null,
            "eps_growth_year": null,
            "eps_4q": null,
            "eps_4q_growth_year": null,
            "roe": null,
            "roe_4q": 0,
            "gross_profit": null,
            "gross_margin": null,
            "gross_margin_4q_avg": 0,
            "net_income": null,
            "net_income_4q": null,
            "revenue": null,
            "revenue_4q": null,
            "common_shares": null,
            "book_valuer_per_share": null,
            "book_valuer_per_share_4q_avg": 2.96,
            "equity": null,
            "current_ratio": null,
            "debt_ratio": null,
            "inventory_turnover_ratio": null,
            "account_receivable_turnover_ratio": null,
            "reinvestment_rate": null,
            "research_to_sale_ratio": null,
            "price_fair": 0,
            "eps_avg_yearly": 0,
            "eps_latest_yearly": 0,
            "eps_growth_yearly": 0
        },
        "20033": {
            "year_quarter": 20033,
            "year": 2003,
            "quarter": 3,
            "eps": null,
            "eps_growth_year": null,
            "eps_4q": null,
            "eps_4q_growth_year": null,
            "roe": null,
            "roe_4q": 0,
            "gross_profit": null,
            "gross_margin": null,
            "gross_margin_4q_avg": 0,
            "net_income": null,
            "net_income_4q": null,
            "revenue": null,
            "revenue_4q": null,
            "common_shares": null,
            "book_valuer_per_share": null,
            "book_valuer_per_share_4q_avg": 2.96,
            "equity": null,
            "current_ratio": null,
            "debt_ratio": null,
            "inventory_turnover_ratio": null,
            "account_receivable_turnover_ratio": null,
            "reinvestment_rate": null,
            "research_to_sale_ratio": null,
            "price_fair": 0,
            "eps_avg_yearly": 0,
            "eps_latest_yearly": 0,
            "eps_growth_yearly": 0
        },
        "20034": {
            "year_quarter": 20034,
            "year": 2003,
            "quarter": 4,
            "eps": null,
            "eps_growth_year": null,
            "eps_4q": null,
            "eps_4q_growth_year": null,
            "roe": null,
            "roe_4q": 0,
            "gross_profit": null,
            "gross_margin": null,
            "gross_margin_4q_avg": 0,
            "net_income": null,
            "net_income_4q": null,
            "revenue": null,
            "revenue_4q": null,
            "common_shares": 277627,
            "book_valuer_per_share": 11.06,
            "book_valuer_per_share_4q_avg": 2.77,
            "equity": 307817,
            "current_ratio": 216.75,
            "debt_ratio": 40.6,
            "inventory_turnover_ratio": null,
            "account_receivable_turnover_ratio": null,
            "reinvestment_rate": null,
            "research_to_sale_ratio": null,
            "price_fair": 0,
            "eps_avg_yearly": 0,
            "eps_latest_yearly": 0,
            "eps_growth_yearly": 0
        },
        "20041": {
            "year_quarter": 20041,
            "year": 2004,
            "quarter": 1,
            "eps": null,
            "eps_growth_year": null,
            "eps_4q": null,
            "eps_4q_growth_year": null,
            "roe": null,
            "roe_4q": 0,
            "gross_profit": null,
            "gross_margin": null,
            "gross_margin_4q_avg": 0,
            "net_income": null,
            "net_income_4q": null,
            "revenue": null,
            "revenue_4q": null,
            "common_shares": null,
            "book_valuer_per_share": null,
            "book_valuer_per_share_4q_avg": 2.77,
            "equity": null,
            "current_ratio": null,
            "debt_ratio": null,
            "inventory_turnover_ratio": null,
            "account_receivable_turnover_ratio": null,
            "reinvestment_rate": null,
            "research_to_sale_ratio": null,
            "price_fair": 0,
            "eps_avg_yearly": 0,
            "eps_latest_yearly": 0,
            "eps_growth_yearly": 0
        },
        "20042": {
            "year_quarter": 20042,
            "year": 2004,
            "quarter": 2,
            "eps": null,
            "eps_growth_year": null,
            "eps_4q": null,
            "eps_4q_growth_year": null,
            "roe": null,
            "roe_4q": 0,
            "gross_profit": null,
            "gross_margin": null,
            "gross_margin_4q_avg": 0,
            "net_income": null,
            "net_income_4q": null,
            "revenue": null,
            "revenue_4q": null,
            "common_shares": null,
            "book_valuer_per_share": null,
            "book_valuer_per_share_4q_avg": 2.77,
            "equity": null,
            "current_ratio": null,
            "debt_ratio": null,
            "inventory_turnover_ratio": null,
            "account_receivable_turnover_ratio": null,
            "reinvestment_rate": null,
            "research_to_sale_ratio": null,
            "price_fair": 0,
            "eps_avg_yearly": 0,
            "eps_latest_yearly": 0,
            "eps_growth_yearly": 0
        },
        "20043": {
            "year_quarter": 20043,
            "year": 2004,
            "quarter": 3,
            "eps": null,
            "eps_growth_year": null,
            "eps_4q": null,
            "eps_4q_growth_year": null,
            "roe": null,
            "roe_4q": 0,
            "gross_profit": null,
            "gross_margin": null,
            "gross_margin_4q_avg": 0,
            "net_income": null,
            "net_income_4q": null,
            "revenue": null,
            "revenue_4q": null,
            "common_shares": null,
            "book_valuer_per_share": null,
            "book_valuer_per_share_4q_avg": 2.77,
            "equity": null,
            "current_ratio": null,
            "debt_ratio": null,
            "inventory_turnover_ratio": null,
            "account_receivable_turnover_ratio": null,
            "reinvestment_rate": null,
            "research_to_sale_ratio": null,
            "price_fair": 0,
            "eps_avg_yearly": 0,
            "eps_latest_yearly": 0,
            "eps_growth_yearly": 0
        },
        "20044": {
            "year_quarter": 20044,
            "year": 2004,
            "quarter": 4,
            "eps": null,
            "eps_growth_year": null,
            "eps_4q": null,
            "eps_4q_growth_year": null,
            "roe": null,
            "roe_4q": 0,
            "gross_profit": null,
            "gross_margin": null,
            "gross_margin_4q_avg": 0,
            "net_income": null,
            "net_income_4q": null,
            "revenue": null,
            "revenue_4q": null,
            "common_shares": 298482,
            "book_valuer_per_share": 10.76,
            "book_valuer_per_share_4q_avg": 2.69,
            "equity": 322191,
            "current_ratio": 147.04,
            "debt_ratio": 56.15,
            "inventory_turnover_ratio": null,
            "account_receivable_turnover_ratio": null,
            "reinvestment_rate": null,
            "research_to_sale_ratio": null,
            "price_fair": 0,
            "eps_avg_yearly": 0,
            "eps_latest_yearly": 0,
            "eps_growth_yearly": 0
        },
        "20051": {
            "year_quarter": 20051,
            "year": 2005,
            "quarter": 1,
            "eps": null,
            "eps_growth_year": null,
            "eps_4q": null,
            "eps_4q_growth_year": null,
            "roe": null,
            "roe_4q": 0,
            "gross_profit": null,
            "gross_margin": null,
            "gross_margin_4q_avg": 0,
            "net_income": null,
            "net_income_4q": null,
            "revenue": null,
            "revenue_4q": null,
            "common_shares": null,
            "book_valuer_per_share": null,
            "book_valuer_per_share_4q_avg": 2.69,
            "equity": null,
            "current_ratio": null,
            "debt_ratio": null,
            "inventory_turnover_ratio": null,
            "account_receivable_turnover_ratio": null,
            "reinvestment_rate": null,
            "research_to_sale_ratio": null,
            "price_fair": 0,
            "eps_avg_yearly": 0,
            "eps_latest_yearly": 0,
            "eps_growth_yearly": 0
        },
        "20052": {
            "year_quarter": 20052,
            "year": 2005,
            "quarter": 2,
            "eps": null,
            "eps_growth_year": null,
            "eps_4q": null,
            "eps_4q_growth_year": null,
            "roe": null,
            "roe_4q": 0,
            "gross_profit": null,
            "gross_margin": null,
            "gross_margin_4q_avg": 0,
            "net_income": null,
            "net_income_4q": null,
            "revenue": null,
            "revenue_4q": null,
            "common_shares": null,
            "book_valuer_per_share": null,
            "book_valuer_per_share_4q_avg": 2.69,
            "equity": null,
            "current_ratio": null,
            "debt_ratio": null,
            "inventory_turnover_ratio": null,
            "account_receivable_turnover_ratio": null,
            "reinvestment_rate": null,
            "research_to_sale_ratio": null,
            "price_fair": 0,
            "eps_avg_yearly": 0,
            "eps_latest_yearly": 0,
            "eps_growth_yearly": 0
        },
        "20053": {
            "year_quarter": 20053,
            "year": 2005,
            "quarter": 3,
            "eps": null,
            "eps_growth_year": null,
            "eps_4q": null,
            "eps_4q_growth_year": null,
            "roe": null,
            "roe_4q": 0,
            "gross_profit": null,
            "gross_margin": null,
            "gross_margin_4q_avg": 0,
            "net_income": null,
            "net_income_4q": null,
            "revenue": null,
            "revenue_4q": null,
            "common_shares": null,
            "book_valuer_per_share": null,
            "book_valuer_per_share_4q_avg": 2.69,
            "equity": null,
            "current_ratio": null,
            "debt_ratio": null,
            "inventory_turnover_ratio": null,
            "account_receivable_turnover_ratio": null,
            "reinvestment_rate": null,
            "research_to_sale_ratio": null,
            "price_fair": 0,
            "eps_avg_yearly": 0,
            "eps_latest_yearly": 0,
            "eps_growth_yearly": 0
        },
        "20054": {
            "year_quarter": 20054,
            "year": 2005,
            "quarter": 4,
            "eps": null,
            "eps_growth_year": null,
            "eps_4q": null,
            "eps_4q_growth_year": null,
            "roe": null,
            "roe_4q": 0,
            "gross_profit": null,
            "gross_margin": null,
            "gross_margin_4q_avg": 0,
            "net_income": null,
            "net_income_4q": null,
            "revenue": null,
            "revenue_4q": null,
            "common_shares": 314724,
            "book_valuer_per_share": 11.33,
            "book_valuer_per_share_4q_avg": 2.83,
            "equity": 358519,
            "current_ratio": 161,
            "debt_ratio": 56.22,
            "inventory_turnover_ratio": null,
            "account_receivable_turnover_ratio": null,
            "reinvestment_rate": null,
            "research_to_sale_ratio": null,
            "price_fair": 0,
            "eps_avg_yearly": 0,
            "eps_latest_yearly": 0,
            "eps_growth_yearly": 0
        },
        "20061": {
            "year_quarter": 20061,
            "year": 2006,
            "quarter": 1,
            "eps": null,
            "eps_growth_year": null,
            "eps_4q": null,
            "eps_4q_growth_year": null,
            "roe": null,
            "roe_4q": 0,
            "gross_profit": null,
            "gross_margin": null,
            "gross_margin_4q_avg": 0,
            "net_income": null,
            "net_income_4q": null,
            "revenue": null,
            "revenue_4q": null,
            "common_shares": null,
            "book_valuer_per_share": null,
            "book_valuer_per_share_4q_avg": 2.83,
            "equity": null,
            "current_ratio": null,
            "debt_ratio": null,
            "inventory_turnover_ratio": null,
            "account_receivable_turnover_ratio": null,
            "reinvestment_rate": null,
            "research_to_sale_ratio": null,
            "price_fair": 0,
            "eps_avg_yearly": 0,
            "eps_latest_yearly": 0,
            "eps_growth_yearly": 0
        },
        "20062": {
            "year_quarter": 20062,
            "year": 2006,
            "quarter": 2,
            "eps": null,
            "eps_growth_year": null,
            "eps_4q": null,
            "eps_4q_growth_year": null,
            "roe": null,
            "roe_4q": 0,
            "gross_profit": null,
            "gross_margin": null,
            "gross_margin_4q_avg": 0,
            "net_income": null,
            "net_income_4q": null,
            "revenue": null,
            "revenue_4q": null,
            "common_shares": null,
            "book_valuer_per_share": null,
            "book_valuer_per_share_4q_avg": 2.83,
            "equity": null,
            "current_ratio": null,
            "debt_ratio": null,
            "inventory_turnover_ratio": null,
            "account_receivable_turnover_ratio": null,
            "reinvestment_rate": null,
            "research_to_sale_ratio": null,
            "price_fair": 0,
            "eps_avg_yearly": 0,
            "eps_latest_yearly": 0,
            "eps_growth_yearly": 0
        },
        "20063": {
            "year_quarter": 20063,
            "year": 2006,
            "quarter": 3,
            "eps": null,
            "eps_growth_year": null,
            "eps_4q": null,
            "eps_4q_growth_year": null,
            "roe": null,
            "roe_4q": 0,
            "gross_profit": null,
            "gross_margin": null,
            "gross_margin_4q_avg": 0,
            "net_income": null,
            "net_income_4q": null,
            "revenue": null,
            "revenue_4q": null,
            "common_shares": null,
            "book_valuer_per_share": null,
            "book_valuer_per_share_4q_avg": 2.83,
            "equity": null,
            "current_ratio": null,
            "debt_ratio": null,
            "inventory_turnover_ratio": null,
            "account_receivable_turnover_ratio": null,
            "reinvestment_rate": null,
            "research_to_sale_ratio": null,
            "price_fair": 0,
            "eps_avg_yearly": 0,
            "eps_latest_yearly": 0,
            "eps_growth_yearly": 0
        },
        "20064": {
            "year_quarter": 20064,
            "year": 2006,
            "quarter": 4,
            "eps": null,
            "eps_growth_year": null,
            "eps_4q": null,
            "eps_4q_growth_year": null,
            "roe": null,
            "roe_4q": 0,
            "gross_profit": null,
            "gross_margin": null,
            "gross_margin_4q_avg": 0,
            "net_income": null,
            "net_income_4q": null,
            "revenue": null,
            "revenue_4q": null,
            "common_shares": 385607,
            "book_valuer_per_share": 11.74,
            "book_valuer_per_share_4q_avg": 2.94,
            "equity": 455243,
            "current_ratio": 183.34,
            "debt_ratio": 49.3,
            "inventory_turnover_ratio": null,
            "account_receivable_turnover_ratio": null,
            "reinvestment_rate": null,
            "research_to_sale_ratio": null,
            "price_fair": 0,
            "eps_avg_yearly": 0,
            "eps_latest_yearly": 0,
            "eps_growth_yearly": 0
        },
        "20071": {
            "year_quarter": 20071,
            "year": 2007,
            "quarter": 1,
            "eps": null,
            "eps_growth_year": null,
            "eps_4q": null,
            "eps_4q_growth_year": null,
            "roe": null,
            "roe_4q": 0,
            "gross_profit": null,
            "gross_margin": null,
            "gross_margin_4q_avg": 0,
            "net_income": null,
            "net_income_4q": null,
            "revenue": null,
            "revenue_4q": null,
            "common_shares": null,
            "book_valuer_per_share": null,
            "book_valuer_per_share_4q_avg": 2.94,
            "equity": null,
            "current_ratio": null,
            "debt_ratio": null,
            "inventory_turnover_ratio": null,
            "account_receivable_turnover_ratio": null,
            "reinvestment_rate": null,
            "research_to_sale_ratio": null,
            "price_fair": 0,
            "eps_avg_yearly": 0,
            "eps_latest_yearly": 0,
            "eps_growth_yearly": 0
        },
        "20072": {
            "year_quarter": 20072,
            "year": 2007,
            "quarter": 2,
            "eps": null,
            "eps_growth_year": null,
            "eps_4q": null,
            "eps_4q_growth_year": null,
            "roe": null,
            "roe_4q": 0,
            "gross_profit": null,
            "gross_margin": null,
            "gross_margin_4q_avg": 0,
            "net_income": null,
            "net_income_4q": null,
            "revenue": null,
            "revenue_4q": null,
            "common_shares": null,
            "book_valuer_per_share": null,
            "book_valuer_per_share_4q_avg": 2.94,
            "equity": null,
            "current_ratio": null,
            "debt_ratio": null,
            "inventory_turnover_ratio": null,
            "account_receivable_turnover_ratio": null,
            "reinvestment_rate": null,
            "research_to_sale_ratio": null,
            "price_fair": 0,
            "eps_avg_yearly": 0,
            "eps_latest_yearly": 0,
            "eps_growth_yearly": 0
        },
        "20073": {
            "year_quarter": 20073,
            "year": 2007,
            "quarter": 3,
            "eps": null,
            "eps_growth_year": null,
            "eps_4q": null,
            "eps_4q_growth_year": null,
            "roe": null,
            "roe_4q": 0,
            "gross_profit": null,
            "gross_margin": null,
            "gross_margin_4q_avg": 0,
            "net_income": null,
            "net_income_4q": null,
            "revenue": null,
            "revenue_4q": null,
            "common_shares": null,
            "book_valuer_per_share": null,
            "book_valuer_per_share_4q_avg": 2.94,
            "equity": null,
            "current_ratio": null,
            "debt_ratio": null,
            "inventory_turnover_ratio": null,
            "account_receivable_turnover_ratio": null,
            "reinvestment_rate": null,
            "research_to_sale_ratio": null,
            "price_fair": 0,
            "eps_avg_yearly": 0,
            "eps_latest_yearly": 0,
            "eps_growth_yearly": 0
        },
        "20074": {
            "year_quarter": 20074,
            "year": 2007,
            "quarter": 4,
            "eps": null,
            "eps_growth_year": null,
            "eps_4q": null,
            "eps_4q_growth_year": null,
            "roe": null,
            "roe_4q": 0,
            "gross_profit": null,
            "gross_margin": null,
            "gross_margin_4q_avg": 0,
            "net_income": null,
            "net_income_4q": null,
            "revenue": null,
            "revenue_4q": null,
            "common_shares": 385607,
            "book_valuer_per_share": 12.68,
            "book_valuer_per_share_4q_avg": 3.17,
            "equity": 497330,
            "current_ratio": 213.95,
            "debt_ratio": 41.01,
            "inventory_turnover_ratio": null,
            "account_receivable_turnover_ratio": null,
            "reinvestment_rate": null,
            "research_to_sale_ratio": null,
            "price_fair": 0,
            "eps_avg_yearly": 0,
            "eps_latest_yearly": 0,
            "eps_growth_yearly": 0
        },
        "20081": {
            "year_quarter": 20081,
            "year": 2008,
            "quarter": 1,
            "eps": null,
            "eps_growth_year": null,
            "eps_4q": null,
            "eps_4q_growth_year": null,
            "roe": null,
            "roe_4q": 0,
            "gross_profit": null,
            "gross_margin": null,
            "gross_margin_4q_avg": 0,
            "net_income": null,
            "net_income_4q": null,
            "revenue": null,
            "revenue_4q": null,
            "common_shares": null,
            "book_valuer_per_share": null,
            "book_valuer_per_share_4q_avg": 3.17,
            "equity": null,
            "current_ratio": null,
            "debt_ratio": null,
            "inventory_turnover_ratio": null,
            "account_receivable_turnover_ratio": null,
            "reinvestment_rate": null,
            "research_to_sale_ratio": null,
            "price_fair": 0,
            "eps_avg_yearly": 0,
            "eps_latest_yearly": 0,
            "eps_growth_yearly": 0
        },
        "20082": {
            "year_quarter": 20082,
            "year": 2008,
            "quarter": 2,
            "eps": null,
            "eps_growth_year": null,
            "eps_4q": null,
            "eps_4q_growth_year": null,
            "roe": null,
            "roe_4q": 0,
            "gross_profit": null,
            "gross_margin": null,
            "gross_margin_4q_avg": 0,
            "net_income": null,
            "net_income_4q": null,
            "revenue": null,
            "revenue_4q": null,
            "common_shares": null,
            "book_valuer_per_share": null,
            "book_valuer_per_share_4q_avg": 3.17,
            "equity": null,
            "current_ratio": null,
            "debt_ratio": null,
            "inventory_turnover_ratio": null,
            "account_receivable_turnover_ratio": null,
            "reinvestment_rate": null,
            "research_to_sale_ratio": null,
            "price_fair": 0,
            "eps_avg_yearly": 0,
            "eps_latest_yearly": 0,
            "eps_growth_yearly": 0
        },
        "20083": {
            "year_quarter": 20083,
            "year": 2008,
            "quarter": 3,
            "eps": null,
            "eps_growth_year": null,
            "eps_4q": null,
            "eps_4q_growth_year": null,
            "roe": null,
            "roe_4q": 0,
            "gross_profit": null,
            "gross_margin": null,
            "gross_margin_4q_avg": 0,
            "net_income": null,
            "net_income_4q": null,
            "revenue": null,
            "revenue_4q": null,
            "common_shares": null,
            "book_valuer_per_share": null,
            "book_valuer_per_share_4q_avg": 3.17,
            "equity": null,
            "current_ratio": null,
            "debt_ratio": null,
            "inventory_turnover_ratio": null,
            "account_receivable_turnover_ratio": null,
            "reinvestment_rate": null,
            "research_to_sale_ratio": null,
            "price_fair": 0,
            "eps_avg_yearly": 0,
            "eps_latest_yearly": 0,
            "eps_growth_yearly": 0
        },
        "20084": {
            "year_quarter": 20084,
            "year": 2008,
            "quarter": 4,
            "eps": null,
            "eps_growth_year": null,
            "eps_4q": null,
            "eps_4q_growth_year": null,
            "roe": null,
            "roe_4q": 0,
            "gross_profit": null,
            "gross_margin": null,
            "gross_margin_4q_avg": 0,
            "net_income": null,
            "net_income_4q": null,
            "revenue": null,
            "revenue_4q": null,
            "common_shares": 406066,
            "book_valuer_per_share": 12.33,
            "book_valuer_per_share_4q_avg": 3.08,
            "equity": 509958,
            "current_ratio": 241.76,
            "debt_ratio": 34.44,
            "inventory_turnover_ratio": null,
            "account_receivable_turnover_ratio": null,
            "reinvestment_rate": null,
            "research_to_sale_ratio": null,
            "price_fair": 0,
            "eps_avg_yearly": 0,
            "eps_latest_yearly": 0,
            "eps_growth_yearly": 0
        },
        "20091": {
            "year_quarter": 20091,
            "year": 2009,
            "quarter": 1,
            "eps": null,
            "eps_growth_year": null,
            "eps_4q": null,
            "eps_4q_growth_year": null,
            "roe": null,
            "roe_4q": 0,
            "gross_profit": null,
            "gross_margin": null,
            "gross_margin_4q_avg": 0,
            "net_income": null,
            "net_income_4q": null,
            "revenue": null,
            "revenue_4q": null,
            "common_shares": null,
            "book_valuer_per_share": null,
            "book_valuer_per_share_4q_avg": 3.08,
            "equity": null,
            "current_ratio": null,
            "debt_ratio": null,
            "inventory_turnover_ratio": null,
            "account_receivable_turnover_ratio": null,
            "reinvestment_rate": null,
            "research_to_sale_ratio": null,
            "price_fair": 0,
            "eps_avg_yearly": 0,
            "eps_latest_yearly": 0,
            "eps_growth_yearly": 0
        },
        "20092": {
            "year_quarter": 20092,
            "year": 2009,
            "quarter": 2,
            "eps": null,
            "eps_growth_year": null,
            "eps_4q": null,
            "eps_4q_growth_year": null,
            "roe": null,
            "roe_4q": 0,
            "gross_profit": null,
            "gross_margin": null,
            "gross_margin_4q_avg": 0,
            "net_income": null,
            "net_income_4q": null,
            "revenue": null,
            "revenue_4q": null,
            "common_shares": 406066,
            "book_valuer_per_share": null,
            "book_valuer_per_share_4q_avg": 3.08,
            "equity": 495656,
            "current_ratio": null,
            "debt_ratio": null,
            "inventory_turnover_ratio": null,
            "account_receivable_turnover_ratio": null,
            "reinvestment_rate": null,
            "research_to_sale_ratio": null,
            "price_fair": 0,
            "eps_avg_yearly": 0,
            "eps_latest_yearly": 0,
            "eps_growth_yearly": 0
        },
        "20093": {
            "year_quarter": 20093,
            "year": 2009,
            "quarter": 3,
            "eps": null,
            "eps_growth_year": null,
            "eps_4q": null,
            "eps_4q_growth_year": null,
            "roe": null,
            "roe_4q": 0,
            "gross_profit": null,
            "gross_margin": null,
            "gross_margin_4q_avg": 0,
            "net_income": null,
            "net_income_4q": null,
            "revenue": null,
            "revenue_4q": null,
            "common_shares": null,
            "book_valuer_per_share": null,
            "book_valuer_per_share_4q_avg": 3.08,
            "equity": null,
            "current_ratio": null,
            "debt_ratio": null,
            "inventory_turnover_ratio": null,
            "account_receivable_turnover_ratio": null,
            "reinvestment_rate": null,
            "research_to_sale_ratio": null,
            "price_fair": 0,
            "eps_avg_yearly": 0,
            "eps_latest_yearly": 0,
            "eps_growth_yearly": 0
        },
        "20094": {
            "year_quarter": 20094,
            "year": 2009,
            "quarter": 4,
            "eps": null,
            "eps_growth_year": null,
            "eps_4q": null,
            "eps_4q_growth_year": null,
            "roe": null,
            "roe_4q": 0,
            "gross_profit": null,
            "gross_margin": null,
            "gross_margin_4q_avg": 0,
            "net_income": null,
            "net_income_4q": null,
            "revenue": null,
            "revenue_4q": null,
            "common_shares": 406066,
            "book_valuer_per_share": 12.84,
            "book_valuer_per_share_4q_avg": 3.21,
            "equity": 508936,
            "current_ratio": 264.95,
            "debt_ratio": 31.3,
            "inventory_turnover_ratio": null,
            "account_receivable_turnover_ratio": null,
            "reinvestment_rate": null,
            "research_to_sale_ratio": null,
            "price_fair": 0,
            "eps_avg_yearly": 0,
            "eps_latest_yearly": 0,
            "eps_growth_yearly": 0
        },
        "20101": {
            "year_quarter": 20101,
            "year": 2010,
            "quarter": 1,
            "eps": null,
            "eps_growth_year": null,
            "eps_4q": null,
            "eps_4q_growth_year": null,
            "roe": null,
            "roe_4q": 0,
            "gross_profit": null,
            "gross_margin": null,
            "gross_margin_4q_avg": 0,
            "net_income": null,
            "net_income_4q": null,
            "revenue": null,
            "revenue_4q": null,
            "common_shares": null,
            "book_valuer_per_share": null,
            "book_valuer_per_share_4q_avg": 3.21,
            "equity": null,
            "current_ratio": null,
            "debt_ratio": null,
            "inventory_turnover_ratio": null,
            "account_receivable_turnover_ratio": null,
            "reinvestment_rate": null,
            "research_to_sale_ratio": null,
            "price_fair": 0,
            "eps_avg_yearly": 0,
            "eps_latest_yearly": 0,
            "eps_growth_yearly": 0
        },
        "20102": {
            "year_quarter": 20102,
            "year": 2010,
            "quarter": 2,
            "eps": null,
            "eps_growth_year": null,
            "eps_4q": null,
            "eps_4q_growth_year": null,
            "roe": null,
            "roe_4q": 0,
            "gross_profit": null,
            "gross_margin": null,
            "gross_margin_4q_avg": 0,
            "net_income": null,
            "net_income_4q": null,
            "revenue": null,
            "revenue_4q": null,
            "common_shares": 406066,
            "book_valuer_per_share": 13.54,
            "book_valuer_per_share_4q_avg": 6.6,
            "equity": 536325,
            "current_ratio": 201.1,
            "debt_ratio": 43.04,
            "inventory_turnover_ratio": null,
            "account_receivable_turnover_ratio": null,
            "reinvestment_rate": null,
            "research_to_sale_ratio": null,
            "price_fair": 0,
            "eps_avg_yearly": 0,
            "eps_latest_yearly": 0,
            "eps_growth_yearly": 0
        },
        "20103": {
            "year_quarter": 20103,
            "year": 2010,
            "quarter": 3,
            "eps": null,
            "eps_growth_year": null,
            "eps_4q": null,
            "eps_4q_growth_year": null,
            "roe": null,
            "roe_4q": 0,
            "gross_profit": 101220,
            "gross_margin": null,
            "gross_margin_4q_avg": 0,
            "net_income": 29133,
            "net_income_4q": null,
            "revenue": 368735,
            "revenue_4q": null,
            "common_shares": 406066,
            "book_valuer_per_share": 13.6,
            "book_valuer_per_share_4q_avg": 10,
            "equity": 563288,
            "current_ratio": 234.98,
            "debt_ratio": 37.4,
            "inventory_turnover_ratio": null,
            "account_receivable_turnover_ratio": null,
            "reinvestment_rate": null,
            "research_to_sale_ratio": null,
            "price_fair": 0,
            "eps_avg_yearly": 0,
            "eps_latest_yearly": 0,
            "eps_growth_yearly": 0
        },
        "20104": {
            "year_quarter": 20104,
            "year": 2010,
            "quarter": 4,
            "eps": null,
            "eps_growth_year": null,
            "eps_4q": null,
            "eps_4q_growth_year": null,
            "roe": null,
            "roe_4q": 0,
            "gross_profit": 66995,
            "gross_margin": null,
            "gross_margin_4q_avg": 0,
            "net_income": 1977,
            "net_income_4q": null,
            "revenue": 318718,
            "revenue_4q": null,
            "common_shares": 406066,
            "book_valuer_per_share": 14.02,
            "book_valuer_per_share_4q_avg": 10.29,
            "equity": 554610,
            "current_ratio": 246.06,
            "debt_ratio": 35.53,
            "inventory_turnover_ratio": null,
            "account_receivable_turnover_ratio": null,
            "reinvestment_rate": null,
            "research_to_sale_ratio": null,
            "price_fair": 0,
            "eps_avg_yearly": 0,
            "eps_latest_yearly": 0,
            "eps_growth_yearly": 0
        },
        "20111": {
            "year_quarter": 20111,
            "year": 2011,
            "quarter": 1,
            "eps": null,
            "eps_growth_year": null,
            "eps_4q": null,
            "eps_4q_growth_year": null,
            "roe": null,
            "roe_4q": 0,
            "gross_profit": 63735,
            "gross_margin": null,
            "gross_margin_4q_avg": 0,
            "net_income": 20944,
            "net_income_4q": null,
            "revenue": 302064,
            "revenue_4q": null,
            "common_shares": 406066,
            "book_valuer_per_share": 13.98,
            "book_valuer_per_share_4q_avg": 13.79,
            "equity": 577122,
            "current_ratio": 277.06,
            "debt_ratio": 32.98,
            "inventory_turnover_ratio": null,
            "account_receivable_turnover_ratio": null,
            "reinvestment_rate": null,
            "research_to_sale_ratio": null,
            "price_fair": 0,
            "eps_avg_yearly": 0,
            "eps_latest_yearly": 0,
            "eps_growth_yearly": 0
        },
        "20112": {
            "year_quarter": 20112,
            "year": 2011,
            "quarter": 2,
            "eps": 0.13,
            "eps_growth_year": null,
            "eps_4q": 0.13,
            "eps_4q_growth_year": null,
            "roe": 0.9,
            "roe_4q": 0.9,
            "gross_profit": 57822,
            "gross_margin": 17.3,
            "gross_margin_4q_avg": 4.33,
            "net_income": 4897,
            "net_income_4q": null,
            "revenue": 334263,
            "revenue_4q": null,
            "common_shares": 406066,
            "book_valuer_per_share": 13.02,
            "book_valuer_per_share_4q_avg": 13.66,
            "equity": 517083,
            "current_ratio": 199.3,
            "debt_ratio": 45.16,
            "inventory_turnover_ratio": 1.2,
            "account_receivable_turnover_ratio": 2.6,
            "reinvestment_rate": null,
            "research_to_sale_ratio": null,
            "price_fair": 0,
            "eps_avg_yearly": 0,
            "eps_latest_yearly": 0,
            "eps_growth_yearly": 0
        },
        "20113": {
            "year_quarter": 20113,
            "year": 2011,
            "quarter": 3,
            "eps": null,
            "eps_growth_year": null,
            "eps_4q": null,
            "eps_4q_growth_year": null,
            "roe": null,
            "roe_4q": 0.9,
            "gross_profit": 67815,
            "gross_margin": null,
            "gross_margin_4q_avg": 4.33,
            "net_income": 22510,
            "net_income_4q": null,
            "revenue": 397407,
            "revenue_4q": null,
            "common_shares": 389203,
            "book_valuer_per_share": 13.93,
            "book_valuer_per_share_4q_avg": 13.74,
            "equity": 552896,
            "current_ratio": 218.08,
            "debt_ratio": 41.68,
            "inventory_turnover_ratio": null,
            "account_receivable_turnover_ratio": null,
            "reinvestment_rate": null,
            "research_to_sale_ratio": null,
            "price_fair": 0,
            "eps_avg_yearly": 0,
            "eps_latest_yearly": 0,
            "eps_growth_yearly": 0
        },
        "20114": {
            "year_quarter": 20114,
            "year": 2011,
            "quarter": 4,
            "eps": null,
            "eps_growth_year": null,
            "eps_4q": null,
            "eps_4q_growth_year": null,
            "roe": null,
            "roe_4q": 0.9,
            "gross_profit": 65920,
            "gross_margin": null,
            "gross_margin_4q_avg": 4.33,
            "net_income": 5330,
            "net_income_4q": null,
            "revenue": 371090,
            "revenue_4q": null,
            "common_shares": 389203,
            "book_valuer_per_share": 14.06,
            "book_valuer_per_share_4q_avg": 13.75,
            "equity": 556226,
            "current_ratio": 241.09,
            "debt_ratio": 36.94,
            "inventory_turnover_ratio": null,
            "account_receivable_turnover_ratio": null,
            "reinvestment_rate": null,
            "research_to_sale_ratio": null,
            "price_fair": 0,
            "eps_avg_yearly": 0,
            "eps_latest_yearly": 0,
            "eps_growth_yearly": 0
        },
        "20121": {
            "year_quarter": 20121,
            "year": 2012,
            "quarter": 1,
            "eps": 0.1,
            "eps_growth_year": null,
            "eps_4q": 0.23,
            "eps_4q_growth_year": null,
            "roe": 0.95,
            "roe_4q": 1.85,
            "gross_profit": 57284,
            "gross_margin": 19.31,
            "gross_margin_4q_avg": 9.15,
            "net_income": 5289,
            "net_income_4q": null,
            "revenue": 296625,
            "revenue_4q": null,
            "common_shares": 389203,
            "book_valuer_per_share": 14.04,
            "book_valuer_per_share_4q_avg": 13.76,
            "equity": 556431,
            "current_ratio": 283.77,
            "debt_ratio": 31.37,
            "inventory_turnover_ratio": 1.16,
            "account_receivable_turnover_ratio": 1.39,
            "reinvestment_rate": null,
            "research_to_sale_ratio": 2.04,
            "price_fair": 0,
            "eps_avg_yearly": 0,
            "eps_latest_yearly": 0,
            "eps_growth_yearly": 0
        },
        "20122": {
            "year_quarter": 20122,
            "year": 2012,
            "quarter": 2,
            "eps": 0.23,
            "eps_growth_year": 84.97,
            "eps_4q": 0.33,
            "eps_4q_growth_year": 164.59,
            "roe": 1.86,
            "roe_4q": 2.81,
            "gross_profit": 59555,
            "gross_margin": 18.86,
            "gross_margin_4q_avg": 9.54,
            "net_income": 10075,
            "net_income_4q": null,
            "revenue": 315762,
            "revenue_4q": null,
            "common_shares": 389203,
            "book_valuer_per_share": 13.31,
            "book_valuer_per_share_4q_avg": 13.84,
            "equity": 528768,
            "current_ratio": 249.06,
            "debt_ratio": 35.57,
            "inventory_turnover_ratio": 1.32,
            "account_receivable_turnover_ratio": 1.5,
            "reinvestment_rate": null,
            "research_to_sale_ratio": 1.24,
            "price_fair": 32.2,
            "eps_avg_yearly": 0.92,
            "eps_latest_yearly": 0.92,
            "eps_growth_yearly": 520
        },
        "20123": {
            "year_quarter": 20123,
            "year": 2012,
            "quarter": 3,
            "eps": 0.51,
            "eps_growth_year": null,
            "eps_4q": 0.81,
            "eps_4q_growth_year": null,
            "roe": 4.2,
            "roe_4q": 7.010000000000001,
            "gross_profit": 86801,
            "gross_margin": 21.79,
            "gross_margin_4q_avg": 14.99,
            "net_income": 23961,
            "net_income_4q": null,
            "revenue": 398266,
            "revenue_4q": null,
            "common_shares": 441093,
            "book_valuer_per_share": 13.62,
            "book_valuer_per_share_4q_avg": 13.76,
            "equity": 611116,
            "current_ratio": 267.29,
            "debt_ratio": 33.83,
            "inventory_turnover_ratio": 1.62,
            "account_receivable_turnover_ratio": 1.76,
            "reinvestment_rate": null,
            "research_to_sale_ratio": 2.2,
            "price_fair": 51.8,
            "eps_avg_yearly": 1.48,
            "eps_latest_yearly": 2.04,
            "eps_growth_yearly": 503.48
        },
        "20124": {
            "year_quarter": 20124,
            "year": 2012,
            "quarter": 4,
            "eps": 0.33,
            "eps_growth_year": null,
            "eps_4q": 1.14,
            "eps_4q_growth_year": null,
            "roe": 2.47,
            "roe_4q": 9.479999999999999,
            "gross_profit": 70549,
            "gross_margin": 19.29,
            "gross_margin_4q_avg": 19.81,
            "net_income": 15272,
            "net_income_4q": null,
            "revenue": 365779,
            "revenue_4q": null,
            "common_shares": 441093,
            "book_valuer_per_share": 13.95,
            "book_valuer_per_share_4q_avg": 13.73,
            "equity": 625724,
            "current_ratio": 300.05,
            "debt_ratio": 29.95,
            "inventory_turnover_ratio": 1.73,
            "account_receivable_turnover_ratio": 1.49,
            "reinvestment_rate": null,
            "research_to_sale_ratio": 2.05,
            "price_fair": 49.93,
            "eps_avg_yearly": 1.43,
            "eps_latest_yearly": 1.32,
            "eps_growth_yearly": 288.59
        },
        "20131": {
            "year_quarter": 20131,
            "year": 2013,
            "quarter": 1,
            "eps": 0.11,
            "eps_growth_year": 10,
            "eps_4q": 1.17,
            "eps_4q_growth_year": 416.15,
            "roe": 0.97,
            "roe_4q": 9.5,
            "gross_profit": 44113,
            "gross_margin": 15.79,
            "gross_margin_4q_avg": 18.93,
            "net_income": 6115,
            "net_income_4q": null,
            "revenue": 279365,
            "revenue_4q": null,
            "common_shares": 441093,
            "book_valuer_per_share": 14.12,
            "book_valuer_per_share_4q_avg": 13.75,
            "equity": 633813,
            "current_ratio": 331.14,
            "debt_ratio": 26.73,
            "inventory_turnover_ratio": 1.62,
            "account_receivable_turnover_ratio": 1.39,
            "reinvestment_rate": null,
            "research_to_sale_ratio": 2.41,
            "price_fair": 41.3,
            "eps_avg_yearly": 1.18,
            "eps_latest_yearly": 0.44,
            "eps_growth_yearly": 149.78
        },
        "20132": {
            "year_quarter": 20132,
            "year": 2013,
            "quarter": 2,
            "eps": 0.12,
            "eps_growth_year": -48.44,
            "eps_4q": 1.08,
            "eps_4q_growth_year": 225.76,
            "roe": 1.15,
            "roe_4q": 8.79,
            "gross_profit": 52094,
            "gross_margin": 16.16,
            "gross_margin_4q_avg": 18.26,
            "net_income": 7066,
            "net_income_4q": null,
            "revenue": 322302,
            "revenue_4q": null,
            "common_shares": 441093,
            "book_valuer_per_share": 13.32,
            "book_valuer_per_share_4q_avg": 13.75,
            "equity": 599253,
            "current_ratio": 248.72,
            "debt_ratio": 35.51,
            "inventory_turnover_ratio": 1.85,
            "account_receivable_turnover_ratio": 1.89,
            "reinvestment_rate": null,
            "research_to_sale_ratio": 1.77,
            "price_fair": 36.4,
            "eps_avg_yearly": 1.04,
            "eps_latest_yearly": 0.48,
            "eps_growth_yearly": 127.1
        },
        "20133": {
            "year_quarter": 20133,
            "year": 2013,
            "quarter": 3,
            "eps": 0,
            "eps_growth_year": -100,
            "eps_4q": 0.57,
            "eps_4q_growth_year": -29.31,
            "roe": 0.3,
            "roe_4q": 4.890000000000001,
            "gross_profit": 53963,
            "gross_margin": 17.41,
            "gross_margin_4q_avg": 17.16,
            "net_income": 1802,
            "net_income_4q": null,
            "revenue": 309901,
            "revenue_4q": null,
            "common_shares": 441093,
            "book_valuer_per_share": 13.28,
            "book_valuer_per_share_4q_avg": 13.67,
            "equity": 597964,
            "current_ratio": 319.28,
            "debt_ratio": 27.59,
            "inventory_turnover_ratio": 1.61,
            "account_receivable_turnover_ratio": 1.63,
            "reinvestment_rate": null,
            "research_to_sale_ratio": 1.96,
            "price_fair": 36.4,
            "eps_avg_yearly": 1.04,
            "eps_latest_yearly": 0.48,
            "eps_growth_yearly": 127.1
        },
        "20134": {
            "year_quarter": 20134,
            "year": 2013,
            "quarter": 4,
            "eps": 0.09,
            "eps_growth_year": -73.02,
            "eps_4q": 0.33,
            "eps_4q_growth_year": -71.21,
            "roe": 0.75,
            "roe_4q": 3.17,
            "gross_profit": 45177,
            "gross_margin": 16.57,
            "gross_margin_4q_avg": 16.48,
            "net_income": 4510,
            "net_income_4q": null,
            "revenue": 272609,
            "revenue_4q": null,
            "common_shares": 441093,
            "book_valuer_per_share": 13.43,
            "book_valuer_per_share_4q_avg": 13.54,
            "equity": 603001,
            "current_ratio": 361.69,
            "debt_ratio": 24.28,
            "inventory_turnover_ratio": 1.52,
            "account_receivable_turnover_ratio": 1.44,
            "reinvestment_rate": null,
            "research_to_sale_ratio": 2.26,
            "price_fair": 36.4,
            "eps_avg_yearly": 1.04,
            "eps_latest_yearly": 0.48,
            "eps_growth_yearly": 127.1
        },
        "20141": {
            "year_quarter": 20141,
            "year": 2014,
            "quarter": 1,
            "eps": 0.02,
            "eps_growth_year": -81.82,
            "eps_4q": 0.23,
            "eps_4q_growth_year": -80.21,
            "roe": 0.18,
            "roe_4q": 2.38,
            "gross_profit": 34022,
            "gross_margin": 14.81,
            "gross_margin_4q_avg": 16.24,
            "net_income": 1079,
            "net_income_4q": null,
            "revenue": 229749,
            "revenue_4q": null,
            "common_shares": 441093,
            "book_valuer_per_share": 13.51,
            "book_valuer_per_share_4q_avg": 13.39,
            "equity": 606954,
            "current_ratio": 416.83,
            "debt_ratio": 21.19,
            "inventory_turnover_ratio": 1.49,
            "account_receivable_turnover_ratio": 1.28,
            "reinvestment_rate": null,
            "research_to_sale_ratio": 2.6,
            "price_fair": 30.8,
            "eps_avg_yearly": 0.88,
            "eps_latest_yearly": 0.08,
            "eps_growth_yearly": 54.06
        },
        "20142": {
            "year_quarter": 20142,
            "year": 2014,
            "quarter": 2,
            "eps": 0.09,
            "eps_growth_year": -25,
            "eps_4q": 0.2,
            "eps_4q_growth_year": -81.78,
            "roe": 0.86,
            "roe_4q": 2.09,
            "gross_profit": 53208,
            "gross_margin": 17.57,
            "gross_margin_4q_avg": 16.59,
            "net_income": 5119,
            "net_income_4q": null,
            "revenue": 302791,
            "revenue_4q": null,
            "common_shares": 441093,
            "book_valuer_per_share": 13.02,
            "book_valuer_per_share_4q_avg": 13.31,
            "equity": 584729,
            "current_ratio": 281.12,
            "debt_ratio": 31.32,
            "inventory_turnover_ratio": 1.74,
            "account_receivable_turnover_ratio": 1.56,
            "reinvestment_rate": -90.97,
            "research_to_sale_ratio": 1.93,
            "price_fair": 28.2,
            "eps_avg_yearly": 0.81,
            "eps_latest_yearly": 0.36,
            "eps_growth_yearly": 246.34
        },
        "20143": {
            "year_quarter": 20143,
            "year": 2014,
            "quarter": 3,
            "eps": 0.49,
            "eps_growth_year": null,
            "eps_4q": 0.68,
            "eps_4q_growth_year": 19.75,
            "roe": 3.88,
            "roe_4q": 5.67,
            "gross_profit": 72105,
            "gross_margin": 19.24,
            "gross_margin_4q_avg": 17.05,
            "net_income": 23174,
            "net_income_4q": null,
            "revenue": 374854,
            "revenue_4q": null,
            "common_shares": 441093,
            "book_valuer_per_share": 13.58,
            "book_valuer_per_share_4q_avg": 13.39,
            "equity": 610352,
            "current_ratio": 312.83,
            "debt_ratio": 28.82,
            "inventory_turnover_ratio": 1.9,
            "account_receivable_turnover_ratio": 1.55,
            "reinvestment_rate": -8.14,
            "research_to_sale_ratio": 1.77,
            "price_fair": 33.25,
            "eps_avg_yearly": 0.95,
            "eps_latest_yearly": 1.96,
            "eps_growth_yearly": 437.77
        },
        "20144": {
            "year_quarter": 20144,
            "year": 2014,
            "quarter": 4,
            "eps": 0.26,
            "eps_growth_year": 187.11,
            "eps_4q": 0.85,
            "eps_4q_growth_year": 159.43,
            "roe": 1.9,
            "roe_4q": 6.819999999999999,
            "gross_profit": 49960,
            "gross_margin": 16.44,
            "gross_margin_4q_avg": 17.02,
            "net_income": 11775,
            "net_income_4q": null,
            "revenue": 303815,
            "revenue_4q": null,
            "common_shares": 441093,
            "book_valuer_per_share": 14.02,
            "book_valuer_per_share_4q_avg": 13.53,
            "equity": 628987,
            "current_ratio": 325.4,
            "debt_ratio": 28.16,
            "inventory_turnover_ratio": 1.53,
            "account_receivable_turnover_ratio": 1.13,
            "reinvestment_rate": -100.62,
            "research_to_sale_ratio": 1.93,
            "price_fair": 33.6,
            "eps_avg_yearly": 0.96,
            "eps_latest_yearly": 1.04,
            "eps_growth_yearly": 368.27
        },
        "20151": {
            "year_quarter": 20151,
            "year": 2015,
            "quarter": 1,
            "eps": 0.02,
            "eps_growth_year": 0,
            "eps_4q": 0.85,
            "eps_4q_growth_year": 268.39,
            "roe": 0.3,
            "roe_4q": 6.94,
            "gross_profit": 46365,
            "gross_margin": 16.58,
            "gross_margin_4q_avg": 17.46,
            "net_income": 1912,
            "net_income_4q": null,
            "revenue": 279622,
            "revenue_4q": null,
            "common_shares": 441093,
            "book_valuer_per_share": 13.97,
            "book_valuer_per_share_4q_avg": 13.65,
            "equity": 627747,
            "current_ratio": 367.54,
            "debt_ratio": 25.03,
            "inventory_turnover_ratio": 1.21,
            "account_receivable_turnover_ratio": 1.14,
            "reinvestment_rate": -5.34,
            "research_to_sale_ratio": 2.06,
            "price_fair": 30.52,
            "eps_avg_yearly": 0.87,
            "eps_latest_yearly": 0.08,
            "eps_growth_yearly": 294.52
        },
        "20152": {
            "year_quarter": 20152,
            "year": 2015,
            "quarter": 2,
            "eps": 0.13,
            "eps_growth_year": 44.44,
            "eps_4q": 0.89,
            "eps_4q_growth_year": 350.85,
            "roe": 1.26,
            "roe_4q": 7.34,
            "gross_profit": 62842,
            "gross_margin": 17.15,
            "gross_margin_4q_avg": 17.35,
            "net_income": 7695,
            "net_income_4q": null,
            "revenue": 366402,
            "revenue_4q": null,
            "common_shares": 441093,
            "book_valuer_per_share": 13.26,
            "book_valuer_per_share_4q_avg": 13.71,
            "equity": 597007,
            "current_ratio": 259.51,
            "debt_ratio": 35.19,
            "inventory_turnover_ratio": 1.37,
            "account_receivable_turnover_ratio": 1.56,
            "reinvestment_rate": -162.31,
            "research_to_sale_ratio": 1.63,
            "price_fair": 29.4,
            "eps_avg_yearly": 0.84,
            "eps_latest_yearly": 0.52,
            "eps_growth_yearly": 467.74
        },
        "20153": {
            "year_quarter": 20153,
            "year": 2015,
            "quarter": 3,
            "eps": 0.99,
            "eps_growth_year": 102.04,
            "eps_4q": 1.4,
            "eps_4q_growth_year": 104.52,
            "roe": 7.32,
            "roe_4q": 10.780000000000001,
            "gross_profit": 101795,
            "gross_margin": 22.14,
            "gross_margin_4q_avg": 18.08,
            "net_income": 45601,
            "net_income_4q": null,
            "revenue": 459843,
            "revenue_4q": null,
            "common_shares": 441093,
            "book_valuer_per_share": 14.38,
            "book_valuer_per_share_4q_avg": 13.91,
            "equity": 648180,
            "current_ratio": 301.71,
            "debt_ratio": 30.88,
            "inventory_turnover_ratio": 1.66,
            "account_receivable_turnover_ratio": 1.74,
            "reinvestment_rate": -8.62,
            "research_to_sale_ratio": 2.09,
            "price_fair": 38.5,
            "eps_avg_yearly": 1.1,
            "eps_latest_yearly": 3.96,
            "eps_growth_yearly": 649.28
        },
        "20154": {
            "year_quarter": 20154,
            "year": 2015,
            "quarter": 4,
            "eps": 0.19,
            "eps_growth_year": -27.95,
            "eps_4q": 1.33,
            "eps_4q_growth_year": 55.76,
            "roe": 1.46,
            "roe_4q": 10.340000000000002,
            "gross_profit": 59424,
            "gross_margin": 15.29,
            "gross_margin_4q_avg": 17.79,
            "net_income": 9501,
            "net_income_4q": null,
            "revenue": 388749,
            "revenue_4q": null,
            "common_shares": 441093,
            "book_valuer_per_share": 14.44,
            "book_valuer_per_share_4q_avg": 14.01,
            "equity": 649943,
            "current_ratio": 301.69,
            "debt_ratio": 30.92,
            "inventory_turnover_ratio": 1.69,
            "account_receivable_turnover_ratio": 1.37,
            "reinvestment_rate": -164.35,
            "research_to_sale_ratio": 1.65,
            "price_fair": 37.58,
            "eps_avg_yearly": 1.07,
            "eps_latest_yearly": 0.76,
            "eps_growth_yearly": 574.47
        },
        "20161": {
            "year_quarter": 20161,
            "year": 2016,
            "quarter": 1,
            "eps": 0.12,
            "eps_growth_year": 500,
            "eps_4q": 1.43,
            "eps_4q_growth_year": 68.12,
            "roe": 0.82,
            "roe_4q": 10.86,
            "gross_profit": 61276,
            "gross_margin": 18.22,
            "gross_margin_4q_avg": 18.2,
            "net_income": 5327,
            "net_income_4q": null,
            "revenue": 336304,
            "revenue_4q": null,
            "common_shares": 441093,
            "book_valuer_per_share": 14.49,
            "book_valuer_per_share_4q_avg": 14.14,
            "equity": 651618,
            "current_ratio": 319.87,
            "debt_ratio": 29.36,
            "inventory_turnover_ratio": 1.37,
            "account_receivable_turnover_ratio": 1.25,
            "reinvestment_rate": -155.92,
            "research_to_sale_ratio": 1.9,
            "price_fair": 36.1,
            "eps_avg_yearly": 1.03,
            "eps_latest_yearly": 0.48,
            "eps_growth_yearly": 522.91
        },
        "20162": {
            "year_quarter": 20162,
            "year": 2016,
            "quarter": 2,
            "eps": 0.3,
            "eps_growth_year": 130.77,
            "eps_4q": 1.6,
            "eps_4q_growth_year": 79.24,
            "roe": 2.21,
            "roe_4q": 11.81,
            "gross_profit": 63992,
            "gross_margin": 17.83,
            "gross_margin_4q_avg": 18.37,
            "net_income": 13998,
            "net_income_4q": null,
            "revenue": 358850,
            "revenue_4q": null,
            "common_shares": 441093,
            "book_valuer_per_share": 13.68,
            "book_valuer_per_share_4q_avg": 14.25,
            "equity": 616782,
            "current_ratio": 276.07,
            "debt_ratio": 33.88,
            "inventory_turnover_ratio": 1.5,
            "account_receivable_turnover_ratio": 1.53,
            "reinvestment_rate": -150.45,
            "research_to_sale_ratio": 1.96,
            "price_fair": 36.8,
            "eps_avg_yearly": 1.05,
            "eps_latest_yearly": 1.2,
            "eps_growth_yearly": 528.62
        },
        "20163": {
            "year_quarter": 20163,
            "year": 2016,
            "quarter": 3,
            "eps": 0.19,
            "eps_growth_year": -80.81,
            "eps_4q": 0.8,
            "eps_4q_growth_year": -42.95,
            "roe": 1.5,
            "roe_4q": 5.99,
            "gross_profit": 67812,
            "gross_margin": 19.55,
            "gross_margin_4q_avg": 17.72,
            "net_income": 9281,
            "net_income_4q": null,
            "revenue": 346824,
            "revenue_4q": null,
            "common_shares": 441093,
            "book_valuer_per_share": 13.7,
            "book_valuer_per_share_4q_avg": 14.08,
            "equity": 617351,
            "current_ratio": 275.92,
            "debt_ratio": 34.12,
            "inventory_turnover_ratio": 1.75,
            "account_receivable_turnover_ratio": 1.48,
            "reinvestment_rate": -166.76,
            "research_to_sale_ratio": 1.86,
            "price_fair": 33.6,
            "eps_avg_yearly": 0.96,
            "eps_latest_yearly": 0.76,
            "eps_growth_yearly": 483.36
        },
        "20164": {
            "year_quarter": 20164,
            "year": 2016,
            "quarter": 4,
            "eps": 0.54,
            "eps_growth_year": 190.08,
            "eps_4q": 1.15,
            "eps_4q_growth_year": -13.26,
            "roe": 3.92,
            "roe_4q": 8.45,
            "gross_profit": 70811,
            "gross_margin": 21.37,
            "gross_margin_4q_avg": 19.24,
            "net_income": 24627,
            "net_income_4q": null,
            "revenue": 331332,
            "revenue_4q": null,
            "common_shares": 441093,
            "book_valuer_per_share": 14.19,
            "book_valuer_per_share_4q_avg": 14.02,
            "equity": 638131,
            "current_ratio": 253.69,
            "debt_ratio": 37.31,
            "inventory_turnover_ratio": 1.73,
            "account_receivable_turnover_ratio": 1.33,
            "reinvestment_rate": -157.3,
            "research_to_sale_ratio": 2.13,
            "price_fair": 35.7,
            "eps_avg_yearly": 1.02,
            "eps_latest_yearly": 2.16,
            "eps_growth_yearly": 546.08
        },
        "20171": {
            "year_quarter": 20171,
            "year": 2017,
            "quarter": 1,
            "eps": 0,
            "eps_growth_year": -100,
            "eps_4q": 1.03,
            "eps_4q_growth_year": -28.22,
            "roe": -0.07,
            "roe_4q": 7.56,
            "gross_profit": 63535,
            "gross_margin": 20.87,
            "gross_margin_4q_avg": 19.91,
            "net_income": -444,
            "net_income_4q": null,
            "revenue": 304402,
            "revenue_4q": null,
            "common_shares": 441093,
            "book_valuer_per_share": 13.9,
            "book_valuer_per_share_4q_avg": 13.87,
            "equity": 624407,
            "current_ratio": 288.02,
            "debt_ratio": 32.46,
            "inventory_turnover_ratio": 1.41,
            "account_receivable_turnover_ratio": 1.41,
            "reinvestment_rate": -20.41,
            "research_to_sale_ratio": 2.1,
            "price_fair": 37.26,
            "eps_avg_yearly": 1.06,
            "eps_latest_yearly": 2.16,
            "eps_growth_yearly": 608.6
        },
        "20172": {
            "year_quarter": 20172,
            "year": 2017,
            "quarter": 2,
            "eps": 0.39,
            "eps_growth_year": 30,
            "eps_4q": 1.12,
            "eps_4q_growth_year": -29.89,
            "roe": 2.97,
            "roe_4q": 8.32,
            "gross_profit": 61283,
            "gross_margin": 18.96,
            "gross_margin_4q_avg": 20.19,
            "net_income": 18202,
            "net_income_4q": null,
            "revenue": 323156,
            "revenue_4q": null,
            "common_shares": 441093,
            "book_valuer_per_share": 13.39,
            "book_valuer_per_share_4q_avg": 13.8,
            "equity": 602437,
            "current_ratio": 251.12,
            "debt_ratio": 37.1,
            "inventory_turnover_ratio": 1.66,
            "account_receivable_turnover_ratio": 1.72,
            "reinvestment_rate": -14.22,
            "research_to_sale_ratio": 2.08,
            "price_fair": 38.97,
            "eps_avg_yearly": 1.11,
            "eps_latest_yearly": 2.16,
            "eps_growth_yearly": 656.28
        },
        "20173": {
            "year_quarter": 20173,
            "year": 2017,
            "quarter": 3,
            "eps": 0.05,
            "eps_growth_year": -73.68,
            "eps_4q": 0.98,
            "eps_4q_growth_year": 22.74,
            "roe": 0.37,
            "roe_4q": 7.19,
            "gross_profit": 43431,
            "gross_margin": 17.03,
            "gross_margin_4q_avg": 19.56,
            "net_income": 2213,
            "net_income_4q": null,
            "revenue": 254996,
            "revenue_4q": null,
            "common_shares": 441093,
            "book_valuer_per_share": 13.5,
            "book_valuer_per_share_4q_avg": 13.75,
            "equity": 605193,
            "current_ratio": 252.09,
            "debt_ratio": 36.66,
            "inventory_turnover_ratio": 1.65,
            "account_receivable_turnover_ratio": 1.28,
            "reinvestment_rate": -9.17,
            "research_to_sale_ratio": 2.54,
            "price_fair": 36.51,
            "eps_avg_yearly": 1.04,
            "eps_latest_yearly": 0.2,
            "eps_growth_yearly": 578.98
        },
        "20174": {
            "year_quarter": 20174,
            "year": 2017,
            "quarter": 4,
            "eps": 0.07,
            "eps_growth_year": -87.18,
            "eps_4q": 0.51,
            "eps_4q_growth_year": -55.67,
            "roe": 0.49,
            "roe_4q": 3.7600000000000002,
            "gross_profit": 47563,
            "gross_margin": 19.58,
            "gross_margin_4q_avg": 19.11,
            "net_income": 2952,
            "net_income_4q": null,
            "revenue": 242957,
            "revenue_4q": null,
            "common_shares": 441093,
            "book_valuer_per_share": 13.52,
            "book_valuer_per_share_4q_avg": 13.58,
            "equity": 604265,
            "current_ratio": 233.54,
            "debt_ratio": 39.55,
            "inventory_turnover_ratio": 1.37,
            "account_receivable_turnover_ratio": 1.27,
            "reinvestment_rate": -16.7,
            "research_to_sale_ratio": 2.18,
            "price_fair": 34.6,
            "eps_avg_yearly": 0.99,
            "eps_latest_yearly": 0.28,
            "eps_growth_yearly": 549.05
        },
        "20181": {
            "year_quarter": 20181,
            "year": 2018,
            "quarter": 1,
            "eps": 0.18,
            "eps_growth_year": null,
            "eps_4q": 0.7,
            "eps_4q_growth_year": -31.98,
            "roe": 1.42,
            "roe_4q": 5.25,
            "gross_profit": 61852,
            "gross_margin": 20.52,
            "gross_margin_4q_avg": 19.02,
            "net_income": 8646,
            "net_income_4q": null,
            "revenue": 301463,
            "revenue_4q": null,
            "common_shares": 441093,
            "book_valuer_per_share": 13.68,
            "book_valuer_per_share_4q_avg": 13.52,
            "equity": 611548,
            "current_ratio": 235.61,
            "debt_ratio": 39.86,
            "inventory_turnover_ratio": 1.48,
            "account_receivable_turnover_ratio": 1.64,
            "reinvestment_rate": -17.77,
            "research_to_sale_ratio": 1.96,
            "price_fair": 36.2,
            "eps_avg_yearly": 1.03,
            "eps_latest_yearly": 0.72,
            "eps_growth_yearly": 616.17
        },
        "20182": {
            "year_quarter": 20182,
            "year": 2018,
            "quarter": 2,
            "eps": 0.77,
            "eps_growth_year": 97.44,
            "eps_4q": 1.1,
            "eps_4q_growth_year": -1.9,
            "roe": 5.61,
            "roe_4q": 7.890000000000001,
            "gross_profit": 69880,
            "gross_margin": 23.34,
            "gross_margin_4q_avg": 20.12,
            "net_income": 33952,
            "net_income_4q": null,
            "revenue": 299402,
            "revenue_4q": null,
            "common_shares": 441093,
            "book_valuer_per_share": 13.86,
            "book_valuer_per_share_4q_avg": 13.64,
            "equity": 598537,
            "current_ratio": 213.4,
            "debt_ratio": 44.15,
            "inventory_turnover_ratio": 1.31,
            "account_receivable_turnover_ratio": 1.69,
            "reinvestment_rate": -14.12,
            "research_to_sale_ratio": 2.48,
            "price_fair": 43,
            "eps_avg_yearly": 1.23,
            "eps_latest_yearly": 3.08,
            "eps_growth_yearly": 609.82
        },
        "20183": {
            "year_quarter": 20183,
            "year": 2018,
            "quarter": 3,
            "eps": 0.66,
            "eps_growth_year": 1220,
            "eps_4q": 1.7,
            "eps_4q_growth_year": 73.78,
            "roe": 4.94,
            "roe_4q": 12.46,
            "gross_profit": 93430,
            "gross_margin": 23.89,
            "gross_margin_4q_avg": 21.83,
            "net_income": 30148,
            "net_income_4q": null,
            "revenue": 391097,
            "revenue_4q": null,
            "common_shares": 441093,
            "book_valuer_per_share": 14.37,
            "book_valuer_per_share_4q_avg": 13.86,
            "equity": 622274,
            "current_ratio": 216.32,
            "debt_ratio": 43.82,
            "inventory_turnover_ratio": 1.56,
            "account_receivable_turnover_ratio": 1.85,
            "reinvestment_rate": -13.46,
            "research_to_sale_ratio": 1.84,
            "price_fair": 44.7,
            "eps_avg_yearly": 1.28,
            "eps_latest_yearly": 2.64,
            "eps_growth_yearly": 478.75
        },
        "20184": {
            "year_quarter": 20184,
            "year": 2018,
            "quarter": 4,
            "eps": 0.14,
            "eps_growth_year": 97.85,
            "eps_4q": 1.77,
            "eps_4q_growth_year": 246.46,
            "roe": 0.94,
            "roe_4q": 12.910000000000002,
            "gross_profit": 46560,
            "gross_margin": 18.65,
            "gross_margin_4q_avg": 21.6,
            "net_income": 5898,
            "net_income_4q": null,
            "revenue": 249619,
            "revenue_4q": null,
            "common_shares": 441093,
            "book_valuer_per_share": 14.5,
            "book_valuer_per_share_4q_avg": 14.1,
            "equity": 626086,
            "current_ratio": 238.56,
            "debt_ratio": 39.89,
            "inventory_turnover_ratio": 1.14,
            "account_receivable_turnover_ratio": 1.24,
            "reinvestment_rate": -12.58,
            "research_to_sale_ratio": 2.36,
            "price_fair": 43.5,
            "eps_avg_yearly": 1.24,
            "eps_latest_yearly": 0.56,
            "eps_growth_yearly": 469.65
        },
        "20191": {
            "year_quarter": 20191,
            "year": 2019,
            "quarter": 1,
            "eps": 0.02,
            "eps_growth_year": -88.89,
            "eps_4q": 1.6,
            "eps_4q_growth_year": 128.59,
            "roe": 0.3,
            "roe_4q": 11.790000000000001,
            "gross_profit": 33301,
            "gross_margin": 14.11,
            "gross_margin_4q_avg": 20,
            "net_income": 1912,
            "net_income_4q": null,
            "revenue": 235937,
            "revenue_4q": null,
            "common_shares": 441093,
            "book_valuer_per_share": 14.62,
            "book_valuer_per_share_4q_avg": 14.34,
            "equity": 632374,
            "current_ratio": 260.48,
            "debt_ratio": 39.14,
            "inventory_turnover_ratio": 1.42,
            "account_receivable_turnover_ratio": 1.83,
            "reinvestment_rate": -10.79,
            "research_to_sale_ratio": 2.18,
            "price_fair": 43.5,
            "eps_avg_yearly": 1.24,
            "eps_latest_yearly": 0.08,
            "eps_growth_yearly": 471.54
        },
        "20192": {
            "year_quarter": 20192,
            "year": 2019,
            "quarter": 2,
            "eps": 0.07,
            "eps_growth_year": -90.91,
            "eps_4q": 0.88,
            "eps_4q_growth_year": -19.91,
            "roe": 0.52,
            "roe_4q": 6.7,
            "gross_profit": 37542,
            "gross_margin": 17.01,
            "gross_margin_4q_avg": 18.42,
            "net_income": 3168,
            "net_income_4q": null,
            "revenue": 220665,
            "revenue_4q": null,
            "common_shares": 441093,
            "book_valuer_per_share": 13.45,
            "book_valuer_per_share_4q_avg": 14.24,
            "equity": 581608,
            "current_ratio": 295.5,
            "debt_ratio": 35.32,
            "inventory_turnover_ratio": 1.77,
            "account_receivable_turnover_ratio": 2.16,
            "reinvestment_rate": -10.49,
            "research_to_sale_ratio": 2.61,
            "price_fair": 42.9,
            "eps_avg_yearly": 1.23,
            "eps_latest_yearly": 0.28,
            "eps_growth_yearly": 385.82
        },
        "20193": {
            "year_quarter": 20193,
            "year": 2019,
            "quarter": 3,
            "eps": 0.05,
            "eps_growth_year": -92.42,
            "eps_4q": 0.26,
            "eps_4q_growth_year": -84.54,
            "roe": 0.28,
            "roe_4q": 2.04,
            "gross_profit": 38412,
            "gross_margin": 19.32,
            "gross_margin_4q_avg": 17.27,
            "net_income": 1649,
            "net_income_4q": null,
            "revenue": 198838,
            "revenue_4q": null,
            "common_shares": 441093,
            "book_valuer_per_share": 13.4,
            "book_valuer_per_share_4q_avg": 13.99,
            "equity": 579112,
            "current_ratio": 311.9,
            "debt_ratio": 33.57,
            "inventory_turnover_ratio": 1.78,
            "account_receivable_turnover_ratio": 1.9,
            "reinvestment_rate": -13.82,
            "research_to_sale_ratio": 2.69,
            "price_fair": 33.5,
            "eps_avg_yearly": 0.96,
            "eps_latest_yearly": 0.2,
            "eps_growth_yearly": 188.65
        },
        "20194": {
            "year_quarter": 20194,
            "year": 2019,
            "quarter": 4,
            "eps": 0.05,
            "eps_growth_year": -65.6,
            "eps_4q": 0.17,
            "eps_4q_growth_year": -90.19,
            "roe": 0.24,
            "roe_4q": 1.34,
            "gross_profit": 44504,
            "gross_margin": 22.88,
            "gross_margin_4q_avg": 18.33,
            "net_income": 1358,
            "net_income_4q": null,
            "revenue": 194514,
            "revenue_4q": null,
            "common_shares": 441093,
            "book_valuer_per_share": 13.34,
            "book_valuer_per_share_4q_avg": 13.7,
            "equity": 574411,
            "current_ratio": 350.99,
            "debt_ratio": 30.07,
            "inventory_turnover_ratio": 1.76,
            "account_receivable_turnover_ratio": 2.1,
            "reinvestment_rate": -12.09,
            "research_to_sale_ratio": 2.44,
            "price_fair": 32.1,
            "eps_avg_yearly": 0.92,
            "eps_latest_yearly": 0.2,
            "eps_growth_yearly": 211.74
        },
        "20201": {
            "year_quarter": 20201,
            "year": 2020,
            "quarter": 1,
            "eps": -0.24,
            "eps_growth_year": -1300,
            "eps_4q": -0.09,
            "eps_4q_growth_year": -105.44,
            "roe": -1.99,
            "roe_4q": -0.95,
            "gross_profit": 19766,
            "gross_margin": 17.16,
            "gross_margin_4q_avg": 19.09,
            "net_income": -11287,
            "net_income_4q": null,
            "revenue": 115195,
            "revenue_4q": null,
            "common_shares": 441093,
            "book_valuer_per_share": 13.08,
            "book_valuer_per_share_4q_avg": 13.32,
            "equity": 562555,
            "current_ratio": 364,
            "debt_ratio": 29.24,
            "inventory_turnover_ratio": 1.16,
            "account_receivable_turnover_ratio": 1.61,
            "reinvestment_rate": -13.75,
            "research_to_sale_ratio": 4.29,
            "price_fair": 33.28,
            "eps_avg_yearly": 0.95,
            "eps_latest_yearly": 0.2,
            "eps_growth_yearly": 239.36
        },
        "20202": {
            "year_quarter": 20202,
            "year": 2020,
            "quarter": 2,
            "eps": 0.15,
            "eps_growth_year": 114.29,
            "eps_4q": -0,
            "eps_4q_growth_year": -100.38,
            "roe": 1.27,
            "roe_4q": -0.19999999999999996,
            "gross_profit": 40335,
            "gross_margin": 20.07,
            "gross_margin_4q_avg": 19.86,
            "net_income": 7114,
            "net_income_4q": null,
            "revenue": 200978,
            "revenue_4q": null,
            "common_shares": 441093,
            "book_valuer_per_share": 12.95,
            "book_valuer_per_share_4q_avg": 13.19,
            "equity": 557826,
            "current_ratio": 285.44,
            "debt_ratio": 35.11,
            "inventory_turnover_ratio": 1.74,
            "account_receivable_turnover_ratio": 2.14,
            "reinvestment_rate": -13.49,
            "research_to_sale_ratio": 2.37,
            "price_fair": 32.55,
            "eps_avg_yearly": 0.93,
            "eps_latest_yearly": 0.2,
            "eps_growth_yearly": 209.31
        },
        "20203": {
            "year_quarter": 20203,
            "year": 2020,
            "quarter": 3,
            "eps": 0.58,
            "eps_growth_year": 1060,
            "eps_4q": 0.54,
            "eps_4q_growth_year": 104.12,
            "roe": 4.48,
            "roe_4q": 4,
            "gross_profit": 85540,
            "gross_margin": 23.64,
            "gross_margin_4q_avg": 20.94,
            "net_income": 25601,
            "net_income_4q": null,
            "revenue": 361912,
            "revenue_4q": null,
            "common_shares": 441093,
            "book_valuer_per_share": 13.57,
            "book_valuer_per_share_4q_avg": 13.24,
            "equity": 584116,
            "current_ratio": 251.7,
            "debt_ratio": 38.93,
            "inventory_turnover_ratio": 2.36,
            "account_receivable_turnover_ratio": 2.41,
            "reinvestment_rate": -10.07,
            "research_to_sale_ratio": 1.61,
            "price_fair": 37.1,
            "eps_avg_yearly": 1.06,
            "eps_latest_yearly": 2.32,
            "eps_growth_yearly": 317.09
        },
        "20204": {
            "year_quarter": 20204,
            "year": 2020,
            "quarter": 4,
            "eps": 0.17,
            "eps_growth_year": 267.16,
            "eps_4q": 0.66,
            "eps_4q_growth_year": 281.91,
            "roe": 1.55,
            "roe_4q": 5.3100000000000005,
            "gross_profit": 52346,
            "gross_margin": 19.18,
            "gross_margin_4q_avg": 20.01,
            "net_income": 9170,
            "net_income_4q": null,
            "revenue": 272991,
            "revenue_4q": null,
            "common_shares": 441093,
            "book_valuer_per_share": 13.85,
            "book_valuer_per_share_4q_avg": 13.36,
            "equity": 596999,
            "current_ratio": 306.43,
            "debt_ratio": 33.97,
            "inventory_turnover_ratio": 1.68,
            "account_receivable_turnover_ratio": 1.87,
            "reinvestment_rate": -10.77,
            "research_to_sale_ratio": 2.07,
            "price_fair": 32.78,
            "eps_avg_yearly": 0.94,
            "eps_latest_yearly": 0.68,
            "eps_growth_yearly": 232.12
        },
        "20211": {
            "year_quarter": 20211,
            "year": 2021,
            "quarter": 1,
            "eps": -0.1,
            "eps_growth_year": null,
            "eps_4q": 0.81,
            "eps_4q_growth_year": null,
            "roe": -0.73,
            "roe_4q": 6.57,
            "gross_profit": 28707,
            "gross_margin": 16.81,
            "gross_margin_4q_avg": 19.93,
            "net_income": -4372,
            "net_income_4q": null,
            "revenue": 170791,
            "revenue_4q": null,
            "common_shares": 441093,
            "book_valuer_per_share": 13.82,
            "book_valuer_per_share_4q_avg": 13.55,
            "equity": 595105,
            "current_ratio": 330.52,
            "debt_ratio": 31.74,
            "inventory_turnover_ratio": 1.14,
            "account_receivable_turnover_ratio": 1.42,
            "reinvestment_rate": -8.81,
            "research_to_sale_ratio": 2.79,
            "price_fair": 32.78,
            "eps_avg_yearly": 0.94,
            "eps_latest_yearly": 0.68,
            "eps_growth_yearly": 232.12
        },
        "20212": {
            "year_quarter": 20212,
            "year": 2021,
            "quarter": 2,
            "eps": 0.08,
            "eps_growth_year": -46.67,
            "eps_4q": 0.74,
            "eps_4q_growth_year": null,
            "roe": 1.08,
            "roe_4q": 6.380000000000001,
            "gross_profit": 46451,
            "gross_margin": 17.05,
            "gross_margin_4q_avg": 19.17,
            "net_income": 6504,
            "net_income_4q": null,
            "revenue": 272371,
            "revenue_4q": null,
            "common_shares": 427353,
            "book_valuer_per_share": 13.95,
            "book_valuer_per_share_4q_avg": 13.8,
            "equity": 604029,
            "current_ratio": 266.45,
            "debt_ratio": 37.45,
            "inventory_turnover_ratio": 1.69,
            "account_receivable_turnover_ratio": 1.83,
            "reinvestment_rate": -18.62,
            "research_to_sale_ratio": 1.82,
            "price_fair": 32.78,
            "eps_avg_yearly": 0.94,
            "eps_latest_yearly": 0.68,
            "eps_growth_yearly": 232.12
        },
        "20213": {
            "year_quarter": 20213,
            "year": 2021,
            "quarter": 3,
            "eps": 0.11,
            "eps_growth_year": -81.03,
            "eps_4q": 0.26,
            "eps_4q_growth_year": -51.75,
            "roe": 1.04,
            "roe_4q": 2.9400000000000004,
            "gross_profit": 45139,
            "gross_margin": 16.58,
            "gross_margin_4q_avg": 17.41,
            "net_income": 6271,
            "net_income_4q": null,
            "revenue": 272282,
            "revenue_4q": null,
            "common_shares": 427353,
            "book_valuer_per_share": 13.97,
            "book_valuer_per_share_4q_avg": 13.9,
            "equity": 606210,
            "current_ratio": 231.93,
            "debt_ratio": 41.59,
            "inventory_turnover_ratio": 1.38,
            "account_receivable_turnover_ratio": 1.54,
            "reinvestment_rate": -23.14,
            "research_to_sale_ratio": 2,
            "price_fair": 33.48,
            "eps_avg_yearly": 0.96,
            "eps_latest_yearly": 0.44,
            "eps_growth_yearly": 273.68
        },
        "20214": {
            "year_quarter": 20214,
            "year": 2021,
            "quarter": 4,
            "eps": -0.11,
            "eps_growth_year": -164.2,
            "eps_4q": -0.02,
            "eps_4q_growth_year": -103.64,
            "roe": -0.23,
            "roe_4q": 1.1600000000000001,
            "gross_profit": 35377,
            "gross_margin": 14.18,
            "gross_margin_4q_avg": 16.16,
            "net_income": -1374,
            "net_income_4q": null,
            "revenue": 249448,
            "revenue_4q": null,
            "common_shares": 427353,
            "book_valuer_per_share": 13.93,
            "book_valuer_per_share_4q_avg": 13.92,
            "equity": 606482,
            "current_ratio": 242.33,
            "debt_ratio": 38.34,
            "inventory_turnover_ratio": 1.19,
            "account_receivable_turnover_ratio": 1.32,
            "reinvestment_rate": -12.63,
            "research_to_sale_ratio": 2.04,
            "price_fair": 35.64,
            "eps_avg_yearly": 1.02,
            "eps_latest_yearly": 0.44,
            "eps_growth_yearly": 284.01
        },
        "20221": {
            "year_quarter": 20221,
            "year": 2022,
            "quarter": 1,
            "eps": -0.21,
            "eps_growth_year": null,
            "eps_4q": -0.14,
            "eps_4q_growth_year": -116.93,
            "roe": -0.89,
            "roe_4q": 1,
            "gross_profit": 25417,
            "gross_margin": 16.12,
            "gross_margin_4q_avg": 15.98,
            "net_income": -5343,
            "net_income_4q": null,
            "revenue": 157674,
            "revenue_4q": null,
            "common_shares": 427353,
            "book_valuer_per_share": 13.67,
            "book_valuer_per_share_4q_avg": 13.88,
            "equity": 599314,
            "current_ratio": 252.02,
            "debt_ratio": 37.55,
            "inventory_turnover_ratio": 0.72,
            "account_receivable_turnover_ratio": 0.91,
            "reinvestment_rate": -9.62,
            "research_to_sale_ratio": 3.17,
            "price_fair": 36.68,
            "eps_avg_yearly": 1.05,
            "eps_latest_yearly": 0.44,
            "eps_growth_yearly": 249.56
        },
        "20222": {
            "year_quarter": 20222,
            "year": 2022,
            "quarter": 2,
            "eps": -0.1,
            "eps_growth_year": -225,
            "eps_4q": -0.31,
            "eps_4q_growth_year": -142.71,
            "roe": -0.23,
            "roe_4q": -0.31000000000000005,
            "gross_profit": 29567,
            "gross_margin": 12.93,
            "gross_margin_4q_avg": 14.95,
            "net_income": -1377,
            "net_income_4q": null,
            "revenue": 228587,
            "revenue_4q": null,
            "common_shares": 427353,
            "book_valuer_per_share": 13.49,
            "book_valuer_per_share_4q_avg": 13.77,
            "equity": 593480,
            "current_ratio": 233.68,
            "debt_ratio": 39.03,
            "inventory_turnover_ratio": 1.1,
            "account_receivable_turnover_ratio": 1.39,
            "reinvestment_rate": 43.78,
            "research_to_sale_ratio": 2.14,
            "price_fair": 28.78,
            "eps_avg_yearly": 0.82,
            "eps_latest_yearly": 0.44,
            "eps_growth_yearly": 131.61
        },
        "20223": {
            "year_quarter": 20223,
            "year": 2022,
            "quarter": 3,
            "eps": -0.18,
            "eps_growth_year": -263.64,
            "eps_4q": -0.6,
            "eps_4q_growth_year": -333.36,
            "roe": -0.93,
            "roe_4q": -2.2800000000000002,
            "gross_profit": 20984,
            "gross_margin": 9.12,
            "gross_margin_4q_avg": 13.09,
            "net_income": -5506,
            "net_income_4q": null,
            "revenue": 230197,
            "revenue_4q": null,
            "common_shares": 427353,
            "book_valuer_per_share": 13.42,
            "book_valuer_per_share_4q_avg": 13.63,
            "equity": 592806,
            "current_ratio": 228.99,
            "debt_ratio": 40.25,
            "inventory_turnover_ratio": 1.29,
            "account_receivable_turnover_ratio": 1.24,
            "reinvestment_rate": 125.93,
            "research_to_sale_ratio": 2.13,
            "price_fair": 20.83,
            "eps_avg_yearly": 0.6,
            "eps_latest_yearly": 0.44,
            "eps_growth_yearly": 155.2
        },
        "20224": {
            "year_quarter": 20224,
            "year": 2022,
            "quarter": 4,
            "eps": 0.03,
            "eps_growth_year": null,
            "eps_4q": -0.46,
            "eps_4q_growth_year": null,
            "roe": 0.53,
            "roe_4q": -1.52,
            "gross_profit": 54872,
            "gross_margin": 19.93,
            "gross_margin_4q_avg": 14.53,
            "net_income": 3164,
            "net_income_4q": null,
            "revenue": 275353,
            "revenue_4q": null,
            "common_shares": 427353,
            "book_valuer_per_share": 13.41,
            "book_valuer_per_share_4q_avg": 13.5,
            "equity": 593578,
            "current_ratio": 257.4,
            "debt_ratio": 36.3,
            "inventory_turnover_ratio": 1.65,
            "account_receivable_turnover_ratio": 1.48,
            "reinvestment_rate": 133.65,
            "research_to_sale_ratio": 1.36,
            "price_fair": 21,
            "eps_avg_yearly": 0.6,
            "eps_latest_yearly": 0.44,
            "eps_growth_yearly": 222.4
        },
        "20231": {
            "year_quarter": 20231,
            "year": 2023,
            "quarter": 1,
            "eps": -0.17,
            "eps_growth_year": null,
            "eps_4q": -0.42,
            "eps_4q_growth_year": null,
            "roe": -0.88,
            "roe_4q": -1.51,
            "gross_profit": 33356,
            "gross_margin": 15.69,
            "gross_margin_4q_avg": 14.42,
            "net_income": -5163,
            "net_income_4q": null,
            "revenue": 212639,
            "revenue_4q": null,
            "common_shares": 427353,
            "book_valuer_per_share": 13.24,
            "book_valuer_per_share_4q_avg": 13.39,
            "equity": 586008,
            "current_ratio": 261.59,
            "debt_ratio": 34.97,
            "inventory_turnover_ratio": 1.66,
            "account_receivable_turnover_ratio": 1.28,
            "reinvestment_rate": 278.14,
            "research_to_sale_ratio": 1.5,
            "price_fair": 24.03,
            "eps_avg_yearly": 0.69,
            "eps_latest_yearly": 0.44,
            "eps_growth_yearly": 316.6
        },
        "20232": {
            "year_quarter": 20232,
            "year": 2023,
            "quarter": 2,
            "eps": 0.47,
            "eps_growth_year": null,
            "eps_4q": 0.15,
            "eps_4q_growth_year": null,
            "roe": 3.62,
            "roe_4q": 2.3400000000000003,
            "gross_profit": 39545,
            "gross_margin": 19.39,
            "gross_margin_4q_avg": 16.03,
            "net_income": 21638,
            "net_income_4q": null,
            "revenue": 203986,
            "revenue_4q": null,
            "common_shares": 427353,
            "book_valuer_per_share": 13.7,
            "book_valuer_per_share_4q_avg": 13.44,
            "equity": 607949,
            "current_ratio": 259.73,
            "debt_ratio": 35.78,
            "inventory_turnover_ratio": 1.62,
            "account_receivable_turnover_ratio": 1.45,
            "reinvestment_rate": 85.28,
            "research_to_sale_ratio": 1.89,
            "price_fair": 26.88,
            "eps_avg_yearly": 0.77,
            "eps_latest_yearly": 0.44,
            "eps_growth_yearly": 179.92
        },
        "20233": {
            "year_quarter": 20233,
            "year": 2023,
            "quarter": 3,
            "eps": 0.25,
            "eps_growth_year": null,
            "eps_4q": 0.58,
            "eps_4q_growth_year": null,
            "roe": 1.94,
            "roe_4q": 5.210000000000001,
            "gross_profit": 50577,
            "gross_margin": 26.28,
            "gross_margin_4q_avg": 20.32,
            "net_income": 11902,
            "net_income_4q": null,
            "revenue": 192487,
            "revenue_4q": null,
            "common_shares": 427353,
            "book_valuer_per_share": 14.1,
            "book_valuer_per_share_4q_avg": 13.61,
            "equity": 621140,
            "current_ratio": 285.86,
            "debt_ratio": 33.44,
            "inventory_turnover_ratio": 1.46,
            "account_receivable_turnover_ratio": 1.64,
            "reinvestment_rate": 67.19,
            "research_to_sale_ratio": 2.1,
            "price_fair": 32.48,
            "eps_avg_yearly": 0.93,
            "eps_latest_yearly": 1,
            "eps_growth_yearly": 165.33
        }
    },
    "months": {
        "2004-06": {
            "month": "2004-06",
            "price": "15.38",
            "revenue": 57989
        },
        "2004-07": {
            "month": "2004-07",
            "price": "17.00",
            "revenue": 90308
        },
        "2004-08": {
            "month": "2004-08",
            "price": "22.47",
            "revenue": 60891
        },
        "2004-09": {
            "month": "2004-09",
            "price": "26.58",
            "revenue": 75451
        },
        "2004-10": {
            "month": "2004-10",
            "price": "23.21",
            "revenue": 85914
        },
        "2004-11": {
            "month": "2004-11",
            "price": "21.64",
            "revenue": 69546
        },
        "2004-12": {
            "month": "2004-12",
            "price": "18.95",
            "revenue": 114784
        },
        "2005-01": {
            "month": "2005-01",
            "price": "17.17",
            "revenue": 143583
        },
        "2005-02": {
            "month": "2005-02",
            "price": "16.68",
            "revenue": 74354
        },
        "2005-03": {
            "month": "2005-03",
            "price": "14.63",
            "revenue": 77832
        },
        "2005-04": {
            "month": "2005-04",
            "price": "13.55",
            "revenue": 104898
        },
        "2005-05": {
            "month": "2005-05",
            "price": "12.49",
            "revenue": 91739
        },
        "2005-06": {
            "month": "2005-06",
            "price": "11.54",
            "revenue": 106692
        },
        "2005-07": {
            "month": "2005-07",
            "price": "11.09",
            "revenue": 74461
        },
        "2005-08": {
            "month": "2005-08",
            "price": "9.95",
            "revenue": 90609
        },
        "2005-09": {
            "month": "2005-09",
            "price": "9.85",
            "revenue": 105226
        },
        "2005-11": {
            "month": "2005-11",
            "price": "10.13",
            "revenue": 124001
        },
        "2005-12": {
            "month": "2005-12",
            "price": "9.87",
            "revenue": 86871
        },
        "2006-01": {
            "month": "2006-01",
            "price": "10.80",
            "revenue": 86462
        },
        "2006-02": {
            "month": "2006-02",
            "price": "11.93",
            "revenue": 77043
        },
        "2006-03": {
            "month": "2006-03",
            "price": "13.44",
            "revenue": 103850
        },
        "2006-04": {
            "month": "2006-04",
            "price": "13.46",
            "revenue": 108857
        },
        "2006-05": {
            "month": "2006-05",
            "price": "15.82",
            "revenue": 113027
        },
        "2006-06": {
            "month": "2006-06",
            "price": "20.81",
            "revenue": 106173
        },
        "2006-07": {
            "month": "2006-07",
            "price": "18.73",
            "revenue": 105531
        },
        "2006-08": {
            "month": "2006-08",
            "price": "16.27",
            "revenue": 94205
        },
        "2006-09": {
            "month": "2006-09",
            "price": "16.16",
            "revenue": 102159
        },
        "2006-10": {
            "month": "2006-10",
            "price": "15.58",
            "revenue": 95846
        },
        "2006-11": {
            "month": "2006-11",
            "price": "15.80",
            "revenue": 107133
        },
        "2006-12": {
            "month": "2006-12",
            "price": "16.02",
            "revenue": 100671
        },
        "2007-01": {
            "month": "2007-01",
            "price": "14.86",
            "revenue": 94688
        },
        "2007-02": {
            "month": "2007-02",
            "price": "16.98",
            "revenue": 68696
        },
        "2007-03": {
            "month": "2007-03",
            "price": "16.55",
            "revenue": 104331
        },
        "2007-04": {
            "month": "2007-04",
            "price": "15.15",
            "revenue": 87264
        },
        "2007-05": {
            "month": "2007-05",
            "price": "15.75",
            "revenue": 95310
        },
        "2007-06": {
            "month": "2007-06",
            "price": "14.99",
            "revenue": 123898
        },
        "2007-07": {
            "month": "2007-07",
            "price": "14.06",
            "revenue": 87098
        },
        "2007-08": {
            "month": "2007-08",
            "price": "12.87",
            "revenue": 102519
        },
        "2007-09": {
            "month": "2007-09",
            "price": "12.42",
            "revenue": 105580
        },
        "2007-10": {
            "month": "2007-10",
            "price": "12.83",
            "revenue": 76763
        },
        "2007-11": {
            "month": "2007-11",
            "price": "11.68",
            "revenue": 98588
        },
        "2007-12": {
            "month": "2007-12",
            "price": "10.75",
            "revenue": 80904
        },
        "2008-01": {
            "month": "2008-01",
            "price": "12.01",
            "revenue": 92580
        },
        "2008-02": {
            "month": "2008-02",
            "price": "10.65",
            "revenue": 67580
        },
        "2008-03": {
            "month": "2008-03",
            "price": "9.58",
            "revenue": 85995
        },
        "2008-04": {
            "month": "2008-04",
            "price": "11.75",
            "revenue": 82680
        },
        "2008-05": {
            "month": "2008-05",
            "price": "11.94",
            "revenue": 97127
        },
        "2008-06": {
            "month": "2008-06",
            "price": "12.11",
            "revenue": 96469
        },
        "2008-07": {
            "month": "2008-07",
            "price": "10.59",
            "revenue": 91641
        },
        "2008-08": {
            "month": "2008-08",
            "price": "9.91",
            "revenue": 75416
        },
        "2008-09": {
            "month": "2008-09",
            "price": "8.96",
            "revenue": 77627
        },
        "2008-10": {
            "month": "2008-10",
            "price": "7.24",
            "revenue": 92786
        },
        "2008-11": {
            "month": "2008-11",
            "price": "6.36",
            "revenue": 79597
        },
        "2008-12": {
            "month": "2008-12",
            "price": "5.96",
            "revenue": 59659
        },
        "2009-01": {
            "month": "2009-01",
            "price": "6.04",
            "revenue": 54856
        },
        "2009-02": {
            "month": "2009-02",
            "price": "6.04",
            "revenue": 43797
        },
        "2009-03": {
            "month": "2009-03",
            "price": "4.87",
            "revenue": 49516
        },
        "2009-04": {
            "month": "2009-04",
            "price": "7.24",
            "revenue": 59774
        },
        "2009-05": {
            "month": "2009-05",
            "price": "8.58",
            "revenue": 53291
        },
        "2009-06": {
            "month": "2009-06",
            "price": "7.70",
            "revenue": 50766
        },
        "2009-07": {
            "month": "2009-07",
            "price": "7.74",
            "revenue": 64909
        },
        "2009-08": {
            "month": "2009-08",
            "price": "8.50",
            "revenue": 51434
        },
        "2009-09": {
            "month": "2009-09",
            "price": "8.59",
            "revenue": 66599
        },
        "2009-10": {
            "month": "2009-10",
            "price": "10.94",
            "revenue": 47904
        },
        "2009-11": {
            "month": "2009-11",
            "price": "10.85",
            "revenue": 55644
        },
        "2009-12": {
            "month": "2009-12",
            "price": "11.57",
            "revenue": 64901
        },
        "2010-01": {
            "month": "2010-01",
            "price": "11.21",
            "revenue": 66521
        },
        "2010-02": {
            "month": "2010-02",
            "price": "10.88",
            "revenue": 53761
        },
        "2010-03": {
            "month": "2010-03",
            "price": "11.34",
            "revenue": 101022
        },
        "2010-04": {
            "month": "2010-04",
            "price": "12.42",
            "revenue": 118178
        },
        "2010-05": {
            "month": "2010-05",
            "price": "13.63",
            "revenue": 131241
        },
        "2010-06": {
            "month": "2010-06",
            "price": "14.95",
            "revenue": 135273
        },
        "2010-07": {
            "month": "2010-07",
            "price": "16.45",
            "revenue": 109645
        },
        "2010-08": {
            "month": "2010-08",
            "price": "17.76",
            "revenue": 110493
        },
        "2010-09": {
            "month": "2010-09",
            "price": "17.77",
            "revenue": 113560
        },
        "2010-10": {
            "month": "2010-10",
            "price": "17.83",
            "revenue": 86588
        },
        "2010-11": {
            "month": "2010-11",
            "price": "17.63",
            "revenue": 82298
        },
        "2010-12": {
            "month": "2010-12",
            "price": "18.66",
            "revenue": 91528
        },
        "2011-01": {
            "month": "2011-01",
            "price": "18.64",
            "revenue": 110584
        },
        "2011-02": {
            "month": "2011-02",
            "price": "18.04",
            "revenue": 49781
        },
        "2011-03": {
            "month": "2011-03",
            "price": "18.04",
            "revenue": 94278
        },
        "2011-04": {
            "month": "2011-04",
            "price": "18.08",
            "revenue": 72345
        },
        "2011-05": {
            "month": "2011-05",
            "price": "18.32",
            "revenue": 93886
        },
        "2011-06": {
            "month": "2011-06",
            "price": "17.94",
            "revenue": 105472
        },
        "2011-07": {
            "month": "2011-07",
            "price": "16.23",
            "revenue": 103882
        },
        "2011-08": {
            "month": "2011-08",
            "price": "15.87",
            "revenue": 115078
        },
        "2011-09": {
            "month": "2011-09",
            "price": "14.93",
            "revenue": 130389
        },
        "2011-10": {
            "month": "2011-10",
            "price": "15.30",
            "revenue": 100798
        },
        "2011-11": {
            "month": "2011-11",
            "price": "15.00",
            "revenue": 127157
        },
        "2011-12": {
            "month": "2011-12",
            "price": "13.94",
            "revenue": 90506
        },
        "2012-01": {
            "month": "2012-01",
            "price": "13.05",
            "revenue": 69993
        },
        "2012-02": {
            "month": "2012-02",
            "price": "15.29",
            "revenue": 85368
        },
        "2012-03": {
            "month": "2012-03",
            "price": "19.07",
            "revenue": 93273
        },
        "2012-04": {
            "month": "2012-04",
            "price": "17.02",
            "revenue": 90396
        },
        "2012-05": {
            "month": "2012-05",
            "price": "17.14",
            "revenue": 83159
        },
        "2012-06": {
            "month": "2012-06",
            "price": "16.19",
            "revenue": 85788
        },
        "2012-07": {
            "month": "2012-07",
            "price": "13.80",
            "revenue": 110116
        },
        "2012-08": {
            "month": "2012-08",
            "price": "19.64",
            "revenue": 108842
        },
        "2012-09": {
            "month": "2012-09",
            "price": "21.13",
            "revenue": 120433
        },
        "2012-10": {
            "month": "2012-10",
            "price": "18.20",
            "revenue": 96522
        },
        "2012-11": {
            "month": "2012-11",
            "price": "16.33",
            "revenue": 98129
        },
        "2012-12": {
            "month": "2012-12",
            "price": "16.72",
            "revenue": 117522
        },
        "2013-01": {
            "month": "2013-01",
            "price": "18.81",
            "revenue": 117008
        },
        "2013-02": {
            "month": "2013-02",
            "price": "19.93",
            "revenue": 74334
        },
        "2013-03": {
            "month": "2013-03",
            "price": "18.64",
            "revenue": 88024
        },
        "2013-04": {
            "month": "2013-04",
            "price": "16.84",
            "revenue": 97696
        },
        "2013-05": {
            "month": "2013-05",
            "price": "17.41",
            "revenue": 119035
        },
        "2013-06": {
            "month": "2013-06",
            "price": "20.92",
            "revenue": 105571
        },
        "2013-07": {
            "month": "2013-07",
            "price": "21.02",
            "revenue": 108009
        },
        "2013-08": {
            "month": "2013-08",
            "price": "21.18",
            "revenue": 102300
        },
        "2013-09": {
            "month": "2013-09",
            "price": "19.50",
            "revenue": 99592
        },
        "2013-10": {
            "month": "2013-10",
            "price": "18.45",
            "revenue": 93128
        },
        "2013-11": {
            "month": "2013-11",
            "price": "16.16",
            "revenue": 89310
        },
        "2013-12": {
            "month": "2013-12",
            "price": "15.75",
            "revenue": 90170
        },
        "2014-01": {
            "month": "2014-01",
            "price": "16.60",
            "revenue": 66210
        },
        "2014-02": {
            "month": "2014-02",
            "price": "16.78",
            "revenue": 63121
        },
        "2014-03": {
            "month": "2014-03",
            "price": "18.16",
            "revenue": 100418
        },
        "2014-04": {
            "month": "2014-04",
            "price": "17.24",
            "revenue": 83156
        },
        "2014-05": {
            "month": "2014-05",
            "price": "16.10",
            "revenue": 112439
        },
        "2014-06": {
            "month": "2014-06",
            "price": "16.42",
            "revenue": 107196
        },
        "2014-07": {
            "month": "2014-07",
            "price": "17.23",
            "revenue": 128787
        },
        "2014-08": {
            "month": "2014-08",
            "price": "19.49",
            "revenue": 130753
        },
        "2014-09": {
            "month": "2014-09",
            "price": "21.52",
            "revenue": 115313
        },
        "2014-10": {
            "month": "2014-10",
            "price": "28.60",
            "revenue": 105567
        },
        "2014-11": {
            "month": "2014-11",
            "price": "29.30",
            "revenue": 93670
        },
        "2014-12": {
            "month": "2014-12",
            "price": "37.28",
            "revenue": 104578
        },
        "2015-01": {
            "month": "2015-01",
            "price": "51.54",
            "revenue": 94827
        },
        "2015-02": {
            "month": "2015-02",
            "price": "45.18",
            "revenue": 80875
        },
        "2015-03": {
            "month": "2015-03",
            "price": "49.86",
            "revenue": 103920
        },
        "2015-04": {
            "month": "2015-04",
            "price": "44.52",
            "revenue": 110476
        },
        "2015-05": {
            "month": "2015-05",
            "price": "37.10",
            "revenue": 118416
        },
        "2015-06": {
            "month": "2015-06",
            "price": "32.13",
            "revenue": 137510
        },
        "2015-07": {
            "month": "2015-07",
            "price": "36.00",
            "revenue": 164186
        },
        "2015-08": {
            "month": "2015-08",
            "price": "32.05",
            "revenue": 150721
        },
        "2015-09": {
            "month": "2015-09",
            "price": "30.60",
            "revenue": 144936
        },
        "2015-10": {
            "month": "2015-10",
            "price": "31.63",
            "revenue": 131559
        },
        "2015-11": {
            "month": "2015-11",
            "price": "32.35",
            "revenue": 111538
        },
        "2015-12": {
            "month": "2015-12",
            "price": "29.67",
            "revenue": 145651
        },
        "2016-01": {
            "month": "2016-01",
            "price": "26.98",
            "revenue": 114816
        },
        "2016-02": {
            "month": "2016-02",
            "price": "27.01",
            "revenue": 92019
        },
        "2016-03": {
            "month": "2016-03",
            "price": "30.06",
            "revenue": 129469
        },
        "2016-04": {
            "month": "2016-04",
            "price": "27.76",
            "revenue": 116517
        },
        "2016-05": {
            "month": "2016-05",
            "price": "26.21",
            "revenue": 130918
        },
        "2016-06": {
            "month": "2016-06",
            "price": "26.05",
            "revenue": 111414
        },
        "2016-07": {
            "month": "2016-07",
            "price": "27.18",
            "revenue": 118296
        },
        "2016-08": {
            "month": "2016-08",
            "price": "26.39",
            "revenue": 113161
        },
        "2016-09": {
            "month": "2016-09",
            "price": "25.97",
            "revenue": 115367
        },
        "2016-10": {
            "month": "2016-10",
            "price": "23.50",
            "revenue": 92053
        },
        "2016-11": {
            "month": "2016-11",
            "price": "19.43",
            "revenue": 96821
        },
        "2016-12": {
            "month": "2016-12",
            "price": "20.11",
            "revenue": 144761
        },
        "2017-01": {
            "month": "2017-01",
            "price": "20.95",
            "revenue": 131717
        },
        "2017-02": {
            "month": "2017-02",
            "price": "21.59",
            "revenue": 76896
        },
        "2017-03": {
            "month": "2017-03",
            "price": "21.79",
            "revenue": 95789
        },
        "2017-04": {
            "month": "2017-04",
            "price": "20.39",
            "revenue": 112618
        },
        "2017-05": {
            "month": "2017-05",
            "price": "20.08",
            "revenue": 101253
        },
        "2017-06": {
            "month": "2017-06",
            "price": "19.85",
            "revenue": 109285
        },
        "2017-07": {
            "month": "2017-07",
            "price": "20.01",
            "revenue": 92533
        },
        "2017-08": {
            "month": "2017-08",
            "price": "20.47",
            "revenue": 78576
        },
        "2017-09": {
            "month": "2017-09",
            "price": "20.71",
            "revenue": 83887
        },
        "2017-10": {
            "month": "2017-10",
            "price": "21.08",
            "revenue": 67175
        },
        "2017-11": {
            "month": "2017-11",
            "price": "19.33",
            "revenue": 85792
        },
        "2017-12": {
            "month": "2017-12",
            "price": "17.48",
            "revenue": 89989
        },
        "2018-01": {
            "month": "2018-01",
            "price": "17.43",
            "revenue": 120131
        },
        "2018-02": {
            "month": "2018-02",
            "price": "16.32",
            "revenue": 67471
        },
        "2018-03": {
            "month": "2018-03",
            "price": "16.79",
            "revenue": 113861
        },
        "2018-04": {
            "month": "2018-04",
            "price": "17.75",
            "revenue": 97711
        },
        "2018-05": {
            "month": "2018-05",
            "price": "21.58",
            "revenue": 93482
        },
        "2018-06": {
            "month": "2018-06",
            "price": "22.00",
            "revenue": 108209
        },
        "2018-07": {
            "month": "2018-07",
            "price": "20.65",
            "revenue": 135566
        },
        "2018-08": {
            "month": "2018-08",
            "price": "22.97",
            "revenue": 124773
        },
        "2018-09": {
            "month": "2018-09",
            "price": "23.96",
            "revenue": 130757
        },
        "2018-10": {
            "month": "2018-10",
            "price": "20.62",
            "revenue": 98700
        },
        "2018-11": {
            "month": "2018-11",
            "price": "19.92",
            "revenue": 69656
        },
        "2018-12": {
            "month": "2018-12",
            "price": "18.96",
            "revenue": 83296
        },
        "2019-01": {
            "month": "2019-01",
            "price": "18.46",
            "revenue": 89818
        },
        "2019-02": {
            "month": "2019-02",
            "price": "19.24",
            "revenue": 57636
        },
        "2019-03": {
            "month": "2019-03",
            "price": "19.10",
            "revenue": 88482
        },
        "2019-04": {
            "month": "2019-04",
            "price": "19.98",
            "revenue": 89995
        },
        "2019-05": {
            "month": "2019-05",
            "price": "18.77",
            "revenue": 66518
        },
        "2019-06": {
            "month": "2019-06",
            "price": "18.76",
            "revenue": 64153
        },
        "2019-07": {
            "month": "2019-07",
            "price": "18.62",
            "revenue": 58820
        },
        "2019-08": {
            "month": "2019-08",
            "price": "17.86",
            "revenue": 70069
        },
        "2019-09": {
            "month": "2019-09",
            "price": "16.89",
            "revenue": 69949
        },
        "2019-10": {
            "month": "2019-10",
            "price": "16.51",
            "revenue": 64542
        },
        "2019-11": {
            "month": "2019-11",
            "price": "16.55",
            "revenue": 60296
        },
        "2019-12": {
            "month": "2019-12",
            "price": "16.56",
            "revenue": 69676
        },
        "2020-01": {
            "month": "2020-01",
            "price": "16.21",
            "revenue": 44295
        },
        "2020-02": {
            "month": "2020-02",
            "price": "14.97",
            "revenue": 26429
        },
        "2020-03": {
            "month": "2020-03",
            "price": "13.58",
            "revenue": 44471
        },
        "2020-04": {
            "month": "2020-04",
            "price": "13.74",
            "revenue": 44862
        },
        "2020-05": {
            "month": "2020-05",
            "price": "14.52",
            "revenue": 68570
        },
        "2020-06": {
            "month": "2020-06",
            "price": "14.60",
            "revenue": 87547
        },
        "2020-07": {
            "month": "2020-07",
            "price": "15.95",
            "revenue": 112108
        },
        "2020-08": {
            "month": "2020-08",
            "price": "16.92",
            "revenue": 132279
        },
        "2020-09": {
            "month": "2020-09",
            "price": "22.90",
            "revenue": 117523
        },
        "2020-10": {
            "month": "2020-10",
            "price": "21.18",
            "revenue": 92601
        },
        "2020-11": {
            "month": "2020-11",
            "price": "20.38",
            "revenue": 107417
        },
        "2020-12": {
            "month": "2020-12",
            "price": "22.37",
            "revenue": 72973
        },
        "2021-01": {
            "month": "2021-01",
            "price": "22.19",
            "revenue": 49995
        },
        "2021-02": {
            "month": "2021-02",
            "price": "23.08",
            "revenue": 48320
        },
        "2021-03": {
            "month": "2021-03",
            "price": "22.19",
            "revenue": 72476
        },
        "2021-04": {
            "month": "2021-04",
            "price": "23.33",
            "revenue": 88858
        },
        "2021-05": {
            "month": "2021-05",
            "price": "22.58",
            "revenue": 66600
        },
        "2021-06": {
            "month": "2021-06",
            "price": "21.44",
            "revenue": 116913
        },
        "2021-07": {
            "month": "2021-07",
            "price": "22.88",
            "revenue": 89512
        },
        "2021-08": {
            "month": "2021-08",
            "price": "21.45",
            "revenue": 101556
        },
        "2021-09": {
            "month": "2021-09",
            "price": "21.78",
            "revenue": 81214
        },
        "2021-10": {
            "month": "2021-10",
            "price": "20.64",
            "revenue": 86584
        },
        "2021-11": {
            "month": "2021-11",
            "price": "20.40",
            "revenue": 91358
        },
        "2021-12": {
            "month": "2021-12",
            "price": "20.87",
            "revenue": 71505
        },
        "2022-01": {
            "month": "2022-01",
            "price": "21.76",
            "revenue": 65088
        },
        "2022-02": {
            "month": "2022-02",
            "price": "21.19",
            "revenue": 43516
        },
        "2022-03": {
            "month": "2022-03",
            "price": "21.08",
            "revenue": 49070
        },
        "2022-04": {
            "month": "2022-04",
            "price": "20.63",
            "revenue": 76208
        },
        "2022-05": {
            "month": "2022-05",
            "price": "20.41",
            "revenue": 80881
        },
        "2022-06": {
            "month": "2022-06",
            "price": "20.20",
            "revenue": 71497
        },
        "2022-07": {
            "month": "2022-07",
            "price": "19.49",
            "revenue": 78157
        },
        "2022-08": {
            "month": "2022-08",
            "price": "19.19",
            "revenue": 82214
        },
        "2022-09": {
            "month": "2022-09",
            "price": "19.38",
            "revenue": 69826
        },
        "2022-10": {
            "month": "2022-10",
            "price": "18.95",
            "revenue": 79894
        },
        "2022-11": {
            "month": "2022-11",
            "price": "18.75",
            "revenue": 80603
        },
        "2022-12": {
            "month": "2022-12",
            "price": "18.82",
            "revenue": 114856
        },
        "2023-01": {
            "month": "2023-01",
            "price": "19.09",
            "revenue": 54053
        },
        "2023-02": {
            "month": "2023-02",
            "price": "19.77",
            "revenue": 82268
        },
        "2023-03": {
            "month": "2023-03",
            "price": "20.06",
            "revenue": 76318
        },
        "2023-04": {
            "month": "2023-04",
            "price": "19.91",
            "revenue": 86496
        },
        "2023-05": {
            "month": "2023-05",
            "price": "20.05",
            "revenue": 76647
        },
        "2023-06": {
            "month": "2023-06",
            "price": "20.45",
            "revenue": 69353
        },
        "2023-07": {
            "month": "2023-07",
            "price": "21.11",
            "revenue": 75007
        },
        "2023-08": {
            "month": "2023-08",
            "price": "21.78",
            "revenue": 64223
        },
        "2023-09": {
            "month": "2023-09",
            "price": "22.30",
            "revenue": 53257
        },
        "2023-10": {
            "month": "2023-10",
            "price": "21.78",
            "revenue": 59227
        },
        "2023-11": {
            "month": "2023-11",
            "price": "24.98",
            "revenue": 56167
        },
        "2023-12": {
            "month": "2023-12",
            "price": "27.25",
            "revenue": 61712
        }
    }
}
