{
    "summary": {
        "stock_name": "廣寰科",
        "stock_id": "3287",
        "category": "電腦及週邊設備",
        "main_business": "多媒體視訊產品<br>視訊監控產品",
        "website_url": "http://www.kworld.com.tw",
        "ceo": "黃智宏",
        "pe_ratio": 50,
        "report_year_from": 2004,
        "report_year_to": 2023,
        "age": 19,
        "eps_negative_percentage": 35,
        "eps_growth_avg": {
            "last_all": -23.05,
            "last_2y": -10.32,
            "last_4y": -10.32,
            "last_8y": -32.74,
            "last_12y": -39.03,
            "last_16y": null,
            "last_20y": null,
            "at_2006_last_3y": null,
            "at_2007_last_3y": null,
            "at_2008_last_3y": null,
            "at_2009_last_3y": null,
            "at_2010_last_3y": 12.49,
            "at_2011_last_3y": -9.74,
            "at_2012_last_3y": -1.08,
            "at_2013_last_3y": -51.61,
            "at_2014_last_3y": -100,
            "at_2015_last_3y": -100,
            "at_2016_last_3y": -100,
            "at_2017_last_3y": -100,
            "at_2018_last_3y": null,
            "at_2019_last_3y": null,
            "at_2020_last_3y": 100,
            "at_2021_last_3y": 33.63,
            "at_2022_last_3y": -10.32,
            "at_2023_last_3y": -10.32,
            "at_2006_last_all": -36.25,
            "at_2007_last_all": -27.87,
            "at_2008_last_all": -29.83,
            "at_2009_last_all": -3.86,
            "at_2010_last_all": -3.76,
            "at_2011_last_all": -17.51,
            "at_2012_last_all": -17.51,
            "at_2013_last_all": -17.51,
            "at_2014_last_all": -27.82,
            "at_2015_last_all": -27.82,
            "at_2016_last_all": -27.82,
            "at_2017_last_all": -27.82,
            "at_2018_last_all": -27.82,
            "at_2019_last_all": -27.82,
            "at_2020_last_all": -13.62,
            "at_2021_last_all": -15.53,
            "at_2022_last_all": -23.05,
            "at_2023_last_all": -23.05
        },
        "latest_eps": 0.52,
        "latest_price": 26.1,
        "latest_roe": 6.49,
        "latest_gross_margin": 29.31,
        "latest_equity": 583586,
        "latest_revenue": 131239,
        "latest_gross_profit": 38462,
        "latest_net_income": 7825,
        "latest_debt_ratio": 28.97,
        "latest_current_ratio": 306.83,
        "latest_account_receivable_turnover_ratio": 0.9,
        "latest_inventory_turnover_ratio": 0.67,
        "latest_reinvestment_rate": 22.28,
        "latest_research_to_sale_ratio": 2.2
    },
    "eps_dividends": {
        "2001": {
            "cash": 0,
            "stock": 0,
            "eps": 0
        },
        "2002": {
            "cash": 0,
            "stock": 0,
            "eps": 0
        },
        "2003": {
            "cash": 0,
            "stock": 0,
            "eps": 3.45
        },
        "2004": {
            "cash": 0,
            "stock": 3.74,
            "eps": 2.9
        },
        "2005": {
            "cash": 1,
            "stock": 2.51,
            "eps": 0
        },
        "2006": {
            "cash": 0.6,
            "stock": 2,
            "eps": 1.26
        },
        "2007": {
            "cash": 0,
            "stock": 0.8,
            "eps": 1.12
        },
        "2008": {
            "cash": 0.38,
            "stock": 0.38,
            "eps": 0.72
        },
        "2009": {
            "cash": 0.32,
            "stock": 0.32,
            "eps": 1.55
        },
        "2010": {
            "cash": 1.1,
            "stock": 0.2,
            "eps": 1.5
        },
        "2011": {
            "cash": 1.3,
            "stock": 0,
            "eps": -0.19
        },
        "2012": {
            "cash": 0,
            "stock": 0,
            "eps": -0.91
        },
        "2013": {
            "cash": 0,
            "stock": 0,
            "eps": 0.48
        },
        "2014": {
            "cash": 0,
            "stock": 0,
            "eps": -0.3
        },
        "2015": {
            "cash": 0,
            "stock": 0,
            "eps": -0.65
        },
        "2016": {
            "cash": 0,
            "stock": 0,
            "eps": -0.83
        },
        "2017": {
            "cash": 0,
            "stock": 0,
            "eps": -0.49
        },
        "2018": {
            "cash": 0,
            "stock": 0,
            "eps": -0.22
        },
        "2019": {
            "cash": 0,
            "stock": 0,
            "eps": 0.22
        },
        "2020": {
            "cash": 0,
            "stock": 0,
            "eps": 1.68
        },
        "2021": {
            "cash": 0,
            "stock": 0,
            "eps": 1.13
        },
        "2022": {
            "cash": 0,
            "stock": 0,
            "eps": 0.02
        },
        "2023": {
            "cash": 0,
            "stock": 0,
            "eps": 0.37
        }
    },
    "dividends": {
        "2004-02-27": {
            "cash": 0,
            "stock": 3.74
        },
        "2005-03-24": {
            "cash": 1,
            "stock": 2.51
        },
        "2006-03-30": {
            "cash": 0.6,
            "stock": 2
        },
        "2007-04-04": {
            "cash": 0,
            "stock": 0.8
        },
        "2008-03-14": {
            "cash": 0.38,
            "stock": 0.38
        },
        "2009-03-18": {
            "cash": 0.32,
            "stock": 0.32
        },
        "2010-03-24": {
            "cash": 1.1,
            "stock": 0.2
        },
        "2011-03-17": {
            "cash": 1.3,
            "stock": 0
        }
    },
    "prices": {
        "200101": "無",
        "200102": "無",
        "200103": "無",
        "200104": "無",
        "200105": "無",
        "200106": "無",
        "200107": "無",
        "200108": "無",
        "200109": "無",
        "200110": "無",
        "200111": "無",
        "200112": "無",
        "200201": "無",
        "200202": "無",
        "200203": "無",
        "200204": "無",
        "200205": "無",
        "200206": "無",
        "200207": "無",
        "200208": "無",
        "200209": "無",
        "200210": "無",
        "200211": "無",
        "200212": "無",
        "200301": "無",
        "200302": "無",
        "200303": "無",
        "200304": "無",
        "200305": "無",
        "200306": "無",
        "200307": "無",
        "200308": "無",
        "200309": "無",
        "200310": "無",
        "200311": "無",
        "200312": "無",
        "200401": "無",
        "200402": "66.83",
        "200403": "67.50",
        "200404": "70.24",
        "200405": "72.65",
        "200406": "無",
        "200407": "無",
        "200408": "無",
        "200409": "無",
        "200410": "無",
        "200411": "無",
        "200412": "無",
        "200501": "42.43",
        "200502": "43.49",
        "200503": "42.69",
        "200504": "42.00",
        "200505": "33.15",
        "200506": "28.29",
        "200507": "33.51",
        "200508": "38.30",
        "200509": "29.90",
        "200510": "27.70",
        "200511": "26.81",
        "200512": "30.44",
        "200601": "39.13",
        "200602": "33.85",
        "200603": "33.02",
        "200604": "33.60",
        "200605": "35.91",
        "200606": "36.72",
        "200607": "35.73",
        "200608": "35.13",
        "200609": "33.65",
        "200610": "24.22",
        "200611": "21.06",
        "200612": "16.80",
        "200701": "17.50",
        "200702": "18.56",
        "200703": "18.46",
        "200704": "20.15",
        "200705": "22.42",
        "200706": "32.39",
        "200707": "31.88",
        "200708": "29.37",
        "200709": "24.80",
        "200710": "25.11",
        "200711": "21.11",
        "200712": "18.76",
        "200801": "12.29",
        "200802": "11.76",
        "200803": "13.77",
        "200804": "17.51",
        "200805": "18.13",
        "200806": "15.88",
        "200807": "12.87",
        "200808": "11.78",
        "200809": "8.89",
        "200810": "8.34",
        "200811": "7.71",
        "200812": "7.18",
        "200901": "7.66",
        "200902": "7.91",
        "200903": "9.37",
        "200904": "13.57",
        "200905": "22.11",
        "200906": "23.12",
        "200907": "29.99",
        "200908": "29.55",
        "200909": "27.88",
        "200910": "25.96",
        "200911": "24.10",
        "200912": "26.00",
        "201001": "27.22",
        "201002": "23.43",
        "201003": "26.75",
        "201004": "27.51",
        "201005": "24.98",
        "201006": "26.44",
        "201007": "27.15",
        "201008": "24.80",
        "201009": "26.18",
        "201010": "24.86",
        "201011": "22.45",
        "201012": "22.93",
        "201101": "23.02",
        "201102": "21.16",
        "201103": "21.15",
        "201104": "19.25",
        "201105": "16.53",
        "201106": "15.44",
        "201107": "12.79",
        "201108": "10.45",
        "201109": "10.20",
        "201110": "9.96",
        "201111": "10.28",
        "201112": "9.95",
        "201201": "9.93",
        "201202": "11.91",
        "201203": "11.29",
        "201204": "9.64",
        "201205": "9.41",
        "201206": "9.16",
        "201207": "9.28",
        "201208": "9.38",
        "201209": "10.27",
        "201210": "9.10",
        "201211": "7.25",
        "201212": "7.65",
        "201301": "8.10",
        "201302": "8.12",
        "201303": "7.95",
        "201304": "8.06",
        "201305": "8.76",
        "201306": "8.93",
        "201307": "8.47",
        "201308": "8.65",
        "201309": "8.98",
        "201310": "9.10",
        "201311": "10.12",
        "201312": "11.84",
        "201401": "12.94",
        "201402": "13.32",
        "201403": "13.71",
        "201404": "12.44",
        "201405": "10.53",
        "201406": "10.87",
        "201407": "11.19",
        "201408": "10.27",
        "201409": "9.89",
        "201410": "8.88",
        "201411": "8.64",
        "201412": "9.27",
        "201501": "9.10",
        "201502": "9.06",
        "201503": "10.21",
        "201504": "10.22",
        "201505": "9.99",
        "201506": "8.52",
        "201507": "7.79",
        "201508": "7.06",
        "201509": "7.35",
        "201510": "9.05",
        "201511": "9.01",
        "201512": "8.10",
        "201601": "7.47",
        "201602": "7.40",
        "201603": "7.52",
        "201604": "7.08",
        "201605": "6.74",
        "201606": "6.50",
        "201607": "6.91",
        "201608": "6.67",
        "201609": "6.34",
        "201610": "6.52",
        "201611": "6.48",
        "201612": "6.84",
        "201701": "7.00",
        "201702": "7.16",
        "201703": "7.03",
        "201704": "6.58",
        "201705": "7.05",
        "201706": "6.98",
        "201707": "6.90",
        "201708": "6.67",
        "201709": "6.78",
        "201710": "6.74",
        "201711": "6.61",
        "201712": "8.13",
        "201801": "7.89",
        "201802": "8.51",
        "201803": "11.93",
        "201804": "10.32",
        "201805": "9.82",
        "201806": "11.60",
        "201807": "10.27",
        "201808": "9.68",
        "201809": "8.86",
        "201810": "8.27",
        "201811": "8.06",
        "201812": "7.88",
        "201901": "7.57",
        "201902": "7.50",
        "201903": "7.42",
        "201904": "7.86",
        "201905": "7.79",
        "201906": "7.75",
        "201907": "7.80",
        "201908": "7.68",
        "201909": "8.19",
        "201910": "8.72",
        "201911": "8.06",
        "201912": "8.79",
        "202001": "9.18",
        "202002": "8.65",
        "202003": "7.00",
        "202004": "7.45",
        "202005": "8.25",
        "202006": "10.02",
        "202007": "13.88",
        "202008": "18.75",
        "202009": "30.92",
        "202010": "26.59",
        "202011": "31.73",
        "202012": "27.50",
        "202101": "25.52",
        "202102": "25.50",
        "202103": "28.19",
        "202104": "27.02",
        "202105": "22.24",
        "202106": "21.76",
        "202107": "19.45",
        "202108": "16.95",
        "202109": "16.86",
        "202110": "15.49",
        "202111": "17.89",
        "202112": "18.71",
        "202201": "17.28",
        "202202": "16.23",
        "202203": "15.83",
        "202204": "15.83",
        "202205": "13.84",
        "202206": "13.58",
        "202207": "12.18",
        "202208": "14.68",
        "202209": "14.54",
        "202210": "12.12",
        "202211": "13.56",
        "202212": "14.13",
        "202301": "13.29",
        "202302": "13.66",
        "202303": "13.67",
        "202304": "14.18",
        "202305": "15.92",
        "202306": "20.88",
        "202307": "27.33",
        "202308": "25.18",
        "202309": "24.42"
    },
    "quarters": {
        "20011": {
            "year_quarter": 20011,
            "year": 2001,
            "quarter": 1,
            "eps": null,
            "eps_growth_year": null,
            "eps_4q": null,
            "eps_4q_growth_year": null,
            "roe": null,
            "roe_4q": 0,
            "gross_profit": null,
            "gross_margin": null,
            "gross_margin_4q_avg": 0,
            "net_income": null,
            "revenue": null,
            "common_shares": null,
            "book_valuer_per_share": null,
            "book_valuer_per_share_4q_avg": 0,
            "equity": null,
            "current_ratio": null,
            "debt_ratio": null,
            "inventory_turnover_ratio": null,
            "account_receivable_turnover_ratio": null,
            "reinvestment_rate": null,
            "research_to_sale_ratio": null,
            "price_fair": 0,
            "eps_avg_yearly": 0,
            "eps_latest_yearly": 0,
            "eps_growth_yearly": 0
        },
        "20012": {
            "year_quarter": 20012,
            "year": 2001,
            "quarter": 2,
            "eps": null,
            "eps_growth_year": null,
            "eps_4q": null,
            "eps_4q_growth_year": null,
            "roe": null,
            "roe_4q": 0,
            "gross_profit": null,
            "gross_margin": null,
            "gross_margin_4q_avg": 0,
            "net_income": null,
            "revenue": null,
            "common_shares": null,
            "book_valuer_per_share": null,
            "book_valuer_per_share_4q_avg": 0,
            "equity": null,
            "current_ratio": null,
            "debt_ratio": null,
            "inventory_turnover_ratio": null,
            "account_receivable_turnover_ratio": null,
            "reinvestment_rate": null,
            "research_to_sale_ratio": null,
            "price_fair": 0,
            "eps_avg_yearly": 0,
            "eps_latest_yearly": 0,
            "eps_growth_yearly": 0
        },
        "20013": {
            "year_quarter": 20013,
            "year": 2001,
            "quarter": 3,
            "eps": null,
            "eps_growth_year": null,
            "eps_4q": null,
            "eps_4q_growth_year": null,
            "roe": null,
            "roe_4q": 0,
            "gross_profit": null,
            "gross_margin": null,
            "gross_margin_4q_avg": 0,
            "net_income": null,
            "revenue": null,
            "common_shares": null,
            "book_valuer_per_share": null,
            "book_valuer_per_share_4q_avg": 0,
            "equity": null,
            "current_ratio": null,
            "debt_ratio": null,
            "inventory_turnover_ratio": null,
            "account_receivable_turnover_ratio": null,
            "reinvestment_rate": null,
            "research_to_sale_ratio": null,
            "price_fair": 0,
            "eps_avg_yearly": 0,
            "eps_latest_yearly": 0,
            "eps_growth_yearly": 0
        },
        "20014": {
            "year_quarter": 20014,
            "year": 2001,
            "quarter": 4,
            "eps": null,
            "eps_growth_year": null,
            "eps_4q": null,
            "eps_4q_growth_year": null,
            "roe": null,
            "roe_4q": 0,
            "gross_profit": null,
            "gross_margin": null,
            "gross_margin_4q_avg": 0,
            "net_income": null,
            "revenue": null,
            "common_shares": 9500,
            "book_valuer_per_share": 34.9,
            "book_valuer_per_share_4q_avg": 8.73,
            "equity": 33158,
            "current_ratio": 157.01,
            "debt_ratio": 60.69,
            "inventory_turnover_ratio": null,
            "account_receivable_turnover_ratio": null,
            "reinvestment_rate": null,
            "research_to_sale_ratio": null,
            "price_fair": 0,
            "eps_avg_yearly": 0,
            "eps_latest_yearly": 0,
            "eps_growth_yearly": 0
        },
        "20021": {
            "year_quarter": 20021,
            "year": 2002,
            "quarter": 1,
            "eps": null,
            "eps_growth_year": null,
            "eps_4q": null,
            "eps_4q_growth_year": null,
            "roe": null,
            "roe_4q": 0,
            "gross_profit": null,
            "gross_margin": null,
            "gross_margin_4q_avg": 0,
            "net_income": null,
            "revenue": null,
            "common_shares": null,
            "book_valuer_per_share": null,
            "book_valuer_per_share_4q_avg": 8.73,
            "equity": null,
            "current_ratio": null,
            "debt_ratio": null,
            "inventory_turnover_ratio": null,
            "account_receivable_turnover_ratio": null,
            "reinvestment_rate": null,
            "research_to_sale_ratio": null,
            "price_fair": 0,
            "eps_avg_yearly": 0,
            "eps_latest_yearly": 0,
            "eps_growth_yearly": 0
        },
        "20022": {
            "year_quarter": 20022,
            "year": 2002,
            "quarter": 2,
            "eps": null,
            "eps_growth_year": null,
            "eps_4q": null,
            "eps_4q_growth_year": null,
            "roe": null,
            "roe_4q": 0,
            "gross_profit": null,
            "gross_margin": null,
            "gross_margin_4q_avg": 0,
            "net_income": null,
            "revenue": null,
            "common_shares": null,
            "book_valuer_per_share": null,
            "book_valuer_per_share_4q_avg": 8.73,
            "equity": null,
            "current_ratio": null,
            "debt_ratio": null,
            "inventory_turnover_ratio": null,
            "account_receivable_turnover_ratio": null,
            "reinvestment_rate": null,
            "research_to_sale_ratio": null,
            "price_fair": 0,
            "eps_avg_yearly": 0,
            "eps_latest_yearly": 0,
            "eps_growth_yearly": 0
        },
        "20023": {
            "year_quarter": 20023,
            "year": 2002,
            "quarter": 3,
            "eps": null,
            "eps_growth_year": null,
            "eps_4q": null,
            "eps_4q_growth_year": null,
            "roe": null,
            "roe_4q": 0,
            "gross_profit": null,
            "gross_margin": null,
            "gross_margin_4q_avg": 0,
            "net_income": null,
            "revenue": null,
            "common_shares": null,
            "book_valuer_per_share": null,
            "book_valuer_per_share_4q_avg": 8.73,
            "equity": null,
            "current_ratio": null,
            "debt_ratio": null,
            "inventory_turnover_ratio": null,
            "account_receivable_turnover_ratio": null,
            "reinvestment_rate": null,
            "research_to_sale_ratio": null,
            "price_fair": 0,
            "eps_avg_yearly": 0,
            "eps_latest_yearly": 0,
            "eps_growth_yearly": 0
        },
        "20024": {
            "year_quarter": 20024,
            "year": 2002,
            "quarter": 4,
            "eps": null,
            "eps_growth_year": null,
            "eps_4q": null,
            "eps_4q_growth_year": null,
            "roe": null,
            "roe_4q": 0,
            "gross_profit": null,
            "gross_margin": null,
            "gross_margin_4q_avg": 0,
            "net_income": null,
            "revenue": null,
            "common_shares": 60000,
            "book_valuer_per_share": 18.59,
            "book_valuer_per_share_4q_avg": 4.65,
            "equity": 111536,
            "current_ratio": 222.49,
            "debt_ratio": 44.34,
            "inventory_turnover_ratio": null,
            "account_receivable_turnover_ratio": null,
            "reinvestment_rate": null,
            "research_to_sale_ratio": null,
            "price_fair": 0,
            "eps_avg_yearly": 0,
            "eps_latest_yearly": 0,
            "eps_growth_yearly": 0
        },
        "20031": {
            "year_quarter": 20031,
            "year": 2003,
            "quarter": 1,
            "eps": 2.48,
            "eps_growth_year": null,
            "eps_4q": null,
            "eps_4q_growth_year": null,
            "roe": 12.52,
            "roe_4q": 12.52,
            "gross_profit": 25931,
            "gross_margin": 16.66,
            "gross_margin_4q_avg": 4.17,
            "net_income": 14895,
            "revenue": 155652,
            "common_shares": 60000,
            "book_valuer_per_share": 21.07,
            "book_valuer_per_share_4q_avg": 9.92,
            "equity": 126432,
            "current_ratio": 235.88,
            "debt_ratio": 41.82,
            "inventory_turnover_ratio": 1.9,
            "account_receivable_turnover_ratio": null,
            "reinvestment_rate": null,
            "research_to_sale_ratio": null,
            "price_fair": 0,
            "eps_avg_yearly": 0,
            "eps_latest_yearly": 0,
            "eps_growth_yearly": 0
        },
        "20032": {
            "year_quarter": 20032,
            "year": 2003,
            "quarter": 2,
            "eps": 0.97,
            "eps_growth_year": null,
            "eps_4q": null,
            "eps_4q_growth_year": null,
            "roe": 7.53,
            "roe_4q": 20.05,
            "gross_profit": 21209,
            "gross_margin": 17.67,
            "gross_margin_4q_avg": 8.58,
            "net_income": 11423,
            "revenue": 120020,
            "common_shares": 142000,
            "book_valuer_per_share": 12.46,
            "book_valuer_per_share_4q_avg": 13.03,
            "equity": 176996,
            "current_ratio": 400.79,
            "debt_ratio": 24.92,
            "inventory_turnover_ratio": 1.15,
            "account_receivable_turnover_ratio": null,
            "reinvestment_rate": null,
            "research_to_sale_ratio": null,
            "price_fair": 11.64,
            "eps_avg_yearly": 3.88,
            "eps_latest_yearly": 3.88,
            "eps_growth_yearly": -243.55
        },
        "20033": {
            "year_quarter": 20033,
            "year": 2003,
            "quarter": 3,
            "eps": null,
            "eps_growth_year": null,
            "eps_4q": null,
            "eps_4q_growth_year": null,
            "roe": null,
            "roe_4q": 20.05,
            "gross_profit": null,
            "gross_margin": null,
            "gross_margin_4q_avg": 8.58,
            "net_income": null,
            "revenue": null,
            "common_shares": null,
            "book_valuer_per_share": null,
            "book_valuer_per_share_4q_avg": 13.03,
            "equity": null,
            "current_ratio": null,
            "debt_ratio": null,
            "inventory_turnover_ratio": null,
            "account_receivable_turnover_ratio": null,
            "reinvestment_rate": null,
            "research_to_sale_ratio": null,
            "price_fair": 11.64,
            "eps_avg_yearly": 3.88,
            "eps_latest_yearly": 3.88,
            "eps_growth_yearly": -243.55
        },
        "20034": {
            "year_quarter": 20034,
            "year": 2003,
            "quarter": 4,
            "eps": null,
            "eps_growth_year": null,
            "eps_4q": null,
            "eps_4q_growth_year": null,
            "roe": null,
            "roe_4q": 20.05,
            "gross_profit": null,
            "gross_margin": null,
            "gross_margin_4q_avg": 8.58,
            "net_income": null,
            "revenue": null,
            "common_shares": 142000,
            "book_valuer_per_share": 15.13,
            "book_valuer_per_share_4q_avg": 12.17,
            "equity": 214846,
            "current_ratio": 237.57,
            "debt_ratio": 41.6,
            "inventory_turnover_ratio": null,
            "account_receivable_turnover_ratio": null,
            "reinvestment_rate": null,
            "research_to_sale_ratio": null,
            "price_fair": 11.64,
            "eps_avg_yearly": 3.88,
            "eps_latest_yearly": 3.88,
            "eps_growth_yearly": -243.55
        },
        "20041": {
            "year_quarter": 20041,
            "year": 2004,
            "quarter": 1,
            "eps": 1.49,
            "eps_growth_year": -39.92,
            "eps_4q": null,
            "eps_4q_growth_year": null,
            "roe": 9.39,
            "roe_4q": 16.92,
            "gross_profit": 42395,
            "gross_margin": 23.49,
            "gross_margin_4q_avg": 10.29,
            "net_income": 21165,
            "revenue": 180489,
            "common_shares": 142000,
            "book_valuer_per_share": 16.62,
            "book_valuer_per_share_4q_avg": 11.05,
            "equity": 236011,
            "current_ratio": 282.02,
            "debt_ratio": 46.36,
            "inventory_turnover_ratio": 0.99,
            "account_receivable_turnover_ratio": null,
            "reinvestment_rate": null,
            "research_to_sale_ratio": null,
            "price_fair": 11.64,
            "eps_avg_yearly": 3.88,
            "eps_latest_yearly": 3.88,
            "eps_growth_yearly": -243.55
        },
        "20042": {
            "year_quarter": 20042,
            "year": 2004,
            "quarter": 2,
            "eps": 1.41,
            "eps_growth_year": 45.36,
            "eps_4q": null,
            "eps_4q_growth_year": null,
            "roe": 8.16,
            "roe_4q": 17.55,
            "gross_profit": 38108,
            "gross_margin": 25.92,
            "gross_margin_4q_avg": 12.35,
            "net_income": 20041,
            "revenue": 147033,
            "common_shares": 200108,
            "book_valuer_per_share": 12.77,
            "book_valuer_per_share_4q_avg": 11.13,
            "equity": 255475,
            "current_ratio": 272.08,
            "debt_ratio": 43.52,
            "inventory_turnover_ratio": 0.73,
            "account_receivable_turnover_ratio": null,
            "reinvestment_rate": null,
            "research_to_sale_ratio": null,
            "price_fair": 14.28,
            "eps_avg_yearly": 4.76,
            "eps_latest_yearly": 5.64,
            "eps_growth_yearly": -132.51
        },
        "20043": {
            "year_quarter": 20043,
            "year": 2004,
            "quarter": 3,
            "eps": null,
            "eps_growth_year": null,
            "eps_4q": null,
            "eps_4q_growth_year": null,
            "roe": null,
            "roe_4q": 17.55,
            "gross_profit": null,
            "gross_margin": null,
            "gross_margin_4q_avg": 12.35,
            "net_income": null,
            "revenue": null,
            "common_shares": null,
            "book_valuer_per_share": null,
            "book_valuer_per_share_4q_avg": 11.13,
            "equity": null,
            "current_ratio": null,
            "debt_ratio": null,
            "inventory_turnover_ratio": null,
            "account_receivable_turnover_ratio": null,
            "reinvestment_rate": null,
            "research_to_sale_ratio": null,
            "price_fair": 14.28,
            "eps_avg_yearly": 4.76,
            "eps_latest_yearly": 5.64,
            "eps_growth_yearly": -132.51
        },
        "20044": {
            "year_quarter": 20044,
            "year": 2004,
            "quarter": 4,
            "eps": null,
            "eps_growth_year": null,
            "eps_4q": null,
            "eps_4q_growth_year": null,
            "roe": null,
            "roe_4q": 17.55,
            "gross_profit": null,
            "gross_margin": null,
            "gross_margin_4q_avg": 12.35,
            "net_income": null,
            "revenue": null,
            "common_shares": 200108,
            "book_valuer_per_share": 15.03,
            "book_valuer_per_share_4q_avg": 11.11,
            "equity": 300822,
            "current_ratio": 327.77,
            "debt_ratio": 37.63,
            "inventory_turnover_ratio": null,
            "account_receivable_turnover_ratio": null,
            "reinvestment_rate": null,
            "research_to_sale_ratio": null,
            "price_fair": 14.28,
            "eps_avg_yearly": 4.76,
            "eps_latest_yearly": 5.64,
            "eps_growth_yearly": -132.51
        },
        "20051": {
            "year_quarter": 20051,
            "year": 2005,
            "quarter": 1,
            "eps": null,
            "eps_growth_year": null,
            "eps_4q": null,
            "eps_4q_growth_year": null,
            "roe": null,
            "roe_4q": 8.16,
            "gross_profit": null,
            "gross_margin": null,
            "gross_margin_4q_avg": 6.48,
            "net_income": null,
            "revenue": null,
            "common_shares": null,
            "book_valuer_per_share": null,
            "book_valuer_per_share_4q_avg": 6.95,
            "equity": null,
            "current_ratio": null,
            "debt_ratio": null,
            "inventory_turnover_ratio": null,
            "account_receivable_turnover_ratio": null,
            "reinvestment_rate": null,
            "research_to_sale_ratio": null,
            "price_fair": 14.28,
            "eps_avg_yearly": 4.76,
            "eps_latest_yearly": 5.64,
            "eps_growth_yearly": -132.51
        },
        "20052": {
            "year_quarter": 20052,
            "year": 2005,
            "quarter": 2,
            "eps": null,
            "eps_growth_year": null,
            "eps_4q": null,
            "eps_4q_growth_year": null,
            "roe": null,
            "roe_4q": 0,
            "gross_profit": null,
            "gross_margin": null,
            "gross_margin_4q_avg": 0,
            "net_income": null,
            "revenue": null,
            "common_shares": null,
            "book_valuer_per_share": null,
            "book_valuer_per_share_4q_avg": 3.76,
            "equity": null,
            "current_ratio": null,
            "debt_ratio": null,
            "inventory_turnover_ratio": null,
            "account_receivable_turnover_ratio": null,
            "reinvestment_rate": null,
            "research_to_sale_ratio": null,
            "price_fair": 14.28,
            "eps_avg_yearly": 4.76,
            "eps_latest_yearly": 5.64,
            "eps_growth_yearly": -132.51
        },
        "20053": {
            "year_quarter": 20053,
            "year": 2005,
            "quarter": 3,
            "eps": null,
            "eps_growth_year": null,
            "eps_4q": null,
            "eps_4q_growth_year": null,
            "roe": null,
            "roe_4q": 0,
            "gross_profit": null,
            "gross_margin": null,
            "gross_margin_4q_avg": 0,
            "net_income": null,
            "revenue": null,
            "common_shares": null,
            "book_valuer_per_share": null,
            "book_valuer_per_share_4q_avg": 3.76,
            "equity": null,
            "current_ratio": null,
            "debt_ratio": null,
            "inventory_turnover_ratio": null,
            "account_receivable_turnover_ratio": null,
            "reinvestment_rate": null,
            "research_to_sale_ratio": null,
            "price_fair": 14.28,
            "eps_avg_yearly": 4.76,
            "eps_latest_yearly": 5.64,
            "eps_growth_yearly": -132.51
        },
        "20054": {
            "year_quarter": 20054,
            "year": 2005,
            "quarter": 4,
            "eps": null,
            "eps_growth_year": null,
            "eps_4q": null,
            "eps_4q_growth_year": null,
            "roe": null,
            "roe_4q": 0,
            "gross_profit": null,
            "gross_margin": null,
            "gross_margin_4q_avg": 0,
            "net_income": null,
            "revenue": null,
            "common_shares": 257360,
            "book_valuer_per_share": 14.28,
            "book_valuer_per_share_4q_avg": 3.57,
            "equity": 367589,
            "current_ratio": 218.52,
            "debt_ratio": 44.58,
            "inventory_turnover_ratio": null,
            "account_receivable_turnover_ratio": null,
            "reinvestment_rate": null,
            "research_to_sale_ratio": null,
            "price_fair": 14.28,
            "eps_avg_yearly": 4.76,
            "eps_latest_yearly": 5.64,
            "eps_growth_yearly": -132.51
        },
        "20061": {
            "year_quarter": 20061,
            "year": 2006,
            "quarter": 1,
            "eps": 1.13,
            "eps_growth_year": null,
            "eps_4q": null,
            "eps_4q_growth_year": null,
            "roe": 7.63,
            "roe_4q": 7.63,
            "gross_profit": 60801,
            "gross_margin": 27.53,
            "gross_margin_4q_avg": 6.88,
            "net_income": 29201,
            "revenue": 220820,
            "common_shares": 257360,
            "book_valuer_per_share": 15.45,
            "book_valuer_per_share_4q_avg": 7.43,
            "equity": 397588,
            "current_ratio": 180.7,
            "debt_ratio": 45.6,
            "inventory_turnover_ratio": 0.65,
            "account_receivable_turnover_ratio": null,
            "reinvestment_rate": null,
            "research_to_sale_ratio": null,
            "price_fair": 14.28,
            "eps_avg_yearly": 4.76,
            "eps_latest_yearly": 5.64,
            "eps_growth_yearly": -132.51
        },
        "20062": {
            "year_quarter": 20062,
            "year": 2006,
            "quarter": 2,
            "eps": -0.17,
            "eps_growth_year": null,
            "eps_4q": null,
            "eps_4q_growth_year": null,
            "roe": -1.15,
            "roe_4q": 6.48,
            "gross_profit": 35413,
            "gross_margin": 19.22,
            "gross_margin_4q_avg": 11.69,
            "net_income": -4439,
            "revenue": 184212,
            "common_shares": 257360,
            "book_valuer_per_share": 14.61,
            "book_valuer_per_share_4q_avg": 11.09,
            "equity": 376052,
            "current_ratio": 212.94,
            "debt_ratio": 37.87,
            "inventory_turnover_ratio": 0.63,
            "account_receivable_turnover_ratio": null,
            "reinvestment_rate": null,
            "research_to_sale_ratio": null,
            "price_fair": 14.28,
            "eps_avg_yearly": 4.76,
            "eps_latest_yearly": 5.64,
            "eps_growth_yearly": -132.51
        },
        "20063": {
            "year_quarter": 20063,
            "year": 2006,
            "quarter": 3,
            "eps": 0.44,
            "eps_growth_year": null,
            "eps_4q": null,
            "eps_4q_growth_year": null,
            "roe": 3.63,
            "roe_4q": 10.11,
            "gross_profit": 37397,
            "gross_margin": 19.35,
            "gross_margin_4q_avg": 16.53,
            "net_income": 13916,
            "revenue": 193238,
            "common_shares": 318758,
            "book_valuer_per_share": 12.23,
            "book_valuer_per_share_4q_avg": 14.14,
            "equity": 389939,
            "current_ratio": 244.89,
            "debt_ratio": 32.49,
            "inventory_turnover_ratio": 0.97,
            "account_receivable_turnover_ratio": null,
            "reinvestment_rate": null,
            "research_to_sale_ratio": null,
            "price_fair": 14.28,
            "eps_avg_yearly": 4.76,
            "eps_latest_yearly": 5.64,
            "eps_growth_yearly": -132.51
        },
        "20064": {
            "year_quarter": 20064,
            "year": 2006,
            "quarter": 4,
            "eps": -0.14,
            "eps_growth_year": null,
            "eps_4q": 1.08,
            "eps_4q_growth_year": null,
            "roe": -1.13,
            "roe_4q": 8.98,
            "gross_profit": 26068,
            "gross_margin": 17.96,
            "gross_margin_4q_avg": 21.02,
            "net_income": -4381,
            "revenue": 145162,
            "common_shares": 318758,
            "book_valuer_per_share": 12.1,
            "book_valuer_per_share_4q_avg": 13.6,
            "equity": 385590,
            "current_ratio": 223.83,
            "debt_ratio": 32.57,
            "inventory_turnover_ratio": 0.98,
            "account_receivable_turnover_ratio": null,
            "reinvestment_rate": null,
            "research_to_sale_ratio": null,
            "price_fair": 14.28,
            "eps_avg_yearly": 4.76,
            "eps_latest_yearly": 5.64,
            "eps_growth_yearly": -132.51
        },
        "20071": {
            "year_quarter": 20071,
            "year": 2007,
            "quarter": 1,
            "eps": 0.3,
            "eps_growth_year": -73.45,
            "eps_4q": 0.46,
            "eps_4q_growth_year": null,
            "roe": 2.48,
            "roe_4q": 3.8300000000000005,
            "gross_profit": 42261,
            "gross_margin": 27.4,
            "gross_margin_4q_avg": 20.98,
            "net_income": 9695,
            "revenue": 154209,
            "common_shares": 318758,
            "book_valuer_per_share": 12.4,
            "book_valuer_per_share_4q_avg": 12.84,
            "equity": 395380,
            "current_ratio": 220.95,
            "debt_ratio": 35.19,
            "inventory_turnover_ratio": 0.94,
            "account_receivable_turnover_ratio": null,
            "reinvestment_rate": null,
            "research_to_sale_ratio": null,
            "price_fair": 14.28,
            "eps_avg_yearly": 4.76,
            "eps_latest_yearly": 5.64,
            "eps_growth_yearly": -132.51
        },
        "20072": {
            "year_quarter": 20072,
            "year": 2007,
            "quarter": 2,
            "eps": 0.09,
            "eps_growth_year": null,
            "eps_4q": 0.67,
            "eps_4q_growth_year": null,
            "roe": 0.76,
            "roe_4q": 5.74,
            "gross_profit": 46714,
            "gross_margin": 28.7,
            "gross_margin_4q_avg": 23.35,
            "net_income": 3009,
            "revenue": 162791,
            "common_shares": 318758,
            "book_valuer_per_share": 12.48,
            "book_valuer_per_share_4q_avg": 12.3,
            "equity": 397861,
            "current_ratio": 230.22,
            "debt_ratio": 35.15,
            "inventory_turnover_ratio": 1,
            "account_receivable_turnover_ratio": null,
            "reinvestment_rate": null,
            "research_to_sale_ratio": null,
            "price_fair": 9,
            "eps_avg_yearly": 3,
            "eps_latest_yearly": 0.36,
            "eps_growth_yearly": -150.74
        },
        "20073": {
            "year_quarter": 20073,
            "year": 2007,
            "quarter": 3,
            "eps": 0.27,
            "eps_growth_year": -38.64,
            "eps_4q": 0.53,
            "eps_4q_growth_year": null,
            "roe": 2.11,
            "roe_4q": 4.22,
            "gross_profit": 52603,
            "gross_margin": 28.03,
            "gross_margin_4q_avg": 25.52,
            "net_income": 8491,
            "revenue": 187640,
            "common_shares": 318758,
            "book_valuer_per_share": 12.75,
            "book_valuer_per_share_4q_avg": 12.43,
            "equity": 406308,
            "current_ratio": 220.87,
            "debt_ratio": 37.97,
            "inventory_turnover_ratio": 1.11,
            "account_receivable_turnover_ratio": null,
            "reinvestment_rate": null,
            "research_to_sale_ratio": null,
            "price_fair": 82.6,
            "eps_avg_yearly": 2.36,
            "eps_latest_yearly": 1.08,
            "eps_growth_yearly": 166.17
        },
        "20074": {
            "year_quarter": 20074,
            "year": 2007,
            "quarter": 4,
            "eps": 0.46,
            "eps_growth_year": null,
            "eps_4q": 1.07,
            "eps_4q_growth_year": -1.34,
            "roe": 3.89,
            "roe_4q": 9.24,
            "gross_profit": 54350,
            "gross_margin": 29.14,
            "gross_margin_4q_avg": 28.32,
            "net_income": 16102,
            "revenue": 186484,
            "common_shares": 348859,
            "book_valuer_per_share": 12.11,
            "book_valuer_per_share_4q_avg": 12.44,
            "equity": 422402,
            "current_ratio": 229.02,
            "debt_ratio": 32.84,
            "inventory_turnover_ratio": 0.96,
            "account_receivable_turnover_ratio": null,
            "reinvestment_rate": null,
            "research_to_sale_ratio": null,
            "price_fair": 78.05,
            "eps_avg_yearly": 2.23,
            "eps_latest_yearly": 1.84,
            "eps_growth_yearly": 195
        },
        "20081": {
            "year_quarter": 20081,
            "year": 2008,
            "quarter": 1,
            "eps": -0.1,
            "eps_growth_year": -133.33,
            "eps_4q": 0.6,
            "eps_4q_growth_year": 31.96,
            "roe": -0.88,
            "roe_4q": 5.88,
            "gross_profit": 60709,
            "gross_margin": 35.16,
            "gross_margin_4q_avg": 30.26,
            "net_income": -3921,
            "revenue": 172674,
            "common_shares": 392479,
            "book_valuer_per_share": 11.96,
            "book_valuer_per_share_4q_avg": 12.33,
            "equity": 469246,
            "current_ratio": 258.79,
            "debt_ratio": 29.6,
            "inventory_turnover_ratio": 0.72,
            "account_receivable_turnover_ratio": null,
            "reinvestment_rate": null,
            "research_to_sale_ratio": null,
            "price_fair": 78.05,
            "eps_avg_yearly": 2.23,
            "eps_latest_yearly": 1.84,
            "eps_growth_yearly": 195
        },
        "20082": {
            "year_quarter": 20082,
            "year": 2008,
            "quarter": 2,
            "eps": 0.24,
            "eps_growth_year": 166.67,
            "eps_4q": 0.75,
            "eps_4q_growth_year": 13.27,
            "roe": 2.08,
            "roe_4q": 7.199999999999999,
            "gross_profit": 68878,
            "gross_margin": 38.18,
            "gross_margin_4q_avg": 32.63,
            "net_income": 9663,
            "revenue": 180426,
            "common_shares": 392479,
            "book_valuer_per_share": 11.77,
            "book_valuer_per_share_4q_avg": 12.15,
            "equity": 462064,
            "current_ratio": 233.51,
            "debt_ratio": 33.04,
            "inventory_turnover_ratio": 0.68,
            "account_receivable_turnover_ratio": null,
            "reinvestment_rate": null,
            "research_to_sale_ratio": null,
            "price_fair": 38.27,
            "eps_avg_yearly": 1.09,
            "eps_latest_yearly": 1.84,
            "eps_growth_yearly": 267.16
        },
        "20083": {
            "year_quarter": 20083,
            "year": 2008,
            "quarter": 3,
            "eps": 0.79,
            "eps_growth_year": 192.59,
            "eps_4q": 1.33,
            "eps_4q_growth_year": 148.18,
            "roe": 6.71,
            "roe_4q": 11.799999999999999,
            "gross_profit": 60468,
            "gross_margin": 27.69,
            "gross_margin_4q_avg": 32.54,
            "net_income": 32141,
            "revenue": 218350,
            "common_shares": 408893,
            "book_valuer_per_share": 12.13,
            "book_valuer_per_share_4q_avg": 11.99,
            "equity": 495919,
            "current_ratio": 262.37,
            "debt_ratio": 29.27,
            "inventory_turnover_ratio": 0.97,
            "account_receivable_turnover_ratio": null,
            "reinvestment_rate": null,
            "research_to_sale_ratio": null,
            "price_fair": 56.35,
            "eps_avg_yearly": 1.61,
            "eps_latest_yearly": 3.16,
            "eps_growth_yearly": 429.54
        },
        "20084": {
            "year_quarter": 20084,
            "year": 2008,
            "quarter": 4,
            "eps": -0.21,
            "eps_growth_year": -145.65,
            "eps_4q": 0.72,
            "eps_4q_growth_year": -32.43,
            "roe": -1.76,
            "roe_4q": 6.15,
            "gross_profit": 49368,
            "gross_margin": 31.41,
            "gross_margin_4q_avg": 33.11,
            "net_income": -8684,
            "revenue": 157189,
            "common_shares": 408893,
            "book_valuer_per_share": 11.94,
            "book_valuer_per_share_4q_avg": 11.95,
            "equity": 488317,
            "current_ratio": 244.27,
            "debt_ratio": 31.98,
            "inventory_turnover_ratio": 0.63,
            "account_receivable_turnover_ratio": 3.44,
            "reinvestment_rate": null,
            "research_to_sale_ratio": null,
            "price_fair": 56.35,
            "eps_avg_yearly": 1.61,
            "eps_latest_yearly": 3.16,
            "eps_growth_yearly": 429.54
        },
        "20091": {
            "year_quarter": 20091,
            "year": 2009,
            "quarter": 1,
            "eps": 0.71,
            "eps_growth_year": null,
            "eps_4q": 1.52,
            "eps_4q_growth_year": 152.08,
            "roe": 5.75,
            "roe_4q": 12.78,
            "gross_profit": 74024,
            "gross_margin": 36.26,
            "gross_margin_4q_avg": 33.39,
            "net_income": 28944,
            "revenue": 204158,
            "common_shares": 408893,
            "book_valuer_per_share": 12.67,
            "book_valuer_per_share_4q_avg": 12.13,
            "equity": 517926,
            "current_ratio": 335.5,
            "debt_ratio": 22.85,
            "inventory_turnover_ratio": 0.78,
            "account_receivable_turnover_ratio": 2.09,
            "reinvestment_rate": null,
            "research_to_sale_ratio": null,
            "price_fair": 56.35,
            "eps_avg_yearly": 1.61,
            "eps_latest_yearly": 3.16,
            "eps_growth_yearly": 429.54
        },
        "20092": {
            "year_quarter": 20092,
            "year": 2009,
            "quarter": 2,
            "eps": 0.4,
            "eps_growth_year": 66.67,
            "eps_4q": 1.68,
            "eps_4q_growth_year": 123.63,
            "roe": 3.11,
            "roe_4q": 13.809999999999999,
            "gross_profit": 79067,
            "gross_margin": 44.86,
            "gross_margin_4q_avg": 35.06,
            "net_income": 16308,
            "revenue": 176254,
            "common_shares": 408893,
            "book_valuer_per_share": 12.72,
            "book_valuer_per_share_4q_avg": 12.37,
            "equity": 532016,
            "current_ratio": 377.11,
            "debt_ratio": 20.38,
            "inventory_turnover_ratio": 0.69,
            "account_receivable_turnover_ratio": 1.5,
            "reinvestment_rate": null,
            "research_to_sale_ratio": null,
            "price_fair": 56.28,
            "eps_avg_yearly": 1.61,
            "eps_latest_yearly": 1.6,
            "eps_growth_yearly": 308.7
        },
        "20093": {
            "year_quarter": 20093,
            "year": 2009,
            "quarter": 3,
            "eps": 0.35,
            "eps_growth_year": -55.7,
            "eps_4q": 1.3,
            "eps_4q_growth_year": -2.06,
            "roe": 2.57,
            "roe_4q": 9.67,
            "gross_profit": 86114,
            "gross_margin": 42.4,
            "gross_margin_4q_avg": 38.73,
            "net_income": 13820,
            "revenue": 203087,
            "common_shares": 421978,
            "book_valuer_per_share": 12.67,
            "book_valuer_per_share_4q_avg": 12.5,
            "equity": 543509,
            "current_ratio": 369.89,
            "debt_ratio": 21,
            "inventory_turnover_ratio": 0.93,
            "account_receivable_turnover_ratio": 1.52,
            "reinvestment_rate": null,
            "research_to_sale_ratio": null,
            "price_fair": 55.07,
            "eps_avg_yearly": 1.57,
            "eps_latest_yearly": 1.4,
            "eps_growth_yearly": 248.92
        },
        "20094": {
            "year_quarter": 20094,
            "year": 2009,
            "quarter": 4,
            "eps": 0.09,
            "eps_growth_year": null,
            "eps_4q": 1.49,
            "eps_4q_growth_year": 107.61,
            "roe": 0.6,
            "roe_4q": 12.03,
            "gross_profit": 72370,
            "gross_margin": 36.28,
            "gross_margin_4q_avg": 39.95,
            "net_income": 3274,
            "revenue": 199494,
            "common_shares": 425898,
            "book_valuer_per_share": 12.78,
            "book_valuer_per_share_4q_avg": 12.71,
            "equity": 553922,
            "current_ratio": 360.27,
            "debt_ratio": 21.18,
            "inventory_turnover_ratio": 1.13,
            "account_receivable_turnover_ratio": 3.25,
            "reinvestment_rate": 30.6,
            "research_to_sale_ratio": null,
            "price_fair": 49,
            "eps_avg_yearly": 1.4,
            "eps_latest_yearly": 0.36,
            "eps_growth_yearly": 170.91
        },
        "20101": {
            "year_quarter": 20101,
            "year": 2010,
            "quarter": 1,
            "eps": 0.71,
            "eps_growth_year": 0,
            "eps_4q": 1.52,
            "eps_4q_growth_year": -0.01,
            "roe": 5.18,
            "roe_4q": 11.459999999999999,
            "gross_profit": 99273,
            "gross_margin": 42.01,
            "gross_margin_4q_avg": 41.39,
            "net_income": 29512,
            "revenue": 236295,
            "common_shares": 426598,
            "book_valuer_per_share": 13.49,
            "book_valuer_per_share_4q_avg": 12.92,
            "equity": 584639,
            "current_ratio": 297.62,
            "debt_ratio": 26.65,
            "inventory_turnover_ratio": 1.04,
            "account_receivable_turnover_ratio": 1.76,
            "reinvestment_rate": 25.89,
            "research_to_sale_ratio": 5.66,
            "price_fair": 55.3,
            "eps_avg_yearly": 1.58,
            "eps_latest_yearly": 2.84,
            "eps_growth_yearly": 493.99
        },
        "20102": {
            "year_quarter": 20102,
            "year": 2010,
            "quarter": 2,
            "eps": 0.82,
            "eps_growth_year": 104.12,
            "eps_4q": 1.93,
            "eps_4q_growth_year": 14.69,
            "roe": 6.3,
            "roe_4q": 14.65,
            "gross_profit": 109711,
            "gross_margin": 38.12,
            "gross_margin_4q_avg": 39.7,
            "net_income": 36261,
            "revenue": 287799,
            "common_shares": 427398,
            "book_valuer_per_share": 13.24,
            "book_valuer_per_share_4q_avg": 13.05,
            "equity": 565845,
            "current_ratio": 253.28,
            "debt_ratio": 31.77,
            "inventory_turnover_ratio": 1.09,
            "account_receivable_turnover_ratio": 1.07,
            "reinvestment_rate": 14.71,
            "research_to_sale_ratio": 4.6,
            "price_fair": 61.91,
            "eps_avg_yearly": 1.77,
            "eps_latest_yearly": 3.28,
            "eps_growth_yearly": 445.99
        },
        "20103": {
            "year_quarter": 20103,
            "year": 2010,
            "quarter": 3,
            "eps": 0.59,
            "eps_growth_year": 68.34,
            "eps_4q": 2.18,
            "eps_4q_growth_year": 67.77,
            "roe": 4.44,
            "roe_4q": 16.52,
            "gross_profit": 100609,
            "gross_margin": 38.8,
            "gross_margin_4q_avg": 38.8,
            "net_income": 25730,
            "revenue": 259297,
            "common_shares": 436690,
            "book_valuer_per_share": 13.56,
            "book_valuer_per_share_4q_avg": 13.27,
            "equity": 591997,
            "current_ratio": 327.61,
            "debt_ratio": 24.23,
            "inventory_turnover_ratio": 0.91,
            "account_receivable_turnover_ratio": 0.72,
            "reinvestment_rate": 15.29,
            "research_to_sale_ratio": 5.02,
            "price_fair": 63.98,
            "eps_avg_yearly": 1.83,
            "eps_latest_yearly": 2.36,
            "eps_growth_yearly": 390.17
        },
        "20104": {
            "year_quarter": 20104,
            "year": 2010,
            "quarter": 4,
            "eps": -0.62,
            "eps_growth_year": -785.54,
            "eps_4q": 1.47,
            "eps_4q_growth_year": -1.94,
            "roe": -4.58,
            "roe_4q": 11.34,
            "gross_profit": 72318,
            "gross_margin": 38.3,
            "gross_margin_4q_avg": 39.31,
            "net_income": -26747,
            "revenue": 188806,
            "common_shares": 439505,
            "book_valuer_per_share": 12.9,
            "book_valuer_per_share_4q_avg": 13.3,
            "equity": 576295,
            "current_ratio": 378.05,
            "debt_ratio": 21.15,
            "inventory_turnover_ratio": 0.74,
            "account_receivable_turnover_ratio": 0.66,
            "reinvestment_rate": 26.82,
            "research_to_sale_ratio": 8.91,
            "price_fair": 63.98,
            "eps_avg_yearly": 1.83,
            "eps_latest_yearly": 2.36,
            "eps_growth_yearly": 390.17
        },
        "20111": {
            "year_quarter": 20111,
            "year": 2011,
            "quarter": 1,
            "eps": 0.05,
            "eps_growth_year": -92.96,
            "eps_4q": 0.83,
            "eps_4q_growth_year": -45.55,
            "roe": 0.55,
            "roe_4q": 6.71,
            "gross_profit": 69052,
            "gross_margin": 34.74,
            "gross_margin_4q_avg": 37.49,
            "net_income": 3193,
            "revenue": 198796,
            "common_shares": 439705,
            "book_valuer_per_share": 12.96,
            "book_valuer_per_share_4q_avg": 13.17,
            "equity": 579845,
            "current_ratio": 349.93,
            "debt_ratio": 22.92,
            "inventory_turnover_ratio": 1.01,
            "account_receivable_turnover_ratio": 0.74,
            "reinvestment_rate": 31.16,
            "research_to_sale_ratio": 6.39,
            "price_fair": 63.98,
            "eps_avg_yearly": 1.83,
            "eps_latest_yearly": 2.36,
            "eps_growth_yearly": 390.17
        },
        "20112": {
            "year_quarter": 20112,
            "year": 2011,
            "quarter": 2,
            "eps": -0.26,
            "eps_growth_year": -131.38,
            "eps_4q": -0.24,
            "eps_4q_growth_year": -112.25,
            "roe": -1.67,
            "roe_4q": -1.2599999999999998,
            "gross_profit": 71520,
            "gross_margin": 34.22,
            "gross_margin_4q_avg": 36.52,
            "net_income": -9322,
            "revenue": 208970,
            "common_shares": 439705,
            "book_valuer_per_share": 11.4,
            "book_valuer_per_share_4q_avg": 12.71,
            "equity": 537568,
            "current_ratio": 298.44,
            "debt_ratio": 26.63,
            "inventory_turnover_ratio": 1.24,
            "account_receivable_turnover_ratio": 0.81,
            "reinvestment_rate": 36.42,
            "research_to_sale_ratio": 8.12,
            "price_fair": 69.69,
            "eps_avg_yearly": 1.99,
            "eps_latest_yearly": 2.36,
            "eps_growth_yearly": 464.63
        },
        "20113": {
            "year_quarter": 20113,
            "year": 2011,
            "quarter": 3,
            "eps": 0.38,
            "eps_growth_year": -35.27,
            "eps_4q": -0.44,
            "eps_4q_growth_year": -120.21,
            "roe": 3.77,
            "roe_4q": -1.9299999999999997,
            "gross_profit": 73419,
            "gross_margin": 36.49,
            "gross_margin_4q_avg": 35.94,
            "net_income": 21083,
            "revenue": 201199,
            "common_shares": 439705,
            "book_valuer_per_share": 11.79,
            "book_valuer_per_share_4q_avg": 12.26,
            "equity": 579904,
            "current_ratio": 374.21,
            "debt_ratio": 21.46,
            "inventory_turnover_ratio": 1.22,
            "account_receivable_turnover_ratio": 0.97,
            "reinvestment_rate": 51.62,
            "research_to_sale_ratio": 8.12,
            "price_fair": 73.68,
            "eps_avg_yearly": 2.11,
            "eps_latest_yearly": 2.36,
            "eps_growth_yearly": 422.71
        },
        "20114": {
            "year_quarter": 20114,
            "year": 2011,
            "quarter": 4,
            "eps": -0.36,
            "eps_growth_year": null,
            "eps_4q": -0.18,
            "eps_4q_growth_year": -112.6,
            "roe": -2.08,
            "roe_4q": 0.5700000000000001,
            "gross_profit": 70973,
            "gross_margin": 32.48,
            "gross_margin_4q_avg": 34.48,
            "net_income": -11913,
            "revenue": 218542,
            "common_shares": 439705,
            "book_valuer_per_share": 11.42,
            "book_valuer_per_share_4q_avg": 11.89,
            "equity": 567675,
            "current_ratio": 370.53,
            "debt_ratio": 22.13,
            "inventory_turnover_ratio": 1.47,
            "account_receivable_turnover_ratio": 1.16,
            "reinvestment_rate": 53.72,
            "research_to_sale_ratio": 7.44,
            "price_fair": 75,
            "eps_avg_yearly": 2.14,
            "eps_latest_yearly": 2.36,
            "eps_growth_yearly": 442.89
        },
        "20121": {
            "year_quarter": 20121,
            "year": 2012,
            "quarter": 1,
            "eps": -0.14,
            "eps_growth_year": -380,
            "eps_4q": -0.37,
            "eps_4q_growth_year": -145.06,
            "roe": -0.72,
            "roe_4q": -0.6999999999999997,
            "gross_profit": 59453,
            "gross_margin": 34.18,
            "gross_margin_4q_avg": 34.34,
            "net_income": -4091,
            "revenue": 173924,
            "common_shares": 439705,
            "book_valuer_per_share": 11.27,
            "book_valuer_per_share_4q_avg": 11.47,
            "equity": 563274,
            "current_ratio": 355.64,
            "debt_ratio": 23.02,
            "inventory_turnover_ratio": 1.04,
            "account_receivable_turnover_ratio": 0.98,
            "reinvestment_rate": 58.61,
            "research_to_sale_ratio": 9.65,
            "price_fair": 75,
            "eps_avg_yearly": 2.14,
            "eps_latest_yearly": 2.36,
            "eps_growth_yearly": 442.89
        },
        "20122": {
            "year_quarter": 20122,
            "year": 2012,
            "quarter": 2,
            "eps": -0.09,
            "eps_growth_year": null,
            "eps_4q": -0.21,
            "eps_4q_growth_year": null,
            "roe": -0.3,
            "roe_4q": 0.6699999999999999,
            "gross_profit": 65499,
            "gross_margin": 28.57,
            "gross_margin_4q_avg": 32.93,
            "net_income": -1665,
            "revenue": 229292,
            "common_shares": 439705,
            "book_valuer_per_share": 11.18,
            "book_valuer_per_share_4q_avg": 11.42,
            "equity": 561829,
            "current_ratio": 324.11,
            "debt_ratio": 25.25,
            "inventory_turnover_ratio": 1.3,
            "account_receivable_turnover_ratio": 1.2,
            "reinvestment_rate": 69.33,
            "research_to_sale_ratio": 7.44,
            "price_fair": 75,
            "eps_avg_yearly": 2.14,
            "eps_latest_yearly": 2.36,
            "eps_growth_yearly": 442.89
        },
        "20123": {
            "year_quarter": 20123,
            "year": 2012,
            "quarter": 3,
            "eps": -0.28,
            "eps_growth_year": -172.8,
            "eps_4q": -0.87,
            "eps_4q_growth_year": null,
            "roe": -1.88,
            "roe_4q": -4.9799999999999995,
            "gross_profit": 65431,
            "gross_margin": 24.72,
            "gross_margin_4q_avg": 29.99,
            "net_income": -10459,
            "revenue": 264726,
            "common_shares": 439705,
            "book_valuer_per_share": 10.9,
            "book_valuer_per_share_4q_avg": 11.19,
            "equity": 551043,
            "current_ratio": 310.83,
            "debt_ratio": 26.76,
            "inventory_turnover_ratio": 1.48,
            "account_receivable_turnover_ratio": 1.13,
            "reinvestment_rate": 107.85,
            "research_to_sale_ratio": 6.85,
            "price_fair": 69.07,
            "eps_avg_yearly": 1.97,
            "eps_latest_yearly": 2.36,
            "eps_growth_yearly": 363.92
        },
        "20124": {
            "year_quarter": 20124,
            "year": 2012,
            "quarter": 4,
            "eps": -0.4,
            "eps_growth_year": null,
            "eps_4q": -0.91,
            "eps_4q_growth_year": null,
            "roe": -2.81,
            "roe_4q": -5.709999999999999,
            "gross_profit": 44402,
            "gross_margin": 19.12,
            "gross_margin_4q_avg": 26.65,
            "net_income": -15237,
            "revenue": 232173,
            "common_shares": 439705,
            "book_valuer_per_share": 10.49,
            "book_valuer_per_share_4q_avg": 10.96,
            "equity": 535227,
            "current_ratio": 342.98,
            "debt_ratio": 24.1,
            "inventory_turnover_ratio": 1.62,
            "account_receivable_turnover_ratio": 1.07,
            "reinvestment_rate": 124.78,
            "research_to_sale_ratio": 7.23,
            "price_fair": 69.07,
            "eps_avg_yearly": 1.97,
            "eps_latest_yearly": 2.36,
            "eps_growth_yearly": 363.92
        },
        "20131": {
            "year_quarter": 20131,
            "year": 2013,
            "quarter": 1,
            "eps": 0.02,
            "eps_growth_year": null,
            "eps_4q": -0.75,
            "eps_4q_growth_year": null,
            "roe": 0.15,
            "roe_4q": -4.84,
            "gross_profit": 42790,
            "gross_margin": 30,
            "gross_margin_4q_avg": 25.6,
            "net_income": 786,
            "revenue": 142647,
            "common_shares": 439705,
            "book_valuer_per_share": 10.5,
            "book_valuer_per_share_4q_avg": 10.77,
            "equity": 535413,
            "current_ratio": 370.59,
            "debt_ratio": 21.63,
            "inventory_turnover_ratio": 0.88,
            "account_receivable_turnover_ratio": 1.03,
            "reinvestment_rate": -18.18,
            "research_to_sale_ratio": 10.23,
            "price_fair": 69.07,
            "eps_avg_yearly": 1.97,
            "eps_latest_yearly": 2.36,
            "eps_growth_yearly": 363.92
        },
        "20132": {
            "year_quarter": 20132,
            "year": 2013,
            "quarter": 2,
            "eps": 0.28,
            "eps_growth_year": null,
            "eps_4q": -0.37,
            "eps_4q_growth_year": null,
            "roe": 2.62,
            "roe_4q": -1.92,
            "gross_profit": 65736,
            "gross_margin": 28.74,
            "gross_margin_4q_avg": 25.65,
            "net_income": 14224,
            "revenue": 228713,
            "common_shares": 439705,
            "book_valuer_per_share": 10.79,
            "book_valuer_per_share_4q_avg": 10.67,
            "equity": 549839,
            "current_ratio": 322.27,
            "debt_ratio": 25.22,
            "inventory_turnover_ratio": 1.25,
            "account_receivable_turnover_ratio": 1.67,
            "reinvestment_rate": -19.1,
            "research_to_sale_ratio": 7.31,
            "price_fair": 66.27,
            "eps_avg_yearly": 1.89,
            "eps_latest_yearly": 1.12,
            "eps_growth_yearly": 1259.7
        },
        "20133": {
            "year_quarter": 20133,
            "year": 2013,
            "quarter": 3,
            "eps": 0.3,
            "eps_growth_year": null,
            "eps_4q": 0.2,
            "eps_4q_growth_year": null,
            "roe": 3.26,
            "roe_4q": 3.22,
            "gross_profit": 74801,
            "gross_margin": 38.06,
            "gross_margin_4q_avg": 28.98,
            "net_income": 18229,
            "revenue": 196514,
            "common_shares": 439705,
            "book_valuer_per_share": 11.08,
            "book_valuer_per_share_4q_avg": 10.72,
            "equity": 567765,
            "current_ratio": 363.31,
            "debt_ratio": 22.32,
            "inventory_turnover_ratio": 0.86,
            "account_receivable_turnover_ratio": 1.22,
            "reinvestment_rate": -14.77,
            "research_to_sale_ratio": 9.65,
            "price_fair": 65.1,
            "eps_avg_yearly": 1.86,
            "eps_latest_yearly": 1.2,
            "eps_growth_yearly": 1272.79
        },
        "20134": {
            "year_quarter": 20134,
            "year": 2013,
            "quarter": 4,
            "eps": -0.12,
            "eps_growth_year": null,
            "eps_4q": 0.49,
            "eps_4q_growth_year": null,
            "roe": -0.89,
            "roe_4q": 5.140000000000001,
            "gross_profit": 54435,
            "gross_margin": 29.31,
            "gross_margin_4q_avg": 31.53,
            "net_income": -5056,
            "revenue": 185723,
            "common_shares": 439705,
            "book_valuer_per_share": 10.97,
            "book_valuer_per_share_4q_avg": 10.84,
            "equity": 563067,
            "current_ratio": 381.55,
            "debt_ratio": 21.39,
            "inventory_turnover_ratio": 0.88,
            "account_receivable_turnover_ratio": 1.34,
            "reinvestment_rate": -128.37,
            "research_to_sale_ratio": 10.54,
            "price_fair": 75.6,
            "eps_avg_yearly": 2.16,
            "eps_latest_yearly": 1.2,
            "eps_growth_yearly": 1586.78
        },
        "20141": {
            "year_quarter": 20141,
            "year": 2014,
            "quarter": 1,
            "eps": -0.13,
            "eps_growth_year": -750,
            "eps_4q": 0.34,
            "eps_4q_growth_year": null,
            "roe": -0.56,
            "roe_4q": 4.43,
            "gross_profit": 42242,
            "gross_margin": 32.99,
            "gross_margin_4q_avg": 32.28,
            "net_income": -3135,
            "revenue": 128045,
            "common_shares": 439705,
            "book_valuer_per_share": 10.85,
            "book_valuer_per_share_4q_avg": 10.92,
            "equity": 560431,
            "current_ratio": 455.11,
            "debt_ratio": 17.89,
            "inventory_turnover_ratio": 0.61,
            "account_receivable_turnover_ratio": 1.1,
            "reinvestment_rate": -2888.3,
            "research_to_sale_ratio": 11.72,
            "price_fair": 69.65,
            "eps_avg_yearly": 1.99,
            "eps_latest_yearly": 1.2,
            "eps_growth_yearly": 1294.59
        },
        "20142": {
            "year_quarter": 20142,
            "year": 2014,
            "quarter": 2,
            "eps": -0.22,
            "eps_growth_year": -178.57,
            "eps_4q": -0.17,
            "eps_4q_growth_year": null,
            "roe": -1.25,
            "roe_4q": 0.5599999999999996,
            "gross_profit": 47592,
            "gross_margin": 29.17,
            "gross_margin_4q_avg": 32.38,
            "net_income": -6981,
            "revenue": 163155,
            "common_shares": 439705,
            "book_valuer_per_share": 10.61,
            "book_valuer_per_share_4q_avg": 10.88,
            "equity": 552619,
            "current_ratio": 440.89,
            "debt_ratio": 18.36,
            "inventory_turnover_ratio": 0.92,
            "account_receivable_turnover_ratio": 1.7,
            "reinvestment_rate": null,
            "research_to_sale_ratio": 8.75,
            "price_fair": 54.6,
            "eps_avg_yearly": 1.56,
            "eps_latest_yearly": 1.2,
            "eps_growth_yearly": 1705.46
        },
        "20143": {
            "year_quarter": 20143,
            "year": 2014,
            "quarter": 3,
            "eps": 0.03,
            "eps_growth_year": -90,
            "eps_4q": -0.44,
            "eps_4q_growth_year": -313.97,
            "roe": 0.83,
            "roe_4q": -1.87,
            "gross_profit": 47615,
            "gross_margin": 29.78,
            "gross_margin_4q_avg": 30.31,
            "net_income": 4564,
            "revenue": 159868,
            "common_shares": 439705,
            "book_valuer_per_share": 10.65,
            "book_valuer_per_share_4q_avg": 10.77,
            "equity": 551654,
            "current_ratio": 338.74,
            "debt_ratio": 24.38,
            "inventory_turnover_ratio": 0.93,
            "account_receivable_turnover_ratio": 1.5,
            "reinvestment_rate": null,
            "research_to_sale_ratio": 8.74,
            "price_fair": 40.6,
            "eps_avg_yearly": 1.16,
            "eps_latest_yearly": 1.2,
            "eps_growth_yearly": 2614.29
        },
        "20144": {
            "year_quarter": 20144,
            "year": 2014,
            "quarter": 4,
            "eps": 0.02,
            "eps_growth_year": null,
            "eps_4q": -0.29,
            "eps_4q_growth_year": -160.14,
            "roe": 0.78,
            "roe_4q": -0.20000000000000018,
            "gross_profit": 38969,
            "gross_margin": 29.73,
            "gross_margin_4q_avg": 30.42,
            "net_income": 4297,
            "revenue": 131059,
            "common_shares": 439705,
            "book_valuer_per_share": 10.7,
            "book_valuer_per_share_4q_avg": 10.7,
            "equity": 557286,
            "current_ratio": 455.74,
            "debt_ratio": 18.38,
            "inventory_turnover_ratio": 0.77,
            "account_receivable_turnover_ratio": 1.27,
            "reinvestment_rate": null,
            "research_to_sale_ratio": 10.47,
            "price_fair": 28,
            "eps_avg_yearly": 0.8,
            "eps_latest_yearly": 0.08,
            "eps_growth_yearly": 1698.41
        },
        "20151": {
            "year_quarter": 20151,
            "year": 2015,
            "quarter": 1,
            "eps": -0.35,
            "eps_growth_year": null,
            "eps_4q": -0.51,
            "eps_4q_growth_year": -251.97,
            "roe": -3.54,
            "roe_4q": -3.1799999999999997,
            "gross_profit": 21848,
            "gross_margin": 24.36,
            "gross_margin_4q_avg": 28.26,
            "net_income": -19373,
            "revenue": 89690,
            "common_shares": 439705,
            "book_valuer_per_share": 10.35,
            "book_valuer_per_share_4q_avg": 10.58,
            "equity": 537581,
            "current_ratio": 464.63,
            "debt_ratio": 17.72,
            "inventory_turnover_ratio": 0.64,
            "account_receivable_turnover_ratio": 1.17,
            "reinvestment_rate": null,
            "research_to_sale_ratio": 13.51,
            "price_fair": 28,
            "eps_avg_yearly": 0.8,
            "eps_latest_yearly": 0.08,
            "eps_growth_yearly": 1698.41
        },
        "20152": {
            "year_quarter": 20152,
            "year": 2015,
            "quarter": 2,
            "eps": -0.08,
            "eps_growth_year": null,
            "eps_4q": -0.37,
            "eps_4q_growth_year": null,
            "roe": -0.55,
            "roe_4q": -2.4799999999999995,
            "gross_profit": 37422,
            "gross_margin": 33.93,
            "gross_margin_4q_avg": 29.45,
            "net_income": -2936,
            "revenue": 110298,
            "common_shares": 439705,
            "book_valuer_per_share": 10.26,
            "book_valuer_per_share_4q_avg": 10.49,
            "equity": 534269,
            "current_ratio": 466.27,
            "debt_ratio": 17.47,
            "inventory_turnover_ratio": 0.74,
            "account_receivable_turnover_ratio": 1.47,
            "reinvestment_rate": null,
            "research_to_sale_ratio": 11.85,
            "price_fair": 28,
            "eps_avg_yearly": 0.8,
            "eps_latest_yearly": 0.08,
            "eps_growth_yearly": 1698.41
        },
        "20153": {
            "year_quarter": 20153,
            "year": 2015,
            "quarter": 3,
            "eps": 0.1,
            "eps_growth_year": 233.33,
            "eps_4q": -0.3,
            "eps_4q_growth_year": null,
            "roe": 1.3,
            "roe_4q": -2.01,
            "gross_profit": 27432,
            "gross_margin": 27.73,
            "gross_margin_4q_avg": 28.94,
            "net_income": 6912,
            "revenue": 98937,
            "common_shares": 439705,
            "book_valuer_per_share": 10.39,
            "book_valuer_per_share_4q_avg": 10.43,
            "equity": 532268,
            "current_ratio": 375.65,
            "debt_ratio": 22.06,
            "inventory_turnover_ratio": 0.66,
            "account_receivable_turnover_ratio": 1.24,
            "reinvestment_rate": null,
            "research_to_sale_ratio": 12.4,
            "price_fair": 28,
            "eps_avg_yearly": 0.8,
            "eps_latest_yearly": 0.08,
            "eps_growth_yearly": 1698.41
        },
        "20154": {
            "year_quarter": 20154,
            "year": 2015,
            "quarter": 4,
            "eps": -0.32,
            "eps_growth_year": -1464.68,
            "eps_4q": -0.65,
            "eps_4q_growth_year": null,
            "roe": -3.01,
            "roe_4q": -5.8,
            "gross_profit": 22798,
            "gross_margin": 21.61,
            "gross_margin_4q_avg": 26.91,
            "net_income": -15762,
            "revenue": 105516,
            "common_shares": 439705,
            "book_valuer_per_share": 10.05,
            "book_valuer_per_share_4q_avg": 10.26,
            "equity": 515801,
            "current_ratio": 501.22,
            "debt_ratio": 16.38,
            "inventory_turnover_ratio": 0.76,
            "account_receivable_turnover_ratio": 1.35,
            "reinvestment_rate": null,
            "research_to_sale_ratio": 8.39,
            "price_fair": 28,
            "eps_avg_yearly": 0.8,
            "eps_latest_yearly": 0.08,
            "eps_growth_yearly": 1698.41
        },
        "20161": {
            "year_quarter": 20161,
            "year": 2016,
            "quarter": 1,
            "eps": -0.37,
            "eps_growth_year": null,
            "eps_4q": -0.67,
            "eps_4q_growth_year": null,
            "roe": -3.92,
            "roe_4q": -6.18,
            "gross_profit": 18798,
            "gross_margin": 21.91,
            "gross_margin_4q_avg": 26.3,
            "net_income": -19817,
            "revenue": 85796,
            "common_shares": 439705,
            "book_valuer_per_share": 9.67,
            "book_valuer_per_share_4q_avg": 10.09,
            "equity": 495484,
            "current_ratio": 489.85,
            "debt_ratio": 16.5,
            "inventory_turnover_ratio": 0.69,
            "account_receivable_turnover_ratio": 1.04,
            "reinvestment_rate": null,
            "research_to_sale_ratio": 11.73,
            "price_fair": 28,
            "eps_avg_yearly": 0.8,
            "eps_latest_yearly": 0.08,
            "eps_growth_yearly": 1698.41
        },
        "20162": {
            "year_quarter": 20162,
            "year": 2016,
            "quarter": 2,
            "eps": -0.35,
            "eps_growth_year": null,
            "eps_4q": -0.94,
            "eps_4q_growth_year": null,
            "roe": -3.57,
            "roe_4q": -9.2,
            "gross_profit": 19624,
            "gross_margin": 19.46,
            "gross_margin_4q_avg": 22.68,
            "net_income": -17400,
            "revenue": 100819,
            "common_shares": 439705,
            "book_valuer_per_share": 9.32,
            "book_valuer_per_share_4q_avg": 9.86,
            "equity": 478111,
            "current_ratio": 480.68,
            "debt_ratio": 16.51,
            "inventory_turnover_ratio": 0.89,
            "account_receivable_turnover_ratio": 1.26,
            "reinvestment_rate": null,
            "research_to_sale_ratio": 12.98,
            "price_fair": 28,
            "eps_avg_yearly": 0.8,
            "eps_latest_yearly": 0.08,
            "eps_growth_yearly": 1698.41
        },
        "20163": {
            "year_quarter": 20163,
            "year": 2016,
            "quarter": 3,
            "eps": -0.08,
            "eps_growth_year": -180,
            "eps_4q": -1.12,
            "eps_4q_growth_year": null,
            "roe": -0.86,
            "roe_4q": -11.36,
            "gross_profit": 28634,
            "gross_margin": 25.88,
            "gross_margin_4q_avg": 22.22,
            "net_income": -4104,
            "revenue": 110653,
            "common_shares": 439705,
            "book_valuer_per_share": 9.23,
            "book_valuer_per_share_4q_avg": 9.57,
            "equity": 473231,
            "current_ratio": 504.67,
            "debt_ratio": 15.87,
            "inventory_turnover_ratio": 1.05,
            "account_receivable_turnover_ratio": 1.42,
            "reinvestment_rate": null,
            "research_to_sale_ratio": 4.07,
            "price_fair": 28,
            "eps_avg_yearly": 0.8,
            "eps_latest_yearly": 0.08,
            "eps_growth_yearly": 1698.41
        },
        "20164": {
            "year_quarter": 20164,
            "year": 2016,
            "quarter": 4,
            "eps": -0.03,
            "eps_growth_year": null,
            "eps_4q": -0.82,
            "eps_4q_growth_year": null,
            "roe": -0.42,
            "roe_4q": -8.77,
            "gross_profit": 28965,
            "gross_margin": 26.1,
            "gross_margin_4q_avg": 23.34,
            "net_income": -1940,
            "revenue": 110987,
            "common_shares": 439705,
            "book_valuer_per_share": 9.2,
            "book_valuer_per_share_4q_avg": 9.36,
            "equity": 441650,
            "current_ratio": 340.99,
            "debt_ratio": 23.49,
            "inventory_turnover_ratio": 1.09,
            "account_receivable_turnover_ratio": 1.17,
            "reinvestment_rate": null,
            "research_to_sale_ratio": 3.22,
            "price_fair": 28,
            "eps_avg_yearly": 0.8,
            "eps_latest_yearly": 0.08,
            "eps_growth_yearly": 1698.41
        },
        "20171": {
            "year_quarter": 20171,
            "year": 2017,
            "quarter": 1,
            "eps": -0.13,
            "eps_growth_year": null,
            "eps_4q": -0.59,
            "eps_4q_growth_year": null,
            "roe": -2.07,
            "roe_4q": -6.92,
            "gross_profit": 23689,
            "gross_margin": 29.07,
            "gross_margin_4q_avg": 25.13,
            "net_income": -9032,
            "revenue": 81479,
            "common_shares": 439705,
            "book_valuer_per_share": 9.04,
            "book_valuer_per_share_4q_avg": 9.2,
            "equity": 431436,
            "current_ratio": 497.09,
            "debt_ratio": 15.73,
            "inventory_turnover_ratio": 0.75,
            "account_receivable_turnover_ratio": 0.88,
            "reinvestment_rate": null,
            "research_to_sale_ratio": 4.35,
            "price_fair": 28,
            "eps_avg_yearly": 0.8,
            "eps_latest_yearly": 0.08,
            "eps_growth_yearly": 1698.41
        },
        "20172": {
            "year_quarter": 20172,
            "year": 2017,
            "quarter": 2,
            "eps": -0.31,
            "eps_growth_year": null,
            "eps_4q": -0.54,
            "eps_4q_growth_year": null,
            "roe": -3.66,
            "roe_4q": -7.010000000000001,
            "gross_profit": 10915,
            "gross_margin": 16.35,
            "gross_margin_4q_avg": 24.35,
            "net_income": -15144,
            "revenue": 66746,
            "common_shares": 439705,
            "book_valuer_per_share": 8.74,
            "book_valuer_per_share_4q_avg": 9.05,
            "equity": 395458,
            "current_ratio": 375.52,
            "debt_ratio": 20.45,
            "inventory_turnover_ratio": 0.71,
            "account_receivable_turnover_ratio": 0.94,
            "reinvestment_rate": null,
            "research_to_sale_ratio": 5.2,
            "price_fair": 1.92,
            "eps_avg_yearly": 0.64,
            "eps_latest_yearly": 0.08,
            "eps_growth_yearly": -52.38
        },
        "20173": {
            "year_quarter": 20173,
            "year": 2017,
            "quarter": 3,
            "eps": -0.15,
            "eps_growth_year": null,
            "eps_4q": -0.61,
            "eps_4q_growth_year": null,
            "roe": -2.55,
            "roe_4q": -8.7,
            "gross_profit": 18095,
            "gross_margin": 23.93,
            "gross_margin_4q_avg": 23.86,
            "net_income": -9945,
            "revenue": 75626,
            "common_shares": 439705,
            "book_valuer_per_share": 8.59,
            "book_valuer_per_share_4q_avg": 8.89,
            "equity": 385474,
            "current_ratio": 431.01,
            "debt_ratio": 17.75,
            "inventory_turnover_ratio": 0.68,
            "account_receivable_turnover_ratio": 1.07,
            "reinvestment_rate": null,
            "research_to_sale_ratio": 3.96,
            "price_fair": 0.24,
            "eps_avg_yearly": 0.08,
            "eps_latest_yearly": 0.08,
            "eps_growth_yearly": -133.33
        },
        "20174": {
            "year_quarter": 20174,
            "year": 2017,
            "quarter": 4,
            "eps": 0.1,
            "eps_growth_year": null,
            "eps_4q": -0.49,
            "eps_4q_growth_year": null,
            "roe": 0.61,
            "roe_4q": -7.67,
            "gross_profit": 35969,
            "gross_margin": 35.16,
            "gross_margin_4q_avg": 26.13,
            "net_income": 2387,
            "revenue": 102312,
            "common_shares": 439705,
            "book_valuer_per_share": 8.72,
            "book_valuer_per_share_4q_avg": 8.77,
            "equity": 395965,
            "current_ratio": 354.3,
            "debt_ratio": 22.12,
            "inventory_turnover_ratio": 0.7,
            "account_receivable_turnover_ratio": 1.12,
            "reinvestment_rate": null,
            "research_to_sale_ratio": 2.77,
            "price_fair": 0.24,
            "eps_avg_yearly": 0.08,
            "eps_latest_yearly": 0.08,
            "eps_growth_yearly": -133.33
        },
        "20181": {
            "year_quarter": 20181,
            "year": 2018,
            "quarter": 1,
            "eps": 0.21,
            "eps_growth_year": null,
            "eps_4q": -0.14,
            "eps_4q_growth_year": null,
            "roe": 2.74,
            "roe_4q": -2.86,
            "gross_profit": 41632,
            "gross_margin": 41.01,
            "gross_margin_4q_avg": 29.11,
            "net_income": 10984,
            "revenue": 101527,
            "common_shares": 439705,
            "book_valuer_per_share": 8.93,
            "book_valuer_per_share_4q_avg": 8.75,
            "equity": 406569,
            "current_ratio": 436.12,
            "debt_ratio": 17.82,
            "inventory_turnover_ratio": 0.57,
            "account_receivable_turnover_ratio": 1.09,
            "reinvestment_rate": null,
            "research_to_sale_ratio": 2.61,
            "price_fair": 16.1,
            "eps_avg_yearly": 0.46,
            "eps_latest_yearly": 0.84,
            "eps_growth_yearly": 153.33
        },
        "20182": {
            "year_quarter": 20182,
            "year": 2018,
            "quarter": 2,
            "eps": -0.08,
            "eps_growth_year": null,
            "eps_4q": 0.08,
            "eps_4q_growth_year": null,
            "roe": -1.78,
            "roe_4q": -0.9799999999999995,
            "gross_profit": 24742,
            "gross_margin": 33.2,
            "gross_margin_4q_avg": 33.33,
            "net_income": -7315,
            "revenue": 74527,
            "common_shares": 439705,
            "book_valuer_per_share": 8.9,
            "book_valuer_per_share_4q_avg": 8.79,
            "equity": 415760,
            "current_ratio": 364.18,
            "debt_ratio": 21.63,
            "inventory_turnover_ratio": 0.39,
            "account_receivable_turnover_ratio": 0.97,
            "reinvestment_rate": null,
            "research_to_sale_ratio": 4.11,
            "price_fair": 16.1,
            "eps_avg_yearly": 0.46,
            "eps_latest_yearly": 0.84,
            "eps_growth_yearly": 153.33
        },
        "20183": {
            "year_quarter": 20183,
            "year": 2018,
            "quarter": 3,
            "eps": -0.26,
            "eps_growth_year": null,
            "eps_4q": -0.03,
            "eps_4q_growth_year": null,
            "roe": -3.28,
            "roe_4q": -1.7099999999999995,
            "gross_profit": 17567,
            "gross_margin": 24.03,
            "gross_margin_4q_avg": 33.35,
            "net_income": -13409,
            "revenue": 73095,
            "common_shares": 439705,
            "book_valuer_per_share": 8.63,
            "book_valuer_per_share_4q_avg": 8.8,
            "equity": 402355,
            "current_ratio": 311.49,
            "debt_ratio": 25.17,
            "inventory_turnover_ratio": 0.35,
            "account_receivable_turnover_ratio": 0.98,
            "reinvestment_rate": null,
            "research_to_sale_ratio": 4.15,
            "price_fair": 16.1,
            "eps_avg_yearly": 0.46,
            "eps_latest_yearly": 0.84,
            "eps_growth_yearly": 153.33
        },
        "20184": {
            "year_quarter": 20184,
            "year": 2018,
            "quarter": 4,
            "eps": -0.09,
            "eps_growth_year": -192.01,
            "eps_4q": -0.22,
            "eps_4q_growth_year": null,
            "roe": -0.67,
            "roe_4q": -2.9899999999999993,
            "gross_profit": 22430,
            "gross_margin": 21.99,
            "gross_margin_4q_avg": 30.06,
            "net_income": -2655,
            "revenue": 101987,
            "common_shares": 439705,
            "book_valuer_per_share": 8.54,
            "book_valuer_per_share_4q_avg": 8.75,
            "equity": 393535,
            "current_ratio": 304.67,
            "debt_ratio": 25.84,
            "inventory_turnover_ratio": 0.47,
            "account_receivable_turnover_ratio": 1.16,
            "reinvestment_rate": null,
            "research_to_sale_ratio": 2.55,
            "price_fair": 29.4,
            "eps_avg_yearly": 0.84,
            "eps_latest_yearly": 0.84,
            "eps_growth_yearly": 440
        },
        "20191": {
            "year_quarter": 20191,
            "year": 2019,
            "quarter": 1,
            "eps": 0.09,
            "eps_growth_year": -57.14,
            "eps_4q": -0.35,
            "eps_4q_growth_year": null,
            "roe": 1.47,
            "roe_4q": -4.26,
            "gross_profit": 28681,
            "gross_margin": 29.16,
            "gross_margin_4q_avg": 27.1,
            "net_income": 5837,
            "revenue": 98370,
            "common_shares": 439705,
            "book_valuer_per_share": 8.63,
            "book_valuer_per_share_4q_avg": 8.68,
            "equity": 399441,
            "current_ratio": 448.28,
            "debt_ratio": 17.55,
            "inventory_turnover_ratio": 0.45,
            "account_receivable_turnover_ratio": 1.04,
            "reinvestment_rate": null,
            "research_to_sale_ratio": 2.97,
            "price_fair": 29.4,
            "eps_avg_yearly": 0.84,
            "eps_latest_yearly": 0.84,
            "eps_growth_yearly": 440
        },
        "20192": {
            "year_quarter": 20192,
            "year": 2019,
            "quarter": 2,
            "eps": 0.02,
            "eps_growth_year": null,
            "eps_4q": -0.25,
            "eps_4q_growth_year": -400.66,
            "roe": 0.39,
            "roe_4q": -2.09,
            "gross_profit": 25872,
            "gross_margin": 26.21,
            "gross_margin_4q_avg": 25.35,
            "net_income": 1542,
            "revenue": 98692,
            "common_shares": 439705,
            "book_valuer_per_share": 8.65,
            "book_valuer_per_share_4q_avg": 8.61,
            "equity": 401069,
            "current_ratio": 408.55,
            "debt_ratio": 19.17,
            "inventory_turnover_ratio": 0.54,
            "account_receivable_turnover_ratio": 1.11,
            "reinvestment_rate": null,
            "research_to_sale_ratio": 2.76,
            "price_fair": 16.1,
            "eps_avg_yearly": 0.46,
            "eps_latest_yearly": 0.08,
            "eps_growth_yearly": 64.44
        },
        "20193": {
            "year_quarter": 20193,
            "year": 2019,
            "quarter": 3,
            "eps": 0.04,
            "eps_growth_year": null,
            "eps_4q": 0.06,
            "eps_4q_growth_year": null,
            "roe": 1.24,
            "roe_4q": 2.4299999999999997,
            "gross_profit": 30927,
            "gross_margin": 28.21,
            "gross_margin_4q_avg": 26.39,
            "net_income": 4990,
            "revenue": 109645,
            "common_shares": 439705,
            "book_valuer_per_share": 8.69,
            "book_valuer_per_share_4q_avg": 8.63,
            "equity": 406014,
            "current_ratio": 331.22,
            "debt_ratio": 24.02,
            "inventory_turnover_ratio": 0.62,
            "account_receivable_turnover_ratio": 1.14,
            "reinvestment_rate": null,
            "research_to_sale_ratio": 2.48,
            "price_fair": 12.6,
            "eps_avg_yearly": 0.36,
            "eps_latest_yearly": 0.16,
            "eps_growth_yearly": 176.3
        },
        "20194": {
            "year_quarter": 20194,
            "year": 2019,
            "quarter": 4,
            "eps": 0.07,
            "eps_growth_year": null,
            "eps_4q": 0.22,
            "eps_4q_growth_year": null,
            "roe": 1.52,
            "roe_4q": 4.62,
            "gross_profit": 39184,
            "gross_margin": 33.08,
            "gross_margin_4q_avg": 29.17,
            "net_income": 6212,
            "revenue": 118456,
            "common_shares": 439705,
            "book_valuer_per_share": 8.75,
            "book_valuer_per_share_4q_avg": 8.68,
            "equity": 411818,
            "current_ratio": 301.4,
            "debt_ratio": 26.73,
            "inventory_turnover_ratio": 0.59,
            "account_receivable_turnover_ratio": 1.06,
            "reinvestment_rate": null,
            "research_to_sale_ratio": 2.26,
            "price_fair": 11.9,
            "eps_avg_yearly": 0.34,
            "eps_latest_yearly": 0.28,
            "eps_growth_yearly": 207.22
        },
        "20201": {
            "year_quarter": 20201,
            "year": 2020,
            "quarter": 1,
            "eps": 0.11,
            "eps_growth_year": 22.22,
            "eps_4q": 0.24,
            "eps_4q_growth_year": null,
            "roe": 1.73,
            "roe_4q": 4.88,
            "gross_profit": 29903,
            "gross_margin": 28.89,
            "gross_margin_4q_avg": 29.1,
            "net_income": 7194,
            "revenue": 103503,
            "common_shares": 439705,
            "book_valuer_per_share": 8.86,
            "book_valuer_per_share_4q_avg": 8.74,
            "equity": 419135,
            "current_ratio": 411.42,
            "debt_ratio": 19.34,
            "inventory_turnover_ratio": 0.58,
            "account_receivable_turnover_ratio": 0.89,
            "reinvestment_rate": null,
            "research_to_sale_ratio": 1.83,
            "price_fair": 12.6,
            "eps_avg_yearly": 0.36,
            "eps_latest_yearly": 0.44,
            "eps_growth_yearly": 211.49
        },
        "20202": {
            "year_quarter": 20202,
            "year": 2020,
            "quarter": 2,
            "eps": 0.36,
            "eps_growth_year": 1700,
            "eps_4q": 0.58,
            "eps_4q_growth_year": null,
            "roe": 4.84,
            "roe_4q": 9.33,
            "gross_profit": 52760,
            "gross_margin": 33.2,
            "gross_margin_4q_avg": 30.85,
            "net_income": 20797,
            "revenue": 158913,
            "common_shares": 439705,
            "book_valuer_per_share": 9.22,
            "book_valuer_per_share_4q_avg": 8.88,
            "equity": 439598,
            "current_ratio": 261.88,
            "debt_ratio": 31.47,
            "inventory_turnover_ratio": 0.84,
            "account_receivable_turnover_ratio": 1.2,
            "reinvestment_rate": null,
            "research_to_sale_ratio": 1.51,
            "price_fair": 18.9,
            "eps_avg_yearly": 0.54,
            "eps_latest_yearly": 1.44,
            "eps_growth_yearly": 327.76
        },
        "20203": {
            "year_quarter": 20203,
            "year": 2020,
            "quarter": 3,
            "eps": 1.03,
            "eps_growth_year": 2475,
            "eps_4q": 1.57,
            "eps_4q_growth_year": 2698.27,
            "roe": 11.14,
            "roe_4q": 19.23,
            "gross_profit": 76281,
            "gross_margin": 32.97,
            "gross_margin_4q_avg": 32.04,
            "net_income": 52524,
            "revenue": 231355,
            "common_shares": 439705,
            "book_valuer_per_share": 10.22,
            "book_valuer_per_share_4q_avg": 9.26,
            "equity": 503758,
            "current_ratio": 257.85,
            "debt_ratio": 33.32,
            "inventory_turnover_ratio": 1.13,
            "account_receivable_turnover_ratio": 1.27,
            "reinvestment_rate": -79.14,
            "research_to_sale_ratio": 1,
            "price_fair": 36.8,
            "eps_avg_yearly": 1.05,
            "eps_latest_yearly": 4.12,
            "eps_growth_yearly": 387.29
        },
        "20204": {
            "year_quarter": 20204,
            "year": 2020,
            "quarter": 4,
            "eps": 0.18,
            "eps_growth_year": 151.02,
            "eps_4q": 1.68,
            "eps_4q_growth_year": 670.33,
            "roe": 1.85,
            "roe_4q": 19.56,
            "gross_profit": 43574,
            "gross_margin": 23.76,
            "gross_margin_4q_avg": 29.71,
            "net_income": 9415,
            "revenue": 183427,
            "common_shares": 439705,
            "book_valuer_per_share": 10.41,
            "book_valuer_per_share_4q_avg": 9.68,
            "equity": 513405,
            "current_ratio": 231.52,
            "debt_ratio": 36.87,
            "inventory_turnover_ratio": 0.83,
            "account_receivable_turnover_ratio": 0.9,
            "reinvestment_rate": -61.32,
            "research_to_sale_ratio": 2,
            "price_fair": 35.35,
            "eps_avg_yearly": 1.01,
            "eps_latest_yearly": 0.72,
            "eps_growth_yearly": 297.61
        },
        "20211": {
            "year_quarter": 20211,
            "year": 2021,
            "quarter": 1,
            "eps": 0.31,
            "eps_growth_year": 181.82,
            "eps_4q": 1.88,
            "eps_4q_growth_year": 692.05,
            "roe": 3.75,
            "roe_4q": 21.580000000000002,
            "gross_profit": 55788,
            "gross_margin": 27.7,
            "gross_margin_4q_avg": 29.41,
            "net_income": 19634,
            "revenue": 201436,
            "common_shares": 439705,
            "book_valuer_per_share": 10.71,
            "book_valuer_per_share_4q_avg": 10.14,
            "equity": 533022,
            "current_ratio": 248.65,
            "debt_ratio": 34.46,
            "inventory_turnover_ratio": 0.75,
            "account_receivable_turnover_ratio": 0.95,
            "reinvestment_rate": -24.54,
            "research_to_sale_ratio": 1.28,
            "price_fair": 36.24,
            "eps_avg_yearly": 1.04,
            "eps_latest_yearly": 1.24,
            "eps_growth_yearly": 296.64
        },
        "20212": {
            "year_quarter": 20212,
            "year": 2021,
            "quarter": 2,
            "eps": 0.25,
            "eps_growth_year": -30.56,
            "eps_4q": 1.77,
            "eps_4q_growth_year": 207.51,
            "roe": 3.26,
            "roe_4q": 20,
            "gross_profit": 50722,
            "gross_margin": 27.98,
            "gross_margin_4q_avg": 28.1,
            "net_income": 17591,
            "revenue": 181286,
            "common_shares": 439705,
            "book_valuer_per_share": 11.01,
            "book_valuer_per_share_4q_avg": 10.59,
            "equity": 544543,
            "current_ratio": 235.46,
            "debt_ratio": 36.83,
            "inventory_turnover_ratio": 0.57,
            "account_receivable_turnover_ratio": 0.92,
            "reinvestment_rate": -16.92,
            "research_to_sale_ratio": 1.78,
            "price_fair": 36.12,
            "eps_avg_yearly": 1.03,
            "eps_latest_yearly": 1,
            "eps_growth_yearly": 259.24
        },
        "20213": {
            "year_quarter": 20213,
            "year": 2021,
            "quarter": 3,
            "eps": 0.09,
            "eps_growth_year": -91.26,
            "eps_4q": 0.83,
            "eps_4q_growth_year": -46.9,
            "roe": 0.85,
            "roe_4q": 9.709999999999999,
            "gross_profit": 42800,
            "gross_margin": 32.64,
            "gross_margin_4q_avg": 28.02,
            "net_income": 4655,
            "revenue": 131120,
            "common_shares": 439705,
            "book_valuer_per_share": 11.1,
            "book_valuer_per_share_4q_avg": 10.81,
            "equity": 549104,
            "current_ratio": 251.92,
            "debt_ratio": 34.26,
            "inventory_turnover_ratio": 0.3,
            "account_receivable_turnover_ratio": 0.86,
            "reinvestment_rate": 27.29,
            "research_to_sale_ratio": 2,
            "price_fair": 33.98,
            "eps_avg_yearly": 0.97,
            "eps_latest_yearly": 0.36,
            "eps_growth_yearly": 212.4
        },
        "20214": {
            "year_quarter": 20214,
            "year": 2021,
            "quarter": 4,
            "eps": 0.48,
            "eps_growth_year": 169.32,
            "eps_4q": 1.14,
            "eps_4q_growth_year": -32.19,
            "roe": 4.68,
            "roe_4q": 12.54,
            "gross_profit": 46541,
            "gross_margin": 25.8,
            "gross_margin_4q_avg": 28.53,
            "net_income": 26187,
            "revenue": 180359,
            "common_shares": 439705,
            "book_valuer_per_share": 11.59,
            "book_valuer_per_share_4q_avg": 11.1,
            "equity": 570208,
            "current_ratio": 356.9,
            "debt_ratio": 27.37,
            "inventory_turnover_ratio": 0.45,
            "account_receivable_turnover_ratio": 1.1,
            "reinvestment_rate": 22.44,
            "research_to_sale_ratio": 1.49,
            "price_fair": 36.75,
            "eps_avg_yearly": 1.05,
            "eps_latest_yearly": 1.92,
            "eps_growth_yearly": 339.14
        },
        "20221": {
            "year_quarter": 20221,
            "year": 2022,
            "quarter": 1,
            "eps": 0.06,
            "eps_growth_year": -80.65,
            "eps_4q": 0.89,
            "eps_4q_growth_year": -52.62,
            "roe": 0.44,
            "roe_4q": 9.23,
            "gross_profit": 32321,
            "gross_margin": 27.76,
            "gross_margin_4q_avg": 28.55,
            "net_income": 2501,
            "revenue": 116412,
            "common_shares": 439705,
            "book_valuer_per_share": 11.65,
            "book_valuer_per_share_4q_avg": 11.34,
            "equity": 572981,
            "current_ratio": 497.86,
            "debt_ratio": 21.52,
            "inventory_turnover_ratio": 0.33,
            "account_receivable_turnover_ratio": 0.72,
            "reinvestment_rate": 22.82,
            "research_to_sale_ratio": 2.27,
            "price_fair": 35,
            "eps_avg_yearly": 1,
            "eps_latest_yearly": 0.24,
            "eps_growth_yearly": 273.31
        },
        "20222": {
            "year_quarter": 20222,
            "year": 2022,
            "quarter": 2,
            "eps": -0.19,
            "eps_growth_year": -176,
            "eps_4q": 0.45,
            "eps_4q_growth_year": -74.76,
            "roe": -0.93,
            "roe_4q": 5.039999999999999,
            "gross_profit": 28957,
            "gross_margin": 29.96,
            "gross_margin_4q_avg": 29.04,
            "net_income": -5220,
            "revenue": 96649,
            "common_shares": 439705,
            "book_valuer_per_share": 11.47,
            "book_valuer_per_share_4q_avg": 11.45,
            "equity": 552598,
            "current_ratio": 490.52,
            "debt_ratio": 20.39,
            "inventory_turnover_ratio": 0.3,
            "account_receivable_turnover_ratio": 0.8,
            "reinvestment_rate": 23.17,
            "research_to_sale_ratio": 2.11,
            "price_fair": 35,
            "eps_avg_yearly": 1,
            "eps_latest_yearly": 0.24,
            "eps_growth_yearly": 273.31
        },
        "20223": {
            "year_quarter": 20223,
            "year": 2022,
            "quarter": 3,
            "eps": 0.16,
            "eps_growth_year": 77.78,
            "eps_4q": 0.51,
            "eps_4q_growth_year": -38.2,
            "roe": 2.47,
            "roe_4q": 6.66,
            "gross_profit": 35168,
            "gross_margin": 28.04,
            "gross_margin_4q_avg": 27.89,
            "net_income": 13828,
            "revenue": 125407,
            "common_shares": 439705,
            "book_valuer_per_share": 11.64,
            "book_valuer_per_share_4q_avg": 11.59,
            "equity": 566807,
            "current_ratio": 523.02,
            "debt_ratio": 19.25,
            "inventory_turnover_ratio": 0.46,
            "account_receivable_turnover_ratio": 1.04,
            "reinvestment_rate": 18,
            "research_to_sale_ratio": 1.61,
            "price_fair": 35,
            "eps_avg_yearly": 1,
            "eps_latest_yearly": 0.24,
            "eps_growth_yearly": 273.31
        },
        "20224": {
            "year_quarter": 20224,
            "year": 2022,
            "quarter": 4,
            "eps": -0.01,
            "eps_growth_year": -101.46,
            "eps_4q": 0.02,
            "eps_4q_growth_year": -97.88,
            "roe": -0.42,
            "roe_4q": 1.56,
            "gross_profit": 30221,
            "gross_margin": 27.08,
            "gross_margin_4q_avg": 28.21,
            "net_income": -2387,
            "revenue": 111616,
            "common_shares": 439705,
            "book_valuer_per_share": 11.63,
            "book_valuer_per_share_4q_avg": 11.6,
            "equity": 564273,
            "current_ratio": 467.91,
            "debt_ratio": 20.32,
            "inventory_turnover_ratio": 0.52,
            "account_receivable_turnover_ratio": 0.75,
            "reinvestment_rate": 18.39,
            "research_to_sale_ratio": 1.98,
            "price_fair": 35,
            "eps_avg_yearly": 1,
            "eps_latest_yearly": 0.24,
            "eps_growth_yearly": 273.31
        },
        "20231": {
            "year_quarter": 20231,
            "year": 2023,
            "quarter": 1,
            "eps": 0.34,
            "eps_growth_year": 466.67,
            "eps_4q": 0.3,
            "eps_4q_growth_year": -65.96,
            "roe": 3.07,
            "roe_4q": 4.19,
            "gross_profit": 39668,
            "gross_margin": 37.41,
            "gross_margin_4q_avg": 30.62,
            "net_income": 17613,
            "revenue": 106023,
            "common_shares": 439705,
            "book_valuer_per_share": 11.97,
            "book_valuer_per_share_4q_avg": 11.68,
            "equity": 581890,
            "current_ratio": 461.33,
            "debt_ratio": 19.96,
            "inventory_turnover_ratio": 0.51,
            "account_receivable_turnover_ratio": 0.68,
            "reinvestment_rate": 16.24,
            "research_to_sale_ratio": 2.11,
            "price_fair": 35,
            "eps_avg_yearly": 1,
            "eps_latest_yearly": 0.24,
            "eps_growth_yearly": 273.31
        },
        "20232": {
            "year_quarter": 20232,
            "year": 2023,
            "quarter": 2,
            "eps": 0.03,
            "eps_growth_year": null,
            "eps_4q": 0.52,
            "eps_4q_growth_year": 15.89,
            "roe": 1.34,
            "roe_4q": 6.460000000000001,
            "gross_profit": 38462,
            "gross_margin": 29.31,
            "gross_margin_4q_avg": 30.46,
            "net_income": 7825,
            "revenue": 131239,
            "common_shares": 439705,
            "book_valuer_per_share": 11.99,
            "book_valuer_per_share_4q_avg": 11.81,
            "equity": 583586,
            "current_ratio": 306.83,
            "debt_ratio": 28.97,
            "inventory_turnover_ratio": 0.67,
            "account_receivable_turnover_ratio": 0.9,
            "reinvestment_rate": 22.28,
            "research_to_sale_ratio": 2.2,
            "price_fair": 35.12,
            "eps_avg_yearly": 1,
            "eps_latest_yearly": 0.12,
            "eps_growth_yearly": 268.84
        }
    },
    "months": {
        "2004-02": {
            "month": "2004-02",
            "price": "66.83",
            "revenue": 71758
        },
        "2004-03": {
            "month": "2004-03",
            "price": "67.50",
            "revenue": 49274
        },
        "2004-04": {
            "month": "2004-04",
            "price": "70.24",
            "revenue": 58583
        },
        "2004-05": {
            "month": "2004-05",
            "price": "72.65",
            "revenue": 49856
        },
        "2005-01": {
            "month": "2005-01",
            "price": "42.43",
            "revenue": 73531
        },
        "2005-02": {
            "month": "2005-02",
            "price": "43.49",
            "revenue": 47852
        },
        "2005-03": {
            "month": "2005-03",
            "price": "42.69",
            "revenue": 68341
        },
        "2005-04": {
            "month": "2005-04",
            "price": "42.00",
            "revenue": 47684
        },
        "2005-05": {
            "month": "2005-05",
            "price": "33.15",
            "revenue": 61484
        },
        "2005-06": {
            "month": "2005-06",
            "price": "28.29",
            "revenue": 61263
        },
        "2005-07": {
            "month": "2005-07",
            "price": "33.51",
            "revenue": 61572
        },
        "2005-08": {
            "month": "2005-08",
            "price": "38.30",
            "revenue": 61373
        },
        "2005-09": {
            "month": "2005-09",
            "price": "29.90",
            "revenue": 65896
        },
        "2005-10": {
            "month": "2005-10",
            "price": "27.70",
            "revenue": 82589
        },
        "2005-11": {
            "month": "2005-11",
            "price": "26.81",
            "revenue": 94585
        },
        "2005-12": {
            "month": "2005-12",
            "price": "30.44",
            "revenue": 57512
        },
        "2006-01": {
            "month": "2006-01",
            "price": "39.13",
            "revenue": 79327
        },
        "2006-02": {
            "month": "2006-02",
            "price": "33.85",
            "revenue": 53994
        },
        "2006-03": {
            "month": "2006-03",
            "price": "33.02",
            "revenue": 87500
        },
        "2006-04": {
            "month": "2006-04",
            "price": "33.60",
            "revenue": 64936
        },
        "2006-05": {
            "month": "2006-05",
            "price": "35.91",
            "revenue": 63352
        },
        "2006-06": {
            "month": "2006-06",
            "price": "36.72",
            "revenue": 55924
        },
        "2006-07": {
            "month": "2006-07",
            "price": "35.73",
            "revenue": 62724
        },
        "2006-08": {
            "month": "2006-08",
            "price": "35.13",
            "revenue": 75586
        },
        "2006-09": {
            "month": "2006-09",
            "price": "33.65",
            "revenue": 54927
        },
        "2006-10": {
            "month": "2006-10",
            "price": "24.22",
            "revenue": 36139
        },
        "2006-11": {
            "month": "2006-11",
            "price": "21.06",
            "revenue": 41974
        },
        "2006-12": {
            "month": "2006-12",
            "price": "16.80",
            "revenue": 67048
        },
        "2007-01": {
            "month": "2007-01",
            "price": "17.50",
            "revenue": 51772
        },
        "2007-02": {
            "month": "2007-02",
            "price": "18.56",
            "revenue": 51436
        },
        "2007-03": {
            "month": "2007-03",
            "price": "18.46",
            "revenue": 51001
        },
        "2007-04": {
            "month": "2007-04",
            "price": "20.15",
            "revenue": 58157
        },
        "2007-05": {
            "month": "2007-05",
            "price": "22.42",
            "revenue": 46651
        },
        "2007-06": {
            "month": "2007-06",
            "price": "32.39",
            "revenue": 62017
        },
        "2007-07": {
            "month": "2007-07",
            "price": "31.88",
            "revenue": 72725
        },
        "2007-08": {
            "month": "2007-08",
            "price": "29.37",
            "revenue": 56685
        },
        "2007-09": {
            "month": "2007-09",
            "price": "24.80",
            "revenue": 54196
        },
        "2007-10": {
            "month": "2007-10",
            "price": "25.11",
            "revenue": 74946
        },
        "2007-11": {
            "month": "2007-11",
            "price": "21.11",
            "revenue": 58576
        },
        "2007-12": {
            "month": "2007-12",
            "price": "18.76",
            "revenue": 54356
        },
        "2008-01": {
            "month": "2008-01",
            "price": "12.29",
            "revenue": 52474
        },
        "2008-02": {
            "month": "2008-02",
            "price": "11.76",
            "revenue": 36374
        },
        "2008-03": {
            "month": "2008-03",
            "price": "13.77",
            "revenue": 77200
        },
        "2008-04": {
            "month": "2008-04",
            "price": "17.51",
            "revenue": 72498
        },
        "2008-05": {
            "month": "2008-05",
            "price": "18.13",
            "revenue": 60609
        },
        "2008-06": {
            "month": "2008-06",
            "price": "15.88",
            "revenue": 46615
        },
        "2008-07": {
            "month": "2008-07",
            "price": "12.87",
            "revenue": 57301
        },
        "2008-08": {
            "month": "2008-08",
            "price": "11.78",
            "revenue": 68719
        },
        "2008-09": {
            "month": "2008-09",
            "price": "8.89",
            "revenue": 79276
        },
        "2008-10": {
            "month": "2008-10",
            "price": "8.34",
            "revenue": 48018
        },
        "2008-11": {
            "month": "2008-11",
            "price": "7.71",
            "revenue": 43288
        },
        "2008-12": {
            "month": "2008-12",
            "price": "7.18",
            "revenue": 34090
        },
        "2009-01": {
            "month": "2009-01",
            "price": "7.66",
            "revenue": 47701
        },
        "2009-02": {
            "month": "2009-02",
            "price": "7.91",
            "revenue": 57079
        },
        "2009-03": {
            "month": "2009-03",
            "price": "9.37",
            "revenue": 50127
        },
        "2009-04": {
            "month": "2009-04",
            "price": "13.57",
            "revenue": 67013
        },
        "2009-05": {
            "month": "2009-05",
            "price": "22.11",
            "revenue": 67581
        },
        "2009-06": {
            "month": "2009-06",
            "price": "23.12",
            "revenue": 71910
        },
        "2009-07": {
            "month": "2009-07",
            "price": "29.99",
            "revenue": 68223
        },
        "2009-08": {
            "month": "2009-08",
            "price": "29.55",
            "revenue": 58234
        },
        "2009-09": {
            "month": "2009-09",
            "price": "27.88",
            "revenue": 75277
        },
        "2009-10": {
            "month": "2009-10",
            "price": "25.96",
            "revenue": 69954
        },
        "2009-11": {
            "month": "2009-11",
            "price": "24.10",
            "revenue": 74360
        },
        "2009-12": {
            "month": "2009-12",
            "price": "26.00",
            "revenue": 59915
        },
        "2010-01": {
            "month": "2010-01",
            "price": "27.22",
            "revenue": 72900
        },
        "2010-02": {
            "month": "2010-02",
            "price": "23.43",
            "revenue": 73331
        },
        "2010-03": {
            "month": "2010-03",
            "price": "26.75",
            "revenue": 90009
        },
        "2010-04": {
            "month": "2010-04",
            "price": "27.51",
            "revenue": 83084
        },
        "2010-05": {
            "month": "2010-05",
            "price": "24.98",
            "revenue": 101538
        },
        "2010-06": {
            "month": "2010-06",
            "price": "26.44",
            "revenue": 104179
        },
        "2010-07": {
            "month": "2010-07",
            "price": "27.15",
            "revenue": 83515
        },
        "2010-08": {
            "month": "2010-08",
            "price": "24.80",
            "revenue": 86713
        },
        "2010-09": {
            "month": "2010-09",
            "price": "26.18",
            "revenue": 88049
        },
        "2010-10": {
            "month": "2010-10",
            "price": "24.86",
            "revenue": 61339
        },
        "2010-11": {
            "month": "2010-11",
            "price": "22.45",
            "revenue": 72503
        },
        "2010-12": {
            "month": "2010-12",
            "price": "22.93",
            "revenue": 54378
        },
        "2011-01": {
            "month": "2011-01",
            "price": "23.02",
            "revenue": 68442
        },
        "2011-02": {
            "month": "2011-02",
            "price": "21.16",
            "revenue": 60554
        },
        "2011-03": {
            "month": "2011-03",
            "price": "21.15",
            "revenue": 70342
        },
        "2011-04": {
            "month": "2011-04",
            "price": "19.25",
            "revenue": 76512
        },
        "2011-05": {
            "month": "2011-05",
            "price": "16.53",
            "revenue": 65811
        },
        "2011-06": {
            "month": "2011-06",
            "price": "15.44",
            "revenue": 66128
        },
        "2011-07": {
            "month": "2011-07",
            "price": "12.79",
            "revenue": 61845
        },
        "2011-08": {
            "month": "2011-08",
            "price": "10.45",
            "revenue": 70993
        },
        "2011-09": {
            "month": "2011-09",
            "price": "10.20",
            "revenue": 68365
        },
        "2011-10": {
            "month": "2011-10",
            "price": "9.96",
            "revenue": 74187
        },
        "2011-11": {
            "month": "2011-11",
            "price": "10.28",
            "revenue": 81513
        },
        "2011-12": {
            "month": "2011-12",
            "price": "9.95",
            "revenue": 62441
        },
        "2012-01": {
            "month": "2012-01",
            "price": "9.93",
            "revenue": 53780
        },
        "2012-02": {
            "month": "2012-02",
            "price": "11.91",
            "revenue": 60467
        },
        "2012-03": {
            "month": "2012-03",
            "price": "11.29",
            "revenue": 59450
        },
        "2012-04": {
            "month": "2012-04",
            "price": "9.64",
            "revenue": 63582
        },
        "2012-05": {
            "month": "2012-05",
            "price": "9.41",
            "revenue": 85650
        },
        "2012-06": {
            "month": "2012-06",
            "price": "9.16",
            "revenue": 80394
        },
        "2012-07": {
            "month": "2012-07",
            "price": "9.28",
            "revenue": 73928
        },
        "2012-08": {
            "month": "2012-08",
            "price": "9.38",
            "revenue": 116019
        },
        "2012-09": {
            "month": "2012-09",
            "price": "10.27",
            "revenue": 74782
        },
        "2012-10": {
            "month": "2012-10",
            "price": "9.10",
            "revenue": 68478
        },
        "2012-11": {
            "month": "2012-11",
            "price": "7.25",
            "revenue": 100415
        },
        "2012-12": {
            "month": "2012-12",
            "price": "7.65",
            "revenue": 66883
        },
        "2013-01": {
            "month": "2013-01",
            "price": "8.10",
            "revenue": 63621
        },
        "2013-02": {
            "month": "2013-02",
            "price": "8.12",
            "revenue": 35395
        },
        "2013-03": {
            "month": "2013-03",
            "price": "7.95",
            "revenue": 43638
        },
        "2013-04": {
            "month": "2013-04",
            "price": "8.06",
            "revenue": 85359
        },
        "2013-05": {
            "month": "2013-05",
            "price": "8.76",
            "revenue": 86524
        },
        "2013-06": {
            "month": "2013-06",
            "price": "8.93",
            "revenue": 56826
        },
        "2013-07": {
            "month": "2013-07",
            "price": "8.47",
            "revenue": 70915
        },
        "2013-08": {
            "month": "2013-08",
            "price": "8.65",
            "revenue": 70190
        },
        "2013-09": {
            "month": "2013-09",
            "price": "8.98",
            "revenue": 55404
        },
        "2013-10": {
            "month": "2013-10",
            "price": "9.10",
            "revenue": 48750
        },
        "2013-11": {
            "month": "2013-11",
            "price": "10.12",
            "revenue": 81559
        },
        "2013-12": {
            "month": "2013-12",
            "price": "11.84",
            "revenue": 55416
        },
        "2014-01": {
            "month": "2014-01",
            "price": "12.94",
            "revenue": 44896
        },
        "2014-02": {
            "month": "2014-02",
            "price": "13.32",
            "revenue": 24132
        },
        "2014-03": {
            "month": "2014-03",
            "price": "13.71",
            "revenue": 59030
        },
        "2014-04": {
            "month": "2014-04",
            "price": "12.44",
            "revenue": 60087
        },
        "2014-05": {
            "month": "2014-05",
            "price": "10.53",
            "revenue": 42906
        },
        "2014-06": {
            "month": "2014-06",
            "price": "10.87",
            "revenue": 60149
        },
        "2014-07": {
            "month": "2014-07",
            "price": "11.19",
            "revenue": 47636
        },
        "2014-08": {
            "month": "2014-08",
            "price": "10.27",
            "revenue": 58703
        },
        "2014-09": {
            "month": "2014-09",
            "price": "9.89",
            "revenue": 53529
        },
        "2014-10": {
            "month": "2014-10",
            "price": "8.88",
            "revenue": 62629
        },
        "2014-11": {
            "month": "2014-11",
            "price": "8.64",
            "revenue": 41940
        },
        "2014-12": {
            "month": "2014-12",
            "price": "9.27",
            "revenue": 26490
        },
        "2015-01": {
            "month": "2015-01",
            "price": "9.10",
            "revenue": 32143
        },
        "2015-02": {
            "month": "2015-02",
            "price": "9.06",
            "revenue": 26777
        },
        "2015-03": {
            "month": "2015-03",
            "price": "10.21",
            "revenue": 30770
        },
        "2015-04": {
            "month": "2015-04",
            "price": "10.22",
            "revenue": 43860
        },
        "2015-05": {
            "month": "2015-05",
            "price": "9.99",
            "revenue": 30333
        },
        "2015-06": {
            "month": "2015-06",
            "price": "8.52",
            "revenue": 36105
        },
        "2015-07": {
            "month": "2015-07",
            "price": "7.79",
            "revenue": 30324
        },
        "2015-08": {
            "month": "2015-08",
            "price": "7.06",
            "revenue": 38531
        },
        "2015-09": {
            "month": "2015-09",
            "price": "7.35",
            "revenue": 30082
        },
        "2015-10": {
            "month": "2015-10",
            "price": "9.05",
            "revenue": 30478
        },
        "2015-11": {
            "month": "2015-11",
            "price": "9.01",
            "revenue": 39726
        },
        "2015-12": {
            "month": "2015-12",
            "price": "8.10",
            "revenue": 35312
        },
        "2016-01": {
            "month": "2016-01",
            "price": "7.47",
            "revenue": 21731
        },
        "2016-02": {
            "month": "2016-02",
            "price": "7.40",
            "revenue": 25160
        },
        "2016-03": {
            "month": "2016-03",
            "price": "7.52",
            "revenue": 38904
        },
        "2016-04": {
            "month": "2016-04",
            "price": "7.08",
            "revenue": 34057
        },
        "2016-05": {
            "month": "2016-05",
            "price": "6.74",
            "revenue": 33409
        },
        "2016-06": {
            "month": "2016-06",
            "price": "6.50",
            "revenue": 33354
        },
        "2016-07": {
            "month": "2016-07",
            "price": "6.91",
            "revenue": 40660
        },
        "2016-08": {
            "month": "2016-08",
            "price": "6.67",
            "revenue": 33206
        },
        "2016-09": {
            "month": "2016-09",
            "price": "6.34",
            "revenue": 36787
        },
        "2016-10": {
            "month": "2016-10",
            "price": "6.52",
            "revenue": 35402
        },
        "2016-11": {
            "month": "2016-11",
            "price": "6.48",
            "revenue": 43618
        },
        "2016-12": {
            "month": "2016-12",
            "price": "6.84",
            "revenue": 31967
        },
        "2017-01": {
            "month": "2017-01",
            "price": "7.00",
            "revenue": 24705
        },
        "2017-02": {
            "month": "2017-02",
            "price": "7.16",
            "revenue": 22258
        },
        "2017-03": {
            "month": "2017-03",
            "price": "7.03",
            "revenue": 34516
        },
        "2017-04": {
            "month": "2017-04",
            "price": "6.58",
            "revenue": 19785
        },
        "2017-05": {
            "month": "2017-05",
            "price": "7.05",
            "revenue": 19000
        },
        "2017-06": {
            "month": "2017-06",
            "price": "6.98",
            "revenue": 27961
        },
        "2017-07": {
            "month": "2017-07",
            "price": "6.90",
            "revenue": 23979
        },
        "2017-08": {
            "month": "2017-08",
            "price": "6.67",
            "revenue": 27549
        },
        "2017-09": {
            "month": "2017-09",
            "price": "6.78",
            "revenue": 25167
        },
        "2017-10": {
            "month": "2017-10",
            "price": "6.74",
            "revenue": 30552
        },
        "2017-11": {
            "month": "2017-11",
            "price": "6.61",
            "revenue": 32518
        },
        "2017-12": {
            "month": "2017-12",
            "price": "8.13",
            "revenue": 39511
        },
        "2018-01": {
            "month": "2018-01",
            "price": "7.89",
            "revenue": 51174
        },
        "2018-02": {
            "month": "2018-02",
            "price": "8.51",
            "revenue": 32958
        },
        "2018-03": {
            "month": "2018-03",
            "price": "11.93",
            "revenue": 17395
        },
        "2018-04": {
            "month": "2018-04",
            "price": "10.32",
            "revenue": 22118
        },
        "2018-05": {
            "month": "2018-05",
            "price": "9.82",
            "revenue": 22291
        },
        "2018-06": {
            "month": "2018-06",
            "price": "11.60",
            "revenue": 30118
        },
        "2018-07": {
            "month": "2018-07",
            "price": "10.27",
            "revenue": 24311
        },
        "2018-08": {
            "month": "2018-08",
            "price": "9.68",
            "revenue": 26801
        },
        "2018-09": {
            "month": "2018-09",
            "price": "8.86",
            "revenue": 21983
        },
        "2018-10": {
            "month": "2018-10",
            "price": "8.27",
            "revenue": 39010
        },
        "2018-11": {
            "month": "2018-11",
            "price": "8.06",
            "revenue": 30609
        },
        "2018-12": {
            "month": "2018-12",
            "price": "7.88",
            "revenue": 32368
        },
        "2019-01": {
            "month": "2019-01",
            "price": "7.57",
            "revenue": 42991
        },
        "2019-02": {
            "month": "2019-02",
            "price": "7.50",
            "revenue": 28675
        },
        "2019-03": {
            "month": "2019-03",
            "price": "7.42",
            "revenue": 26704
        },
        "2019-04": {
            "month": "2019-04",
            "price": "7.86",
            "revenue": 28586
        },
        "2019-05": {
            "month": "2019-05",
            "price": "7.79",
            "revenue": 37867
        },
        "2019-06": {
            "month": "2019-06",
            "price": "7.75",
            "revenue": 32239
        },
        "2019-07": {
            "month": "2019-07",
            "price": "7.80",
            "revenue": 29911
        },
        "2019-08": {
            "month": "2019-08",
            "price": "7.68",
            "revenue": 40567
        },
        "2019-09": {
            "month": "2019-09",
            "price": "8.19",
            "revenue": 39167
        },
        "2019-10": {
            "month": "2019-10",
            "price": "8.72",
            "revenue": 30446
        },
        "2019-11": {
            "month": "2019-11",
            "price": "8.06",
            "revenue": 43299
        },
        "2019-12": {
            "month": "2019-12",
            "price": "8.79",
            "revenue": 44711
        },
        "2020-01": {
            "month": "2020-01",
            "price": "9.18",
            "revenue": 42334
        },
        "2020-02": {
            "month": "2020-02",
            "price": "8.65",
            "revenue": 27903
        },
        "2020-03": {
            "month": "2020-03",
            "price": "7.00",
            "revenue": 33266
        },
        "2020-04": {
            "month": "2020-04",
            "price": "7.45",
            "revenue": 35477
        },
        "2020-05": {
            "month": "2020-05",
            "price": "8.25",
            "revenue": 53399
        },
        "2020-06": {
            "month": "2020-06",
            "price": "10.02",
            "revenue": 70037
        },
        "2020-07": {
            "month": "2020-07",
            "price": "13.88",
            "revenue": 75501
        },
        "2020-08": {
            "month": "2020-08",
            "price": "18.75",
            "revenue": 75514
        },
        "2020-09": {
            "month": "2020-09",
            "price": "30.92",
            "revenue": 80340
        },
        "2020-10": {
            "month": "2020-10",
            "price": "26.59",
            "revenue": 57405
        },
        "2020-11": {
            "month": "2020-11",
            "price": "31.73",
            "revenue": 50757
        },
        "2020-12": {
            "month": "2020-12",
            "price": "27.50",
            "revenue": 75265
        },
        "2021-01": {
            "month": "2021-01",
            "price": "25.52",
            "revenue": 82408
        },
        "2021-02": {
            "month": "2021-02",
            "price": "25.50",
            "revenue": 65322
        },
        "2021-03": {
            "month": "2021-03",
            "price": "28.19",
            "revenue": 53706
        },
        "2021-04": {
            "month": "2021-04",
            "price": "27.02",
            "revenue": 66229
        },
        "2021-05": {
            "month": "2021-05",
            "price": "22.24",
            "revenue": 53931
        },
        "2021-06": {
            "month": "2021-06",
            "price": "21.76",
            "revenue": 61126
        },
        "2021-07": {
            "month": "2021-07",
            "price": "19.45",
            "revenue": 47168
        },
        "2021-08": {
            "month": "2021-08",
            "price": "16.95",
            "revenue": 40920
        },
        "2021-09": {
            "month": "2021-09",
            "price": "16.86",
            "revenue": 43032
        },
        "2021-10": {
            "month": "2021-10",
            "price": "15.49",
            "revenue": 77711
        },
        "2021-11": {
            "month": "2021-11",
            "price": "17.89",
            "revenue": 56266
        },
        "2021-12": {
            "month": "2021-12",
            "price": "18.71",
            "revenue": 46382
        },
        "2022-01": {
            "month": "2022-01",
            "price": "17.28",
            "revenue": 48230
        },
        "2022-02": {
            "month": "2022-02",
            "price": "16.23",
            "revenue": 34749
        },
        "2022-03": {
            "month": "2022-03",
            "price": "15.83",
            "revenue": 33433
        },
        "2022-04": {
            "month": "2022-04",
            "price": "15.83",
            "revenue": 47830
        },
        "2022-05": {
            "month": "2022-05",
            "price": "13.84",
            "revenue": 21950
        },
        "2022-06": {
            "month": "2022-06",
            "price": "13.58",
            "revenue": 26869
        },
        "2022-07": {
            "month": "2022-07",
            "price": "12.18",
            "revenue": 39801
        },
        "2022-08": {
            "month": "2022-08",
            "price": "14.68",
            "revenue": 40696
        },
        "2022-09": {
            "month": "2022-09",
            "price": "14.54",
            "revenue": 44910
        },
        "2022-10": {
            "month": "2022-10",
            "price": "12.12",
            "revenue": 34024
        },
        "2022-11": {
            "month": "2022-11",
            "price": "13.56",
            "revenue": 31120
        },
        "2022-12": {
            "month": "2022-12",
            "price": "14.13",
            "revenue": 46472
        },
        "2023-01": {
            "month": "2023-01",
            "price": "13.29",
            "revenue": 38138
        },
        "2023-02": {
            "month": "2023-02",
            "price": "13.66",
            "revenue": 25786
        },
        "2023-03": {
            "month": "2023-03",
            "price": "13.67",
            "revenue": 42099
        },
        "2023-04": {
            "month": "2023-04",
            "price": "14.18",
            "revenue": 39025
        },
        "2023-05": {
            "month": "2023-05",
            "price": "15.92",
            "revenue": 32513
        },
        "2023-06": {
            "month": "2023-06",
            "price": "20.88",
            "revenue": 60980
        },
        "2023-07": {
            "month": "2023-07",
            "price": "27.33",
            "revenue": 58151
        },
        "2023-08": {
            "month": "2023-08",
            "price": "25.18",
            "revenue": 61065
        }
    }
}
