{
    "summary": {
        "stock_name": "點晶",
        "stock_id": "3288",
        "category": "電子零組件",
        "main_business": "電子零組件製造業<br>研究、開發、生產、製造、銷售無刷式風扇馬達驅動晶片<br>研究、開發、生產、製造、銷售混和數位及類比晶片",
        "website_url": "http://www.siti.com.tw",
        "ceo": "金際遠",
        "pe_ratio": 100,
        "report_year_from": 2003,
        "report_year_to": 2023,
        "age": 20,
        "eps_negative_percentage": 48,
        "eps_growth_avg": {
            "last_all": -35.82,
            "last_2y": -100,
            "last_4y": -10,
            "last_8y": -10,
            "last_12y": -40,
            "last_16y": -45.57,
            "last_20y": null,
            "at_2006_last_3y": null,
            "at_2007_last_3y": -2.27,
            "at_2008_last_3y": -35.81,
            "at_2009_last_3y": -49.74,
            "at_2010_last_3y": -53.61,
            "at_2011_last_3y": -97.77,
            "at_2012_last_3y": -100,
            "at_2013_last_3y": -100,
            "at_2014_last_3y": -100,
            "at_2015_last_3y": null,
            "at_2016_last_3y": null,
            "at_2017_last_3y": null,
            "at_2018_last_3y": null,
            "at_2019_last_3y": 80,
            "at_2020_last_3y": -10,
            "at_2021_last_3y": -10,
            "at_2022_last_3y": -10,
            "at_2023_last_3y": -10,
            "at_2006_last_all": -13.85,
            "at_2007_last_all": -2.27,
            "at_2008_last_all": -20.48,
            "at_2009_last_all": -33.73,
            "at_2010_last_all": -33.73,
            "at_2011_last_all": -43.2,
            "at_2012_last_all": -43.2,
            "at_2013_last_all": -43.2,
            "at_2014_last_all": -43.2,
            "at_2015_last_all": -43.2,
            "at_2016_last_all": -43.2,
            "at_2017_last_all": -43.2,
            "at_2018_last_all": -43.2,
            "at_2019_last_all": -27.8,
            "at_2020_last_all": -35.82,
            "at_2021_last_all": -35.82,
            "at_2022_last_all": -35.82,
            "at_2023_last_all": -35.82
        },
        "latest_eps": 0.12,
        "latest_price": 20.8,
        "latest_roe": 1.88,
        "latest_gross_margin": 70.95,
        "latest_equity": 100482,
        "latest_revenue": 23851,
        "latest_gross_profit": 16923,
        "latest_net_income": -1098,
        "latest_debt_ratio": 53.06,
        "latest_current_ratio": 222.27,
        "latest_account_receivable_turnover_ratio": 2.41,
        "latest_inventory_turnover_ratio": 0.06,
        "latest_reinvestment_rate": null,
        "latest_research_to_sale_ratio": 30.2
    },
    "eps_dividends": {
        "2001": {
            "cash": 0,
            "stock": 0,
            "eps": 0
        },
        "2002": {
            "cash": 0,
            "stock": 0,
            "eps": 0
        },
        "2003": {
            "cash": 0,
            "stock": 0,
            "eps": 5.58
        },
        "2004": {
            "cash": 0,
            "stock": 5,
            "eps": 7.86
        },
        "2005": {
            "cash": 3,
            "stock": 1.5,
            "eps": 4.38
        },
        "2006": {
            "cash": 2,
            "stock": 1,
            "eps": 2.71
        },
        "2007": {
            "cash": 0.39,
            "stock": 1.51,
            "eps": 3.59
        },
        "2008": {
            "cash": 0.5,
            "stock": 2,
            "eps": 0.24
        },
        "2009": {
            "cash": 0,
            "stock": 0.22,
            "eps": 0
        },
        "2010": {
            "cash": 0,
            "stock": 0,
            "eps": 0.03
        },
        "2011": {
            "cash": 0,
            "stock": 0,
            "eps": -0.15
        },
        "2012": {
            "cash": 0,
            "stock": 0,
            "eps": -2.39
        },
        "2013": {
            "cash": 0,
            "stock": 0,
            "eps": -1.5
        },
        "2014": {
            "cash": 0,
            "stock": 0,
            "eps": -0.41
        },
        "2015": {
            "cash": 0,
            "stock": 0,
            "eps": -1.99
        },
        "2016": {
            "cash": 0,
            "stock": 0,
            "eps": -2.42
        },
        "2017": {
            "cash": 0,
            "stock": 0,
            "eps": -0.1
        },
        "2018": {
            "cash": 0,
            "stock": 0,
            "eps": 0.1
        },
        "2019": {
            "cash": 0,
            "stock": 0,
            "eps": 0.18
        },
        "2020": {
            "cash": 0,
            "stock": 0,
            "eps": -0.36
        },
        "2021": {
            "cash": 0,
            "stock": 0,
            "eps": -1.49
        },
        "2022": {
            "cash": 0,
            "stock": 0,
            "eps": 0.19
        },
        "2023": {
            "cash": 0,
            "stock": 0,
            "eps": -0.04
        }
    },
    "dividends": {
        "2004-03-18": {
            "cash": 0,
            "stock": 5
        },
        "2005-04-06": {
            "cash": 3,
            "stock": 1.5
        },
        "2006-02-23": {
            "cash": 2,
            "stock": 1
        },
        "2007-03-27": {
            "cash": 0.39,
            "stock": 1.51
        },
        "2008-03-24": {
            "cash": 0.5,
            "stock": 2
        },
        "2009-03-30": {
            "cash": 0,
            "stock": 0.22
        }
    },
    "prices": {
        "200101": "無",
        "200102": "無",
        "200103": "無",
        "200104": "無",
        "200105": "無",
        "200106": "無",
        "200107": "無",
        "200108": "無",
        "200109": "無",
        "200110": "無",
        "200111": "無",
        "200112": "無",
        "200201": "無",
        "200202": "無",
        "200203": "無",
        "200204": "無",
        "200205": "無",
        "200206": "無",
        "200207": "無",
        "200208": "無",
        "200209": "無",
        "200210": "無",
        "200211": "無",
        "200212": "無",
        "200301": "無",
        "200302": "無",
        "200303": "無",
        "200304": "無",
        "200305": "無",
        "200306": "無",
        "200307": "無",
        "200308": "無",
        "200309": "無",
        "200310": "無",
        "200311": "無",
        "200312": "無",
        "200401": "無",
        "200402": "無",
        "200403": "165.48",
        "200404": "167.05",
        "200405": "150.07",
        "200406": "113.24",
        "200407": "93.52",
        "200408": "78.27",
        "200409": "74.13",
        "200410": "64.65",
        "200411": "49.60",
        "200412": "50.73",
        "200501": "44.71",
        "200502": "52.74",
        "200503": "61.31",
        "200504": "54.71",
        "200505": "51.06",
        "200506": "57.74",
        "200507": "60.77",
        "200508": "56.69",
        "200509": "43.56",
        "200510": "39.55",
        "200511": "43.33",
        "200512": "51.15",
        "200601": "53.74",
        "200602": "45.23",
        "200603": "45.28",
        "200604": "48.75",
        "200605": "47.97",
        "200606": "40.69",
        "200607": "37.74",
        "200608": "35.94",
        "200609": "41.96",
        "200610": "51.70",
        "200611": "47.78",
        "200612": "51.07",
        "200701": "87.95",
        "200702": "85.62",
        "200703": "87.17",
        "200704": "78.16",
        "200705": "81.68",
        "200706": "90.76",
        "200707": "100.93",
        "200708": "77.14",
        "200709": "76.58",
        "200710": "70.35",
        "200711": "59.38",
        "200712": "52.93",
        "200801": "58.95",
        "200802": "52.01",
        "200803": "54.36",
        "200804": "58.29",
        "200805": "65.01",
        "200806": "47.11",
        "200807": "38.68",
        "200808": "39.67",
        "200809": "24.79",
        "200810": "17.83",
        "200811": "12.34",
        "200812": "13.15",
        "200901": "14.06",
        "200902": "14.29",
        "200903": "18.75",
        "200904": "20.72",
        "200905": "26.74",
        "200906": "23.78",
        "200907": "25.24",
        "200908": "24.25",
        "200909": "25.80",
        "200910": "26.49",
        "200911": "25.22",
        "200912": "33.40",
        "201001": "33.40",
        "201002": "28.79",
        "201003": "31.80",
        "201004": "31.78",
        "201005": "26.84",
        "201006": "26.46",
        "201007": "27.12",
        "201008": "27.45",
        "201009": "28.83",
        "201010": "26.23",
        "201011": "24.07",
        "201012": "26.10",
        "201101": "24.50",
        "201102": "23.77",
        "201103": "25.48",
        "201104": "27.26",
        "201105": "24.45",
        "201106": "21.70",
        "201107": "18.87",
        "201108": "15.81",
        "201109": "14.76",
        "201110": "13.74",
        "201111": "12.99",
        "201112": "13.39",
        "201201": "14.26",
        "201202": "16.11",
        "201203": "21.45",
        "201204": "20.94",
        "201205": "22.07",
        "201206": "22.68",
        "201207": "18.27",
        "201208": "16.98",
        "201209": "17.50",
        "201210": "16.85",
        "201211": "16.21",
        "201212": "15.08",
        "201301": "13.83",
        "201302": "13.60",
        "201303": "13.35",
        "201304": "13.20",
        "201305": "13.57",
        "201306": "13.61",
        "201307": "13.02",
        "201308": "11.97",
        "201309": "11.40",
        "201310": "10.81",
        "201311": "10.93",
        "201312": "10.41",
        "201401": "12.54",
        "201402": "12.38",
        "201403": "15.36",
        "201404": "17.42",
        "201405": "15.64",
        "201406": "18.35",
        "201407": "17.82",
        "201408": "15.94",
        "201409": "14.17",
        "201410": "11.74",
        "201411": "11.05",
        "201412": "11.29",
        "201501": "12.12",
        "201502": "11.83",
        "201503": "11.44",
        "201504": "10.91",
        "201505": "9.94",
        "201506": "8.60",
        "201507": "7.86",
        "201508": "6.38",
        "201509": "6.11",
        "201510": "8.29",
        "201511": "7.83",
        "201512": "7.11",
        "201601": "6.84",
        "201602": "7.56",
        "201603": "8.70",
        "201604": "8.07",
        "201605": "7.22",
        "201606": "7.20",
        "201607": "6.83",
        "201608": "6.07",
        "201609": "7.08",
        "201610": "6.65",
        "201611": "5.22",
        "201612": "4.59",
        "201701": "3.90",
        "201702": "3.81",
        "201703": "5.13",
        "201704": "6.43",
        "201705": "6.09",
        "201706": "5.13",
        "201707": "3.87",
        "201708": "3.59",
        "201709": "3.92",
        "201710": "3.80",
        "201711": "3.58",
        "201712": "3.60",
        "201801": "5.06",
        "201802": "6.11",
        "201803": "6.14",
        "201804": "5.21",
        "201805": "4.40",
        "201806": "4.75",
        "201807": "4.21",
        "201808": "3.89",
        "201809": "3.90",
        "201810": "3.65",
        "201811": "3.73",
        "201812": "5.55",
        "201901": "7.72",
        "201902": "7.38",
        "201903": "8.10",
        "201904": "10.12",
        "201905": "12.69",
        "201906": "12.62",
        "201907": "14.03",
        "201908": "13.81",
        "201909": "12.37",
        "201910": "10.87",
        "201911": "10.42",
        "201912": "11.10",
        "202001": "10.66",
        "202002": "10.39",
        "202003": "8.96",
        "202004": "7.94",
        "202005": "8.93",
        "202006": "8.99",
        "202007": "10.69",
        "202008": "10.01",
        "202009": "10.70",
        "202010": "11.07",
        "202011": "11.06",
        "202012": "13.08",
        "202101": "13.04",
        "202102": "12.97",
        "202103": "16.32",
        "202104": "20.17",
        "202105": "15.33",
        "202106": "17.72",
        "202107": "18.80",
        "202108": "17.13",
        "202109": "16.33",
        "202110": "16.30",
        "202111": "16.66",
        "202112": "17.45",
        "202201": "17.42",
        "202202": "16.86",
        "202203": "16.13",
        "202204": "13.36",
        "202205": "13.83",
        "202206": "14.74",
        "202207": "15.12",
        "202208": "14.98",
        "202209": "16.88",
        "202210": "21.64",
        "202211": "23.77",
        "202212": "23.80",
        "202301": "22.89",
        "202302": "22.34",
        "202303": "22.26",
        "202304": "22.17",
        "202305": "23.21",
        "202306": "22.42",
        "202307": "21.99",
        "202308": "22.40",
        "202309": "21.28",
        "202310": "20.94"
    },
    "quarters": {
        "20011": {
            "year_quarter": 20011,
            "year": 2001,
            "quarter": 1,
            "eps": null,
            "eps_growth_year": null,
            "eps_4q": null,
            "eps_4q_growth_year": null,
            "roe": null,
            "roe_4q": 0,
            "gross_profit": null,
            "gross_margin": null,
            "gross_margin_4q_avg": 0,
            "net_income": null,
            "net_income_4q": null,
            "revenue": null,
            "revenue_4q": null,
            "common_shares": null,
            "book_valuer_per_share": null,
            "book_valuer_per_share_4q_avg": 0,
            "equity": null,
            "current_ratio": null,
            "debt_ratio": null,
            "inventory_turnover_ratio": null,
            "account_receivable_turnover_ratio": null,
            "reinvestment_rate": null,
            "research_to_sale_ratio": null,
            "price_fair": 0,
            "eps_avg_yearly": 0,
            "eps_latest_yearly": 0,
            "eps_growth_yearly": 0
        },
        "20012": {
            "year_quarter": 20012,
            "year": 2001,
            "quarter": 2,
            "eps": null,
            "eps_growth_year": null,
            "eps_4q": null,
            "eps_4q_growth_year": null,
            "roe": null,
            "roe_4q": 0,
            "gross_profit": null,
            "gross_margin": null,
            "gross_margin_4q_avg": 0,
            "net_income": null,
            "net_income_4q": null,
            "revenue": null,
            "revenue_4q": null,
            "common_shares": null,
            "book_valuer_per_share": null,
            "book_valuer_per_share_4q_avg": 0,
            "equity": null,
            "current_ratio": null,
            "debt_ratio": null,
            "inventory_turnover_ratio": null,
            "account_receivable_turnover_ratio": null,
            "reinvestment_rate": null,
            "research_to_sale_ratio": null,
            "price_fair": 0,
            "eps_avg_yearly": 0,
            "eps_latest_yearly": 0,
            "eps_growth_yearly": 0
        },
        "20013": {
            "year_quarter": 20013,
            "year": 2001,
            "quarter": 3,
            "eps": null,
            "eps_growth_year": null,
            "eps_4q": null,
            "eps_4q_growth_year": null,
            "roe": null,
            "roe_4q": 0,
            "gross_profit": null,
            "gross_margin": null,
            "gross_margin_4q_avg": 0,
            "net_income": null,
            "net_income_4q": null,
            "revenue": null,
            "revenue_4q": null,
            "common_shares": null,
            "book_valuer_per_share": null,
            "book_valuer_per_share_4q_avg": 0,
            "equity": null,
            "current_ratio": null,
            "debt_ratio": null,
            "inventory_turnover_ratio": null,
            "account_receivable_turnover_ratio": null,
            "reinvestment_rate": null,
            "research_to_sale_ratio": null,
            "price_fair": 0,
            "eps_avg_yearly": 0,
            "eps_latest_yearly": 0,
            "eps_growth_yearly": 0
        },
        "20014": {
            "year_quarter": 20014,
            "year": 2001,
            "quarter": 4,
            "eps": null,
            "eps_growth_year": null,
            "eps_4q": null,
            "eps_4q_growth_year": null,
            "roe": null,
            "roe_4q": 0,
            "gross_profit": null,
            "gross_margin": null,
            "gross_margin_4q_avg": 0,
            "net_income": null,
            "net_income_4q": null,
            "revenue": null,
            "revenue_4q": null,
            "common_shares": 150000,
            "book_valuer_per_share": 4.62,
            "book_valuer_per_share_4q_avg": 1.16,
            "equity": 69308,
            "current_ratio": 158.13,
            "debt_ratio": 49.65,
            "inventory_turnover_ratio": null,
            "account_receivable_turnover_ratio": null,
            "reinvestment_rate": null,
            "research_to_sale_ratio": null,
            "price_fair": 0,
            "eps_avg_yearly": 0,
            "eps_latest_yearly": 0,
            "eps_growth_yearly": 0
        },
        "20021": {
            "year_quarter": 20021,
            "year": 2002,
            "quarter": 1,
            "eps": null,
            "eps_growth_year": null,
            "eps_4q": null,
            "eps_4q_growth_year": null,
            "roe": null,
            "roe_4q": 0,
            "gross_profit": null,
            "gross_margin": null,
            "gross_margin_4q_avg": 0,
            "net_income": null,
            "net_income_4q": null,
            "revenue": null,
            "revenue_4q": null,
            "common_shares": null,
            "book_valuer_per_share": null,
            "book_valuer_per_share_4q_avg": 1.16,
            "equity": null,
            "current_ratio": null,
            "debt_ratio": null,
            "inventory_turnover_ratio": null,
            "account_receivable_turnover_ratio": null,
            "reinvestment_rate": null,
            "research_to_sale_ratio": null,
            "price_fair": 0,
            "eps_avg_yearly": 0,
            "eps_latest_yearly": 0,
            "eps_growth_yearly": 0
        },
        "20022": {
            "year_quarter": 20022,
            "year": 2002,
            "quarter": 2,
            "eps": null,
            "eps_growth_year": null,
            "eps_4q": null,
            "eps_4q_growth_year": null,
            "roe": null,
            "roe_4q": 0,
            "gross_profit": null,
            "gross_margin": null,
            "gross_margin_4q_avg": 0,
            "net_income": null,
            "net_income_4q": null,
            "revenue": null,
            "revenue_4q": null,
            "common_shares": null,
            "book_valuer_per_share": null,
            "book_valuer_per_share_4q_avg": 1.16,
            "equity": null,
            "current_ratio": null,
            "debt_ratio": null,
            "inventory_turnover_ratio": null,
            "account_receivable_turnover_ratio": null,
            "reinvestment_rate": null,
            "research_to_sale_ratio": null,
            "price_fair": 0,
            "eps_avg_yearly": 0,
            "eps_latest_yearly": 0,
            "eps_growth_yearly": 0
        },
        "20023": {
            "year_quarter": 20023,
            "year": 2002,
            "quarter": 3,
            "eps": null,
            "eps_growth_year": null,
            "eps_4q": null,
            "eps_4q_growth_year": null,
            "roe": null,
            "roe_4q": 0,
            "gross_profit": null,
            "gross_margin": null,
            "gross_margin_4q_avg": 0,
            "net_income": null,
            "net_income_4q": null,
            "revenue": null,
            "revenue_4q": null,
            "common_shares": null,
            "book_valuer_per_share": null,
            "book_valuer_per_share_4q_avg": 1.16,
            "equity": null,
            "current_ratio": null,
            "debt_ratio": null,
            "inventory_turnover_ratio": null,
            "account_receivable_turnover_ratio": null,
            "reinvestment_rate": null,
            "research_to_sale_ratio": null,
            "price_fair": 0,
            "eps_avg_yearly": 0,
            "eps_latest_yearly": 0,
            "eps_growth_yearly": 0
        },
        "20024": {
            "year_quarter": 20024,
            "year": 2002,
            "quarter": 4,
            "eps": null,
            "eps_growth_year": null,
            "eps_4q": null,
            "eps_4q_growth_year": null,
            "roe": null,
            "roe_4q": 0,
            "gross_profit": null,
            "gross_margin": null,
            "gross_margin_4q_avg": 0,
            "net_income": null,
            "net_income_4q": null,
            "revenue": null,
            "revenue_4q": null,
            "common_shares": 150000,
            "book_valuer_per_share": 7.77,
            "book_valuer_per_share_4q_avg": 1.94,
            "equity": 116510,
            "current_ratio": 164.29,
            "debt_ratio": 50.39,
            "inventory_turnover_ratio": null,
            "account_receivable_turnover_ratio": null,
            "reinvestment_rate": null,
            "research_to_sale_ratio": null,
            "price_fair": 0,
            "eps_avg_yearly": 0,
            "eps_latest_yearly": 0,
            "eps_growth_yearly": 0
        },
        "20031": {
            "year_quarter": 20031,
            "year": 2003,
            "quarter": 1,
            "eps": null,
            "eps_growth_year": null,
            "eps_4q": null,
            "eps_4q_growth_year": null,
            "roe": null,
            "roe_4q": 0,
            "gross_profit": null,
            "gross_margin": null,
            "gross_margin_4q_avg": 0,
            "net_income": null,
            "net_income_4q": null,
            "revenue": null,
            "revenue_4q": null,
            "common_shares": null,
            "book_valuer_per_share": null,
            "book_valuer_per_share_4q_avg": 1.94,
            "equity": null,
            "current_ratio": null,
            "debt_ratio": null,
            "inventory_turnover_ratio": null,
            "account_receivable_turnover_ratio": null,
            "reinvestment_rate": null,
            "research_to_sale_ratio": null,
            "price_fair": 0,
            "eps_avg_yearly": 0,
            "eps_latest_yearly": 0,
            "eps_growth_yearly": 0
        },
        "20032": {
            "year_quarter": 20032,
            "year": 2003,
            "quarter": 2,
            "eps": null,
            "eps_growth_year": null,
            "eps_4q": null,
            "eps_4q_growth_year": null,
            "roe": null,
            "roe_4q": 0,
            "gross_profit": null,
            "gross_margin": null,
            "gross_margin_4q_avg": 0,
            "net_income": null,
            "net_income_4q": null,
            "revenue": null,
            "revenue_4q": null,
            "common_shares": null,
            "book_valuer_per_share": null,
            "book_valuer_per_share_4q_avg": 1.94,
            "equity": null,
            "current_ratio": null,
            "debt_ratio": null,
            "inventory_turnover_ratio": null,
            "account_receivable_turnover_ratio": null,
            "reinvestment_rate": null,
            "research_to_sale_ratio": null,
            "price_fair": 0,
            "eps_avg_yearly": 0,
            "eps_latest_yearly": 0,
            "eps_growth_yearly": 0
        },
        "20033": {
            "year_quarter": 20033,
            "year": 2003,
            "quarter": 3,
            "eps": 2.56,
            "eps_growth_year": null,
            "eps_4q": null,
            "eps_4q_growth_year": null,
            "roe": 17.94,
            "roe_4q": 17.94,
            "gross_profit": 79567,
            "gross_margin": 51.65,
            "gross_margin_4q_avg": 12.91,
            "net_income": 38465,
            "net_income_4q": null,
            "revenue": 154055,
            "revenue_4q": null,
            "common_shares": 150000,
            "book_valuer_per_share": 14.3,
            "book_valuer_per_share_4q_avg": 5.52,
            "equity": 214465,
            "current_ratio": 191.85,
            "debt_ratio": 45.91,
            "inventory_turnover_ratio": 0.42,
            "account_receivable_turnover_ratio": null,
            "reinvestment_rate": null,
            "research_to_sale_ratio": null,
            "price_fair": 0,
            "eps_avg_yearly": 0,
            "eps_latest_yearly": 0,
            "eps_growth_yearly": 0
        },
        "20034": {
            "year_quarter": 20034,
            "year": 2003,
            "quarter": 4,
            "eps": 3.02,
            "eps_growth_year": null,
            "eps_4q": null,
            "eps_4q_growth_year": null,
            "roe": 19.09,
            "roe_4q": 37.03,
            "gross_profit": 85152,
            "gross_margin": 51.61,
            "gross_margin_4q_avg": 25.82,
            "net_income": 45256,
            "net_income_4q": null,
            "revenue": 164995,
            "revenue_4q": null,
            "common_shares": 150000,
            "book_valuer_per_share": 17.31,
            "book_valuer_per_share_4q_avg": 7.9,
            "equity": 259721,
            "current_ratio": 239.04,
            "debt_ratio": 36.23,
            "inventory_turnover_ratio": 0.45,
            "account_receivable_turnover_ratio": null,
            "reinvestment_rate": null,
            "research_to_sale_ratio": null,
            "price_fair": 422.8,
            "eps_avg_yearly": 12.08,
            "eps_latest_yearly": 12.08,
            "eps_growth_yearly": 71.88
        },
        "20041": {
            "year_quarter": 20041,
            "year": 2004,
            "quarter": 1,
            "eps": 1.21,
            "eps_growth_year": null,
            "eps_4q": null,
            "eps_4q_growth_year": null,
            "roe": 10.58,
            "roe_4q": 47.61,
            "gross_profit": 76627,
            "gross_margin": 49.72,
            "gross_margin_4q_avg": 38.25,
            "net_income": 29018,
            "net_income_4q": null,
            "revenue": 154105,
            "revenue_4q": null,
            "common_shares": 150000,
            "book_valuer_per_share": 19.25,
            "book_valuer_per_share_4q_avg": 12.72,
            "equity": 288739,
            "current_ratio": 271.8,
            "debt_ratio": 32.08,
            "inventory_turnover_ratio": 0.44,
            "account_receivable_turnover_ratio": null,
            "reinvestment_rate": null,
            "research_to_sale_ratio": null,
            "price_fair": 25.38,
            "eps_avg_yearly": 8.46,
            "eps_latest_yearly": 4.84,
            "eps_growth_yearly": -83.93
        },
        "20042": {
            "year_quarter": 20042,
            "year": 2004,
            "quarter": 2,
            "eps": 2.02,
            "eps_growth_year": null,
            "eps_4q": 9.53,
            "eps_4q_growth_year": null,
            "roe": 10.06,
            "roe_4q": 57.67,
            "gross_profit": 78149,
            "gross_margin": 50.63,
            "gross_margin_4q_avg": 50.9,
            "net_income": 30315,
            "net_income_4q": null,
            "revenue": 154344,
            "revenue_4q": null,
            "common_shares": 150000,
            "book_valuer_per_share": 20.94,
            "book_valuer_per_share_4q_avg": 17.95,
            "equity": 314154,
            "current_ratio": 286,
            "debt_ratio": 30.58,
            "inventory_turnover_ratio": 0.42,
            "account_receivable_turnover_ratio": null,
            "reinvestment_rate": null,
            "research_to_sale_ratio": null,
            "price_fair": 291.67,
            "eps_avg_yearly": 8.33,
            "eps_latest_yearly": 8.08,
            "eps_growth_yearly": 33.3
        },
        "20043": {
            "year_quarter": 20043,
            "year": 2004,
            "quarter": 3,
            "eps": 2.88,
            "eps_growth_year": 12.5,
            "eps_4q": 9.84,
            "eps_4q_growth_year": null,
            "roe": 12.89,
            "roe_4q": 52.620000000000005,
            "gross_profit": 88848,
            "gross_margin": 49.6,
            "gross_margin_4q_avg": 50.39,
            "net_income": 43274,
            "net_income_4q": null,
            "revenue": 179125,
            "revenue_4q": null,
            "common_shares": 150000,
            "book_valuer_per_share": 23.83,
            "book_valuer_per_share_4q_avg": 20.33,
            "equity": 357428,
            "current_ratio": 303.72,
            "debt_ratio": 28.5,
            "inventory_turnover_ratio": 0.49,
            "account_receivable_turnover_ratio": null,
            "reinvestment_rate": null,
            "research_to_sale_ratio": null,
            "price_fair": 319.55,
            "eps_avg_yearly": 9.13,
            "eps_latest_yearly": 11.52,
            "eps_growth_yearly": 67.55
        },
        "20044": {
            "year_quarter": 20044,
            "year": 2004,
            "quarter": 4,
            "eps": 1.75,
            "eps_growth_year": -42.05,
            "eps_4q": 6.02,
            "eps_4q_growth_year": null,
            "roe": 11.09,
            "roe_4q": 44.62,
            "gross_profit": 81758,
            "gross_margin": 47.55,
            "gross_margin_4q_avg": 49.38,
            "net_income": 42014,
            "net_income_4q": null,
            "revenue": 171937,
            "revenue_4q": null,
            "common_shares": 240370,
            "book_valuer_per_share": 16.65,
            "book_valuer_per_share_4q_avg": 20.17,
            "equity": 400154,
            "current_ratio": 429.3,
            "debt_ratio": 20.22,
            "inventory_turnover_ratio": 0.48,
            "account_receivable_turnover_ratio": null,
            "reinvestment_rate": null,
            "research_to_sale_ratio": null,
            "price_fair": 284.2,
            "eps_avg_yearly": 8.7,
            "eps_latest_yearly": 7,
            "eps_growth_yearly": 22.65
        },
        "20051": {
            "year_quarter": 20051,
            "year": 2005,
            "quarter": 1,
            "eps": 1.02,
            "eps_growth_year": -15.7,
            "eps_4q": 5.85,
            "eps_4q_growth_year": null,
            "roe": 5.87,
            "roe_4q": 39.910000000000004,
            "gross_profit": 69336,
            "gross_margin": 42.81,
            "gross_margin_4q_avg": 47.65,
            "net_income": 24409,
            "net_income_4q": null,
            "revenue": 161975,
            "revenue_4q": null,
            "common_shares": 246310,
            "book_valuer_per_share": 17.54,
            "book_valuer_per_share_4q_avg": 19.74,
            "equity": 431988,
            "current_ratio": 484.34,
            "debt_ratio": 17.9,
            "inventory_turnover_ratio": 0.49,
            "account_receivable_turnover_ratio": null,
            "reinvestment_rate": null,
            "research_to_sale_ratio": null,
            "price_fair": 23.8,
            "eps_avg_yearly": 7.93,
            "eps_latest_yearly": 4.08,
            "eps_growth_yearly": -8.93
        },
        "20052": {
            "year_quarter": 20052,
            "year": 2005,
            "quarter": 2,
            "eps": 0.88,
            "eps_growth_year": -56.44,
            "eps_4q": 5.41,
            "eps_4q_growth_year": -43.29,
            "roe": 5.37,
            "roe_4q": 35.22,
            "gross_profit": 75107,
            "gross_margin": 44.5,
            "gross_margin_4q_avg": 46.12,
            "net_income": 21331,
            "net_income_4q": null,
            "revenue": 168797,
            "revenue_4q": null,
            "common_shares": 246310,
            "book_valuer_per_share": 14.69,
            "book_valuer_per_share_4q_avg": 18.18,
            "equity": 361748,
            "current_ratio": 255.5,
            "debt_ratio": 34.14,
            "inventory_turnover_ratio": 0.5,
            "account_receivable_turnover_ratio": null,
            "reinvestment_rate": null,
            "research_to_sale_ratio": null,
            "price_fair": 21.91,
            "eps_avg_yearly": 7.3,
            "eps_latest_yearly": 3.52,
            "eps_growth_yearly": -15.5
        },
        "20053": {
            "year_quarter": 20053,
            "year": 2005,
            "quarter": 3,
            "eps": 1.62,
            "eps_growth_year": -43.75,
            "eps_4q": 4.69,
            "eps_4q_growth_year": -52.34,
            "roe": 12.03,
            "roe_4q": 34.36,
            "gross_profit": 89634,
            "gross_margin": 44.7,
            "gross_margin_4q_avg": 44.89,
            "net_income": 46301,
            "net_income_4q": null,
            "revenue": 200536,
            "revenue_4q": null,
            "common_shares": 288946,
            "book_valuer_per_share": 14.12,
            "book_valuer_per_share_4q_avg": 15.75,
            "equity": 408049,
            "current_ratio": 283.1,
            "debt_ratio": 31.41,
            "inventory_turnover_ratio": 0.59,
            "account_receivable_turnover_ratio": null,
            "reinvestment_rate": null,
            "research_to_sale_ratio": null,
            "price_fair": 252,
            "eps_avg_yearly": 7.2,
            "eps_latest_yearly": 6.48,
            "eps_growth_yearly": 28.48
        },
        "20054": {
            "year_quarter": 20054,
            "year": 2005,
            "quarter": 4,
            "eps": 0.86,
            "eps_growth_year": -50.86,
            "eps_4q": 4.06,
            "eps_4q_growth_year": -32.65,
            "roe": 5.88,
            "roe_4q": 29.150000000000002,
            "gross_profit": 86907,
            "gross_margin": 45.54,
            "gross_margin_4q_avg": 44.39,
            "net_income": 24760,
            "net_income_4q": null,
            "revenue": 190857,
            "revenue_4q": null,
            "common_shares": 290466,
            "book_valuer_per_share": 14.96,
            "book_valuer_per_share_4q_avg": 15.33,
            "equity": 434419,
            "current_ratio": 361.28,
            "debt_ratio": 23.86,
            "inventory_turnover_ratio": 0.54,
            "account_receivable_turnover_ratio": null,
            "reinvestment_rate": null,
            "research_to_sale_ratio": null,
            "price_fair": 98.12,
            "eps_avg_yearly": 6.78,
            "eps_latest_yearly": 3.44,
            "eps_growth_yearly": 4.47
        },
        "20061": {
            "year_quarter": 20061,
            "year": 2006,
            "quarter": 1,
            "eps": 0.42,
            "eps_growth_year": -58.82,
            "eps_4q": 3.59,
            "eps_4q_growth_year": -38.56,
            "roe": 2.76,
            "roe_4q": 26.040000000000003,
            "gross_profit": 66213,
            "gross_margin": 43.29,
            "gross_margin_4q_avg": 44.51,
            "net_income": 12223,
            "net_income_4q": null,
            "revenue": 152956,
            "revenue_4q": null,
            "common_shares": 293786,
            "book_valuer_per_share": 15.32,
            "book_valuer_per_share_4q_avg": 14.77,
            "equity": 450161,
            "current_ratio": 511.83,
            "debt_ratio": 16.41,
            "inventory_turnover_ratio": 0.47,
            "account_receivable_turnover_ratio": null,
            "reinvestment_rate": null,
            "research_to_sale_ratio": null,
            "price_fair": 18.82,
            "eps_avg_yearly": 6.27,
            "eps_latest_yearly": 1.68,
            "eps_growth_yearly": -16.44
        },
        "20062": {
            "year_quarter": 20062,
            "year": 2006,
            "quarter": 2,
            "eps": 0.62,
            "eps_growth_year": -29.55,
            "eps_4q": 3.47,
            "eps_4q_growth_year": -35.83,
            "roe": 4.28,
            "roe_4q": 24.95,
            "gross_profit": 72720,
            "gross_margin": 43.27,
            "gross_margin_4q_avg": 44.2,
            "net_income": 18126,
            "net_income_4q": null,
            "revenue": 168080,
            "revenue_4q": null,
            "common_shares": 293956,
            "book_valuer_per_share": 13.5,
            "book_valuer_per_share_4q_avg": 14.48,
            "equity": 396721,
            "current_ratio": 276.01,
            "debt_ratio": 30.54,
            "inventory_turnover_ratio": 0.55,
            "account_receivable_turnover_ratio": null,
            "reinvestment_rate": null,
            "research_to_sale_ratio": null,
            "price_fair": 73.3,
            "eps_avg_yearly": 5.93,
            "eps_latest_yearly": 2.48,
            "eps_growth_yearly": 2.37
        },
        "20063": {
            "year_quarter": 20063,
            "year": 2006,
            "quarter": 3,
            "eps": 0.95,
            "eps_growth_year": -41.36,
            "eps_4q": 2.64,
            "eps_4q_growth_year": -43.64,
            "roe": 7.5,
            "roe_4q": 20.42,
            "gross_profit": 88500,
            "gross_margin": 46.32,
            "gross_margin_4q_avg": 44.61,
            "net_income": 30915,
            "net_income_4q": null,
            "revenue": 191076,
            "revenue_4q": null,
            "common_shares": 327419,
            "book_valuer_per_share": 13.06,
            "book_valuer_per_share_4q_avg": 14.21,
            "equity": 427728,
            "current_ratio": 373.5,
            "debt_ratio": 22.5,
            "inventory_turnover_ratio": 0.59,
            "account_receivable_turnover_ratio": null,
            "reinvestment_rate": null,
            "research_to_sale_ratio": null,
            "price_fair": 171.99,
            "eps_avg_yearly": 5.75,
            "eps_latest_yearly": 3.8,
            "eps_growth_yearly": 19.91
        },
        "20064": {
            "year_quarter": 20064,
            "year": 2006,
            "quarter": 4,
            "eps": 0.72,
            "eps_growth_year": -16.28,
            "eps_4q": 2.6,
            "eps_4q_growth_year": -35.82,
            "roe": 5.33,
            "roe_4q": 19.869999999999997,
            "gross_profit": 82112,
            "gross_margin": 45.23,
            "gross_margin_4q_avg": 44.53,
            "net_income": 23418,
            "net_income_4q": null,
            "revenue": 181537,
            "revenue_4q": null,
            "common_shares": 327970,
            "book_valuer_per_share": 13.77,
            "book_valuer_per_share_4q_avg": 13.91,
            "equity": 451696,
            "current_ratio": 370.26,
            "debt_ratio": 22.65,
            "inventory_turnover_ratio": 0.56,
            "account_receivable_turnover_ratio": null,
            "reinvestment_rate": null,
            "research_to_sale_ratio": null,
            "price_fair": 115.73,
            "eps_avg_yearly": 5.53,
            "eps_latest_yearly": 2.88,
            "eps_growth_yearly": 10.93
        },
        "20071": {
            "year_quarter": 20071,
            "year": 2007,
            "quarter": 1,
            "eps": 0.85,
            "eps_growth_year": 102.38,
            "eps_4q": 3.05,
            "eps_4q_growth_year": -15.13,
            "roe": 5.98,
            "roe_4q": 23.090000000000003,
            "gross_profit": 84601,
            "gross_margin": 46.4,
            "gross_margin_4q_avg": 45.31,
            "net_income": 27984,
            "net_income_4q": null,
            "revenue": 182333,
            "revenue_4q": null,
            "common_shares": 332730,
            "book_valuer_per_share": 14.56,
            "book_valuer_per_share_4q_avg": 13.72,
            "equity": 484440,
            "current_ratio": 417.84,
            "debt_ratio": 19.97,
            "inventory_turnover_ratio": 0.51,
            "account_receivable_turnover_ratio": null,
            "reinvestment_rate": null,
            "research_to_sale_ratio": null,
            "price_fair": 136.09,
            "eps_avg_yearly": 5.38,
            "eps_latest_yearly": 3.4,
            "eps_growth_yearly": 15.31
        },
        "20072": {
            "year_quarter": 20072,
            "year": 2007,
            "quarter": 2,
            "eps": 1.05,
            "eps_growth_year": 69.35,
            "eps_4q": 3.54,
            "eps_4q_growth_year": 2.08,
            "roe": 7.04,
            "roe_4q": 25.85,
            "gross_profit": 93836,
            "gross_margin": 47.51,
            "gross_margin_4q_avg": 46.37,
            "net_income": 34700,
            "net_income_4q": null,
            "revenue": 197497,
            "revenue_4q": null,
            "common_shares": 333680,
            "book_valuer_per_share": 15.02,
            "book_valuer_per_share_4q_avg": 14.1,
            "equity": 501038,
            "current_ratio": 322.05,
            "debt_ratio": 22.83,
            "inventory_turnover_ratio": 0.48,
            "account_receivable_turnover_ratio": null,
            "reinvestment_rate": 7.25,
            "research_to_sale_ratio": null,
            "price_fair": 161.94,
            "eps_avg_yearly": 5.3,
            "eps_latest_yearly": 4.2,
            "eps_growth_yearly": 20.56
        },
        "20073": {
            "year_quarter": 20073,
            "year": 2007,
            "quarter": 3,
            "eps": 1.3,
            "eps_growth_year": 36.84,
            "eps_4q": 3.52,
            "eps_4q_growth_year": 33,
            "roe": 9.59,
            "roe_4q": 27.939999999999998,
            "gross_profit": 114769,
            "gross_margin": 48.71,
            "gross_margin_4q_avg": 46.96,
            "net_income": 50516,
            "net_income_4q": null,
            "revenue": 235626,
            "revenue_4q": null,
            "common_shares": 392184,
            "book_valuer_per_share": 14.09,
            "book_valuer_per_share_4q_avg": 14.36,
            "equity": 552762,
            "current_ratio": 367.55,
            "debt_ratio": 20.64,
            "inventory_turnover_ratio": 0.51,
            "account_receivable_turnover_ratio": null,
            "reinvestment_rate": 0.83,
            "research_to_sale_ratio": null,
            "price_fair": 185.24,
            "eps_avg_yearly": 5.29,
            "eps_latest_yearly": 5.2,
            "eps_growth_yearly": 25.23
        },
        "20074": {
            "year_quarter": 20074,
            "year": 2007,
            "quarter": 4,
            "eps": 0.39,
            "eps_growth_year": -45.83,
            "eps_4q": 3.27,
            "eps_4q_growth_year": 25.46,
            "roe": 2.73,
            "roe_4q": 25.34,
            "gross_profit": 96736,
            "gross_margin": 44.11,
            "gross_margin_4q_avg": 46.68,
            "net_income": 15348,
            "net_income_4q": null,
            "revenue": 219288,
            "revenue_4q": null,
            "common_shares": 393864,
            "book_valuer_per_share": 14.49,
            "book_valuer_per_share_4q_avg": 14.54,
            "equity": 570827,
            "current_ratio": 387.45,
            "debt_ratio": 21.25,
            "inventory_turnover_ratio": 0.48,
            "account_receivable_turnover_ratio": null,
            "reinvestment_rate": 3.99,
            "research_to_sale_ratio": null,
            "price_fair": 61.36,
            "eps_avg_yearly": 4.64,
            "eps_latest_yearly": 1.56,
            "eps_growth_yearly": 3.24
        },
        "20081": {
            "year_quarter": 20081,
            "year": 2008,
            "quarter": 1,
            "eps": -0.01,
            "eps_growth_year": -101.18,
            "eps_4q": 1.82,
            "eps_4q_growth_year": -40.29,
            "roe": -0.1,
            "roe_4q": 19.259999999999998,
            "gross_profit": 68243,
            "gross_margin": 39.89,
            "gross_margin_4q_avg": 45.06,
            "net_income": -549,
            "net_income_4q": null,
            "revenue": 171063,
            "revenue_4q": null,
            "common_shares": 396014,
            "book_valuer_per_share": 14.39,
            "book_valuer_per_share_4q_avg": 14.5,
            "equity": 569769,
            "current_ratio": 379.74,
            "debt_ratio": 21.63,
            "inventory_turnover_ratio": 0.35,
            "account_receivable_turnover_ratio": null,
            "reinvestment_rate": 3.99,
            "research_to_sale_ratio": null,
            "price_fair": 136.03,
            "eps_avg_yearly": 4.62,
            "eps_latest_yearly": 1.56,
            "eps_growth_yearly": 19.44
        },
        "20082": {
            "year_quarter": 20082,
            "year": 2008,
            "quarter": 2,
            "eps": 0.02,
            "eps_growth_year": -98.1,
            "eps_4q": 1.52,
            "eps_4q_growth_year": -56.98,
            "roe": 0.16,
            "roe_4q": 12.379999999999999,
            "gross_profit": 69959,
            "gross_margin": 35.9,
            "gross_margin_4q_avg": 42.15,
            "net_income": 869,
            "net_income_4q": null,
            "revenue": 194875,
            "revenue_4q": null,
            "common_shares": 397074,
            "book_valuer_per_share": 13.78,
            "book_valuer_per_share_4q_avg": 14.19,
            "equity": 547050,
            "current_ratio": 416.6,
            "debt_ratio": 19.39,
            "inventory_turnover_ratio": 0.39,
            "account_receivable_turnover_ratio": null,
            "reinvestment_rate": 4.94,
            "research_to_sale_ratio": null,
            "price_fair": 51.17,
            "eps_avg_yearly": 4.37,
            "eps_latest_yearly": 1.56,
            "eps_growth_yearly": 1.7
        },
        "20083": {
            "year_quarter": 20083,
            "year": 2008,
            "quarter": 3,
            "eps": 0.28,
            "eps_growth_year": -78.46,
            "eps_4q": 0.6,
            "eps_4q_growth_year": -82.97,
            "roe": 2.48,
            "roe_4q": 5.27,
            "gross_profit": 79503,
            "gross_margin": 40.62,
            "gross_margin_4q_avg": 40.13,
            "net_income": 13769,
            "net_income_4q": null,
            "revenue": 195702,
            "revenue_4q": null,
            "common_shares": 487258,
            "book_valuer_per_share": 11.6,
            "book_valuer_per_share_4q_avg": 13.57,
            "equity": 565066,
            "current_ratio": 312.6,
            "debt_ratio": 25.82,
            "inventory_turnover_ratio": 0.39,
            "account_receivable_turnover_ratio": null,
            "reinvestment_rate": 9.23,
            "research_to_sale_ratio": null,
            "price_fair": 127.1,
            "eps_avg_yearly": 3.63,
            "eps_latest_yearly": 1.12,
            "eps_growth_yearly": 360.96
        },
        "20084": {
            "year_quarter": 20084,
            "year": 2008,
            "quarter": 4,
            "eps": -0.05,
            "eps_growth_year": -112.82,
            "eps_4q": 0.24,
            "eps_4q_growth_year": -92.65,
            "roe": -0.42,
            "roe_4q": 2.12,
            "gross_profit": 45358,
            "gross_margin": 31.85,
            "gross_margin_4q_avg": 37.07,
            "net_income": -2395,
            "net_income_4q": null,
            "revenue": 142409,
            "revenue_4q": null,
            "common_shares": 487258,
            "book_valuer_per_share": 11.57,
            "book_valuer_per_share_4q_avg": 12.84,
            "equity": 563884,
            "current_ratio": 343.49,
            "debt_ratio": 23.09,
            "inventory_turnover_ratio": 0.35,
            "account_receivable_turnover_ratio": 2.5,
            "reinvestment_rate": 12.87,
            "research_to_sale_ratio": null,
            "price_fair": 118.03,
            "eps_avg_yearly": 3.37,
            "eps_latest_yearly": 1.12,
            "eps_growth_yearly": 400.8
        },
        "20091": {
            "year_quarter": 20091,
            "year": 2009,
            "quarter": 1,
            "eps": -0.41,
            "eps_growth_year": null,
            "eps_4q": -0.16,
            "eps_4q_growth_year": -108.86,
            "roe": -3.62,
            "roe_4q": -1.4000000000000001,
            "gross_profit": 44161,
            "gross_margin": 32.79,
            "gross_margin_4q_avg": 35.29,
            "net_income": -20111,
            "net_income_4q": null,
            "revenue": 134694,
            "revenue_4q": null,
            "common_shares": 487258,
            "book_valuer_per_share": 11.21,
            "book_valuer_per_share_4q_avg": 12.04,
            "equity": 546341,
            "current_ratio": 323.17,
            "debt_ratio": 24.14,
            "inventory_turnover_ratio": 0.37,
            "account_receivable_turnover_ratio": 1.24,
            "reinvestment_rate": 13.41,
            "research_to_sale_ratio": null,
            "price_fair": 115.97,
            "eps_avg_yearly": 3.31,
            "eps_latest_yearly": 1.12,
            "eps_growth_yearly": 448.11
        },
        "20092": {
            "year_quarter": 20092,
            "year": 2009,
            "quarter": 2,
            "eps": -0.22,
            "eps_growth_year": -1200,
            "eps_4q": -0.4,
            "eps_4q_growth_year": -126.13,
            "roe": -1.97,
            "roe_4q": -3.53,
            "gross_profit": 59618,
            "gross_margin": 36.29,
            "gross_margin_4q_avg": 35.39,
            "net_income": -10654,
            "net_income_4q": null,
            "revenue": 164287,
            "revenue_4q": null,
            "common_shares": 487258,
            "book_valuer_per_share": 10.93,
            "book_valuer_per_share_4q_avg": 11.33,
            "equity": 532682,
            "current_ratio": 287.09,
            "debt_ratio": 27.61,
            "inventory_turnover_ratio": 0.44,
            "account_receivable_turnover_ratio": 1.35,
            "reinvestment_rate": 15.22,
            "research_to_sale_ratio": null,
            "price_fair": 115.31,
            "eps_avg_yearly": 3.29,
            "eps_latest_yearly": 1.12,
            "eps_growth_yearly": 493.83
        },
        "20093": {
            "year_quarter": 20093,
            "year": 2009,
            "quarter": 3,
            "eps": 0.05,
            "eps_growth_year": -82.14,
            "eps_4q": -0.68,
            "eps_4q_growth_year": -213.61,
            "roe": 0.43,
            "roe_4q": -5.58,
            "gross_profit": 72900,
            "gross_margin": 35.54,
            "gross_margin_4q_avg": 34.12,
            "net_income": 2271,
            "net_income_4q": null,
            "revenue": 205148,
            "revenue_4q": null,
            "common_shares": 497782,
            "book_valuer_per_share": 10.71,
            "book_valuer_per_share_4q_avg": 11.11,
            "equity": 533005,
            "current_ratio": 289.11,
            "debt_ratio": 27.58,
            "inventory_turnover_ratio": 0.52,
            "account_receivable_turnover_ratio": 1.51,
            "reinvestment_rate": 18.9,
            "research_to_sale_ratio": null,
            "price_fair": 104.16,
            "eps_avg_yearly": 2.98,
            "eps_latest_yearly": 1.12,
            "eps_growth_yearly": 509.58
        },
        "20094": {
            "year_quarter": 20094,
            "year": 2009,
            "quarter": 4,
            "eps": 0.58,
            "eps_growth_year": null,
            "eps_4q": 0.01,
            "eps_4q_growth_year": -97.05,
            "roe": 5.27,
            "roe_4q": 0.10999999999999943,
            "gross_profit": 71036,
            "gross_margin": 38.07,
            "gross_margin_4q_avg": 35.67,
            "net_income": 28846,
            "net_income_4q": null,
            "revenue": 186612,
            "revenue_4q": null,
            "common_shares": 497782,
            "book_valuer_per_share": 11.27,
            "book_valuer_per_share_4q_avg": 11.03,
            "equity": 561103,
            "current_ratio": 333.88,
            "debt_ratio": 24.34,
            "inventory_turnover_ratio": 0.45,
            "account_receivable_turnover_ratio": 2.72,
            "reinvestment_rate": 19.76,
            "research_to_sale_ratio": null,
            "price_fair": 100.24,
            "eps_avg_yearly": 2.86,
            "eps_latest_yearly": 2.32,
            "eps_growth_yearly": 952.35
        },
        "20101": {
            "year_quarter": 20101,
            "year": 2010,
            "quarter": 1,
            "eps": -0.17,
            "eps_growth_year": null,
            "eps_4q": 0.24,
            "eps_4q_growth_year": null,
            "roe": -1.92,
            "roe_4q": 1.8099999999999998,
            "gross_profit": 55359,
            "gross_margin": 34.51,
            "gross_margin_4q_avg": 36.1,
            "net_income": -10661,
            "net_income_4q": null,
            "revenue": 160396,
            "revenue_4q": null,
            "common_shares": 497782,
            "book_valuer_per_share": 10.91,
            "book_valuer_per_share_4q_avg": 10.96,
            "equity": 551888,
            "current_ratio": 326.09,
            "debt_ratio": 24.78,
            "inventory_turnover_ratio": 0.4,
            "account_receivable_turnover_ratio": 1.22,
            "reinvestment_rate": 18.83,
            "research_to_sale_ratio": 19.62,
            "price_fair": 104.84,
            "eps_avg_yearly": 3,
            "eps_latest_yearly": 2.32,
            "eps_growth_yearly": 1080.9
        },
        "20102": {
            "year_quarter": 20102,
            "year": 2010,
            "quarter": 2,
            "eps": 0.3,
            "eps_growth_year": null,
            "eps_4q": 0.75,
            "eps_4q_growth_year": null,
            "roe": 2.72,
            "roe_4q": 6.5,
            "gross_profit": 71122,
            "gross_margin": 36.98,
            "gross_margin_4q_avg": 36.28,
            "net_income": 15230,
            "net_income_4q": null,
            "revenue": 192328,
            "revenue_4q": null,
            "common_shares": 497782,
            "book_valuer_per_share": 11.24,
            "book_valuer_per_share_4q_avg": 11.03,
            "equity": 566227,
            "current_ratio": 285.15,
            "debt_ratio": 29.21,
            "inventory_turnover_ratio": 0.41,
            "account_receivable_turnover_ratio": 1.41,
            "reinvestment_rate": 17.21,
            "research_to_sale_ratio": 13.1,
            "price_fair": 107.1,
            "eps_avg_yearly": 3.06,
            "eps_latest_yearly": 2.32,
            "eps_growth_yearly": 1192.2
        },
        "20103": {
            "year_quarter": 20103,
            "year": 2010,
            "quarter": 3,
            "eps": 0.04,
            "eps_growth_year": -13.7,
            "eps_4q": 0.75,
            "eps_4q_growth_year": null,
            "roe": 0.09,
            "roe_4q": 6.16,
            "gross_profit": 67490,
            "gross_margin": 31.38,
            "gross_margin_4q_avg": 35.24,
            "net_income": 506,
            "net_income_4q": null,
            "revenue": 215103,
            "revenue_4q": null,
            "common_shares": 497782,
            "book_valuer_per_share": 11.23,
            "book_valuer_per_share_4q_avg": 11.16,
            "equity": 564511,
            "current_ratio": 252.28,
            "debt_ratio": 33.38,
            "inventory_turnover_ratio": 0.42,
            "account_receivable_turnover_ratio": 1.36,
            "reinvestment_rate": 23.15,
            "research_to_sale_ratio": 13.74,
            "price_fair": 91.18,
            "eps_avg_yearly": 2.61,
            "eps_latest_yearly": 0.16,
            "eps_growth_yearly": 1122.26
        },
        "20104": {
            "year_quarter": 20104,
            "year": 2010,
            "quarter": 4,
            "eps": -0.14,
            "eps_growth_year": -124.31,
            "eps_4q": 0.03,
            "eps_4q_growth_year": 347.18,
            "roe": -1.41,
            "roe_4q": -0.5199999999999996,
            "gross_profit": 55731,
            "gross_margin": 33.45,
            "gross_margin_4q_avg": 34.08,
            "net_income": -7847,
            "net_income_4q": null,
            "revenue": 166591,
            "revenue_4q": null,
            "common_shares": 497782,
            "book_valuer_per_share": 10.93,
            "book_valuer_per_share_4q_avg": 11.08,
            "equity": 548597,
            "current_ratio": 279.49,
            "debt_ratio": 30,
            "inventory_turnover_ratio": 0.29,
            "account_receivable_turnover_ratio": 1.12,
            "reinvestment_rate": 26.7,
            "research_to_sale_ratio": 16.75,
            "price_fair": 89.8,
            "eps_avg_yearly": 2.57,
            "eps_latest_yearly": 0.16,
            "eps_growth_yearly": 1296.42
        },
        "20111": {
            "year_quarter": 20111,
            "year": 2011,
            "quarter": 1,
            "eps": -0.07,
            "eps_growth_year": null,
            "eps_4q": 0.13,
            "eps_4q_growth_year": -46.61,
            "roe": -0.82,
            "roe_4q": 0.5800000000000001,
            "gross_profit": 48890,
            "gross_margin": 31.45,
            "gross_margin_4q_avg": 33.32,
            "net_income": -4319,
            "net_income_4q": null,
            "revenue": 155440,
            "revenue_4q": null,
            "common_shares": 497782,
            "book_valuer_per_share": 10.34,
            "book_valuer_per_share_4q_avg": 10.94,
            "equity": 499010,
            "current_ratio": 265.3,
            "debt_ratio": 31.67,
            "inventory_turnover_ratio": 0.29,
            "account_receivable_turnover_ratio": 1.15,
            "reinvestment_rate": 156.11,
            "research_to_sale_ratio": 16.76,
            "price_fair": 84.93,
            "eps_avg_yearly": 2.43,
            "eps_latest_yearly": 0.16,
            "eps_growth_yearly": 1500.45
        },
        "20112": {
            "year_quarter": 20112,
            "year": 2011,
            "quarter": 2,
            "eps": -0.1,
            "eps_growth_year": -135.01,
            "eps_4q": -0.28,
            "eps_4q_growth_year": -137.22,
            "roe": -1.14,
            "roe_4q": -3.2800000000000002,
            "gross_profit": 50285,
            "gross_margin": 27.73,
            "gross_margin_4q_avg": 31,
            "net_income": -5625,
            "net_income_4q": null,
            "revenue": 181339,
            "revenue_4q": null,
            "common_shares": 497782,
            "book_valuer_per_share": 10.15,
            "book_valuer_per_share_4q_avg": 10.66,
            "equity": 485821,
            "current_ratio": 216.97,
            "debt_ratio": 39.72,
            "inventory_turnover_ratio": 0.35,
            "account_receivable_turnover_ratio": 1.11,
            "reinvestment_rate": 287.08,
            "research_to_sale_ratio": 12.87,
            "price_fair": 72.52,
            "eps_avg_yearly": 2.07,
            "eps_latest_yearly": 0.16,
            "eps_growth_yearly": 1781.71
        },
        "20113": {
            "year_quarter": 20113,
            "year": 2011,
            "quarter": 3,
            "eps": -0.08,
            "eps_growth_year": -275.97,
            "eps_4q": -0.4,
            "eps_4q_growth_year": -153.41,
            "roe": -0.81,
            "roe_4q": -4.18,
            "gross_profit": 40343,
            "gross_margin": 28.7,
            "gross_margin_4q_avg": 30.33,
            "net_income": -3986,
            "net_income_4q": null,
            "revenue": 140589,
            "revenue_4q": null,
            "common_shares": 497782,
            "book_valuer_per_share": 10.31,
            "book_valuer_per_share_4q_avg": 10.43,
            "equity": 493355,
            "current_ratio": 247.56,
            "debt_ratio": 34.66,
            "inventory_turnover_ratio": 0.26,
            "account_receivable_turnover_ratio": 0.79,
            "reinvestment_rate": 1285.54,
            "research_to_sale_ratio": 16.43,
            "price_fair": 45.15,
            "eps_avg_yearly": 1.29,
            "eps_latest_yearly": 0.16,
            "eps_growth_yearly": 2203.33
        },
        "20114": {
            "year_quarter": 20114,
            "year": 2011,
            "quarter": 4,
            "eps": 0.1,
            "eps_growth_year": null,
            "eps_4q": -0.16,
            "eps_4q_growth_year": -604.52,
            "roe": 0.86,
            "roe_4q": -1.9099999999999997,
            "gross_profit": 40030,
            "gross_margin": 28.75,
            "gross_margin_4q_avg": 29.16,
            "net_income": 4273,
            "net_income_4q": null,
            "revenue": 139214,
            "revenue_4q": null,
            "common_shares": 497782,
            "book_valuer_per_share": 10.39,
            "book_valuer_per_share_4q_avg": 10.3,
            "equity": 496918,
            "current_ratio": 273.98,
            "debt_ratio": 31.01,
            "inventory_turnover_ratio": 0.27,
            "account_receivable_turnover_ratio": 0.82,
            "reinvestment_rate": 122.89,
            "research_to_sale_ratio": 12.5,
            "price_fair": 42,
            "eps_avg_yearly": 1.2,
            "eps_latest_yearly": 0.16,
            "eps_growth_yearly": 3031.11
        },
        "20121": {
            "year_quarter": 20121,
            "year": 2012,
            "quarter": 1,
            "eps": -0.89,
            "eps_growth_year": null,
            "eps_4q": -0.98,
            "eps_4q_growth_year": -846.7,
            "roe": -9.07,
            "roe_4q": -10.160000000000002,
            "gross_profit": 21193,
            "gross_margin": 24.26,
            "gross_margin_4q_avg": 27.36,
            "net_income": -42941,
            "net_income_4q": null,
            "revenue": 87362,
            "revenue_4q": null,
            "common_shares": 497782,
            "book_valuer_per_share": 9.41,
            "book_valuer_per_share_4q_avg": 10.07,
            "equity": 449551,
            "current_ratio": 253.15,
            "debt_ratio": 32.98,
            "inventory_turnover_ratio": 0.19,
            "account_receivable_turnover_ratio": 0.63,
            "reinvestment_rate": null,
            "research_to_sale_ratio": 26.45,
            "price_fair": 42,
            "eps_avg_yearly": 1.2,
            "eps_latest_yearly": 0.16,
            "eps_growth_yearly": 3031.11
        },
        "20122": {
            "year_quarter": 20122,
            "year": 2012,
            "quarter": 2,
            "eps": -0.54,
            "eps_growth_year": null,
            "eps_4q": -1.41,
            "eps_4q_growth_year": null,
            "roe": -5.95,
            "roe_4q": -14.97,
            "gross_profit": 21673,
            "gross_margin": 23.22,
            "gross_margin_4q_avg": 26.23,
            "net_income": -26012,
            "net_income_4q": null,
            "revenue": 93333,
            "revenue_4q": null,
            "common_shares": 497782,
            "book_valuer_per_share": 8.9,
            "book_valuer_per_share_4q_avg": 9.75,
            "equity": 425215,
            "current_ratio": 254.75,
            "debt_ratio": 33.18,
            "inventory_turnover_ratio": 0.21,
            "account_receivable_turnover_ratio": 0.83,
            "reinvestment_rate": null,
            "research_to_sale_ratio": 20.02,
            "price_fair": 42,
            "eps_avg_yearly": 1.2,
            "eps_latest_yearly": 0.16,
            "eps_growth_yearly": 3031.11
        },
        "20123": {
            "year_quarter": 20123,
            "year": 2012,
            "quarter": 3,
            "eps": -0.55,
            "eps_growth_year": null,
            "eps_4q": -1.89,
            "eps_4q_growth_year": null,
            "roe": -6.4,
            "roe_4q": -20.560000000000002,
            "gross_profit": 26931,
            "gross_margin": 28.26,
            "gross_margin_4q_avg": 26.12,
            "net_income": -26276,
            "net_income_4q": null,
            "revenue": 95286,
            "revenue_4q": null,
            "common_shares": 497782,
            "book_valuer_per_share": 8.29,
            "book_valuer_per_share_4q_avg": 9.25,
            "equity": 396059,
            "current_ratio": 243.15,
            "debt_ratio": 35.16,
            "inventory_turnover_ratio": 0.21,
            "account_receivable_turnover_ratio": 0.8,
            "reinvestment_rate": null,
            "research_to_sale_ratio": 22.22,
            "price_fair": 43.4,
            "eps_avg_yearly": 1.24,
            "eps_latest_yearly": 0.16,
            "eps_growth_yearly": 1946.67
        },
        "20124": {
            "year_quarter": 20124,
            "year": 2012,
            "quarter": 4,
            "eps": -0.41,
            "eps_growth_year": -526.84,
            "eps_4q": -2.39,
            "eps_4q_growth_year": null,
            "roe": -5.04,
            "roe_4q": -26.46,
            "gross_profit": 23256,
            "gross_margin": 25.95,
            "gross_margin_4q_avg": 25.42,
            "net_income": -19434,
            "net_income_4q": null,
            "revenue": 89609,
            "revenue_4q": null,
            "common_shares": 497782,
            "book_valuer_per_share": 7.86,
            "book_valuer_per_share_4q_avg": 8.62,
            "equity": 375595,
            "current_ratio": 233.47,
            "debt_ratio": 36.95,
            "inventory_turnover_ratio": 0.21,
            "account_receivable_turnover_ratio": 0.71,
            "reinvestment_rate": null,
            "research_to_sale_ratio": 19.3,
            "price_fair": 43.4,
            "eps_avg_yearly": 1.24,
            "eps_latest_yearly": 0.16,
            "eps_growth_yearly": 1946.67
        },
        "20131": {
            "year_quarter": 20131,
            "year": 2013,
            "quarter": 1,
            "eps": -0.37,
            "eps_growth_year": null,
            "eps_4q": -1.86,
            "eps_4q_growth_year": null,
            "roe": -4.86,
            "roe_4q": -22.25,
            "gross_profit": 23643,
            "gross_margin": 29.95,
            "gross_margin_4q_avg": 26.85,
            "net_income": -17764,
            "net_income_4q": null,
            "revenue": 78940,
            "revenue_4q": null,
            "common_shares": 497782,
            "book_valuer_per_share": 7.46,
            "book_valuer_per_share_4q_avg": 8.13,
            "equity": 354979,
            "current_ratio": 238.08,
            "debt_ratio": 36.45,
            "inventory_turnover_ratio": 0.18,
            "account_receivable_turnover_ratio": 0.78,
            "reinvestment_rate": null,
            "research_to_sale_ratio": 24.26,
            "price_fair": 43.4,
            "eps_avg_yearly": 1.24,
            "eps_latest_yearly": 0.16,
            "eps_growth_yearly": 1946.67
        },
        "20132": {
            "year_quarter": 20132,
            "year": 2013,
            "quarter": 2,
            "eps": -0.34,
            "eps_growth_year": null,
            "eps_4q": -1.66,
            "eps_4q_growth_year": null,
            "roe": -4.79,
            "roe_4q": -21.090000000000003,
            "gross_profit": 29870,
            "gross_margin": 31.55,
            "gross_margin_4q_avg": 28.93,
            "net_income": -16613,
            "net_income_4q": null,
            "revenue": 94662,
            "revenue_4q": null,
            "common_shares": 497782,
            "book_valuer_per_share": 7.14,
            "book_valuer_per_share_4q_avg": 7.69,
            "equity": 339295,
            "current_ratio": 223.94,
            "debt_ratio": 39.05,
            "inventory_turnover_ratio": 0.21,
            "account_receivable_turnover_ratio": 1.19,
            "reinvestment_rate": null,
            "research_to_sale_ratio": 21.49,
            "price_fair": 43.4,
            "eps_avg_yearly": 1.24,
            "eps_latest_yearly": 0.16,
            "eps_growth_yearly": 1946.67
        },
        "20133": {
            "year_quarter": 20133,
            "year": 2013,
            "quarter": 3,
            "eps": -0.41,
            "eps_growth_year": null,
            "eps_4q": -1.52,
            "eps_4q_growth_year": null,
            "roe": -6.04,
            "roe_4q": -20.73,
            "gross_profit": 30700,
            "gross_margin": 32,
            "gross_margin_4q_avg": 29.86,
            "net_income": -19853,
            "net_income_4q": null,
            "revenue": 95923,
            "revenue_4q": null,
            "common_shares": 497782,
            "book_valuer_per_share": 6.69,
            "book_valuer_per_share_4q_avg": 7.29,
            "equity": 317839,
            "current_ratio": 202.9,
            "debt_ratio": 43.31,
            "inventory_turnover_ratio": 0.21,
            "account_receivable_turnover_ratio": 1.19,
            "reinvestment_rate": null,
            "research_to_sale_ratio": 21.19,
            "price_fair": 43.4,
            "eps_avg_yearly": 1.24,
            "eps_latest_yearly": 0.16,
            "eps_growth_yearly": 1946.67
        },
        "20134": {
            "year_quarter": 20134,
            "year": 2013,
            "quarter": 4,
            "eps": -0.38,
            "eps_growth_year": null,
            "eps_4q": -1.5,
            "eps_4q_growth_year": null,
            "roe": -6.04,
            "roe_4q": -21.73,
            "gross_profit": 24556,
            "gross_margin": 26.1,
            "gross_margin_4q_avg": 29.9,
            "net_income": -18648,
            "net_income_4q": null,
            "revenue": 94080,
            "revenue_4q": null,
            "common_shares": 497782,
            "book_valuer_per_share": 6.31,
            "book_valuer_per_share_4q_avg": 6.9,
            "equity": 299331,
            "current_ratio": 205.55,
            "debt_ratio": 42.71,
            "inventory_turnover_ratio": 0.23,
            "account_receivable_turnover_ratio": 1.19,
            "reinvestment_rate": null,
            "research_to_sale_ratio": 18.61,
            "price_fair": 0.48,
            "eps_avg_yearly": 0.16,
            "eps_latest_yearly": 0.16,
            "eps_growth_yearly": -346.67
        },
        "20141": {
            "year_quarter": 20141,
            "year": 2014,
            "quarter": 1,
            "eps": -0.25,
            "eps_growth_year": null,
            "eps_4q": -1.38,
            "eps_4q_growth_year": null,
            "roe": -4.21,
            "roe_4q": -21.08,
            "gross_profit": 28934,
            "gross_margin": 31.96,
            "gross_margin_4q_avg": 30.4,
            "net_income": -12395,
            "net_income_4q": null,
            "revenue": 90532,
            "revenue_4q": null,
            "common_shares": 497782,
            "book_valuer_per_share": 6.11,
            "book_valuer_per_share_4q_avg": 6.56,
            "equity": 289117,
            "current_ratio": 204.03,
            "debt_ratio": 43.02,
            "inventory_turnover_ratio": 0.21,
            "account_receivable_turnover_ratio": 1.09,
            "reinvestment_rate": null,
            "research_to_sale_ratio": 19.58,
            "price_fair": 0.48,
            "eps_avg_yearly": 0.16,
            "eps_latest_yearly": 0.16,
            "eps_growth_yearly": -346.67
        },
        "20142": {
            "year_quarter": 20142,
            "year": 2014,
            "quarter": 2,
            "eps": -0.21,
            "eps_growth_year": null,
            "eps_4q": -1.24,
            "eps_4q_growth_year": null,
            "roe": -3.63,
            "roe_4q": -19.919999999999998,
            "gross_profit": 41931,
            "gross_margin": 41.43,
            "gross_margin_4q_avg": 32.87,
            "net_income": -10604,
            "net_income_4q": null,
            "revenue": 101214,
            "revenue_4q": null,
            "common_shares": 484752,
            "book_valuer_per_share": 6.08,
            "book_valuer_per_share_4q_avg": 6.3,
            "equity": 294612,
            "current_ratio": 205.08,
            "debt_ratio": 43.26,
            "inventory_turnover_ratio": 0.21,
            "account_receivable_turnover_ratio": 1.16,
            "reinvestment_rate": null,
            "research_to_sale_ratio": 19.12,
            "price_fair": 0.48,
            "eps_avg_yearly": 0.16,
            "eps_latest_yearly": 0.16,
            "eps_growth_yearly": -346.67
        },
        "20143": {
            "year_quarter": 20143,
            "year": 2014,
            "quarter": 3,
            "eps": -0.06,
            "eps_growth_year": null,
            "eps_4q": -0.9,
            "eps_4q_growth_year": null,
            "roe": -1.03,
            "roe_4q": -14.91,
            "gross_profit": 42717,
            "gross_margin": 41.93,
            "gross_margin_4q_avg": 35.36,
            "net_income": -3077,
            "net_income_4q": null,
            "revenue": 101866,
            "revenue_4q": null,
            "common_shares": 484752,
            "book_valuer_per_share": 6.21,
            "book_valuer_per_share_4q_avg": 6.18,
            "equity": 300903,
            "current_ratio": 207.04,
            "debt_ratio": 57.59,
            "inventory_turnover_ratio": 0.22,
            "account_receivable_turnover_ratio": 1.12,
            "reinvestment_rate": null,
            "research_to_sale_ratio": 19.43,
            "price_fair": 0,
            "eps_avg_yearly": 0,
            "eps_latest_yearly": 0,
            "eps_growth_yearly": 0
        },
        "20144": {
            "year_quarter": 20144,
            "year": 2014,
            "quarter": 4,
            "eps": 0.11,
            "eps_growth_year": null,
            "eps_4q": -0.41,
            "eps_4q_growth_year": null,
            "roe": 1.7,
            "roe_4q": -7.17,
            "gross_profit": 45388,
            "gross_margin": 49.51,
            "gross_margin_4q_avg": 41.21,
            "net_income": 5187,
            "net_income_4q": null,
            "revenue": 91680,
            "revenue_4q": null,
            "common_shares": 484752,
            "book_valuer_per_share": 6.37,
            "book_valuer_per_share_4q_avg": 6.19,
            "equity": 308630,
            "current_ratio": 209.45,
            "debt_ratio": 57.48,
            "inventory_turnover_ratio": 0.16,
            "account_receivable_turnover_ratio": 0.97,
            "reinvestment_rate": null,
            "research_to_sale_ratio": 21.12,
            "price_fair": 0,
            "eps_avg_yearly": 0,
            "eps_latest_yearly": 0,
            "eps_growth_yearly": 0
        },
        "20151": {
            "year_quarter": 20151,
            "year": 2015,
            "quarter": 1,
            "eps": -0.34,
            "eps_growth_year": null,
            "eps_4q": -0.51,
            "eps_4q_growth_year": null,
            "roe": -5.58,
            "roe_4q": -8.54,
            "gross_profit": 30189,
            "gross_margin": 46.1,
            "gross_margin_4q_avg": 44.74,
            "net_income": -16730,
            "net_income_4q": null,
            "revenue": 65484,
            "revenue_4q": null,
            "common_shares": 484752,
            "book_valuer_per_share": 6.02,
            "book_valuer_per_share_4q_avg": 6.17,
            "equity": 291404,
            "current_ratio": 215.34,
            "debt_ratio": 57.76,
            "inventory_turnover_ratio": 0.12,
            "account_receivable_turnover_ratio": 0.77,
            "reinvestment_rate": null,
            "research_to_sale_ratio": 30.05,
            "price_fair": 0,
            "eps_avg_yearly": 0,
            "eps_latest_yearly": 0,
            "eps_growth_yearly": 0
        },
        "20152": {
            "year_quarter": 20152,
            "year": 2015,
            "quarter": 2,
            "eps": -0.54,
            "eps_growth_year": null,
            "eps_4q": -0.83,
            "eps_4q_growth_year": null,
            "roe": -9.47,
            "roe_4q": -14.38,
            "gross_profit": 17405,
            "gross_margin": 26.77,
            "gross_margin_4q_avg": 41.08,
            "net_income": -26312,
            "net_income_4q": null,
            "revenue": 65022,
            "revenue_4q": null,
            "common_shares": 484752,
            "book_valuer_per_share": 5.46,
            "book_valuer_per_share_4q_avg": 6.02,
            "equity": 264083,
            "current_ratio": 205.4,
            "debt_ratio": 59.73,
            "inventory_turnover_ratio": 0.16,
            "account_receivable_turnover_ratio": 1,
            "reinvestment_rate": null,
            "research_to_sale_ratio": 28.83,
            "price_fair": 0,
            "eps_avg_yearly": 0,
            "eps_latest_yearly": 0,
            "eps_growth_yearly": 0
        },
        "20153": {
            "year_quarter": 20153,
            "year": 2015,
            "quarter": 3,
            "eps": -0.35,
            "eps_growth_year": null,
            "eps_4q": -1.12,
            "eps_4q_growth_year": null,
            "roe": -6.57,
            "roe_4q": -19.919999999999998,
            "gross_profit": 26700,
            "gross_margin": 39.16,
            "gross_margin_4q_avg": 40.39,
            "net_income": -16951,
            "net_income_4q": null,
            "revenue": 68182,
            "revenue_4q": null,
            "common_shares": 484752,
            "book_valuer_per_share": 5.21,
            "book_valuer_per_share_4q_avg": 5.77,
            "equity": 252016,
            "current_ratio": 200.69,
            "debt_ratio": 60.92,
            "inventory_turnover_ratio": 0.14,
            "account_receivable_turnover_ratio": 1.16,
            "reinvestment_rate": null,
            "research_to_sale_ratio": 28.77,
            "price_fair": 0,
            "eps_avg_yearly": 0,
            "eps_latest_yearly": 0,
            "eps_growth_yearly": 0
        },
        "20154": {
            "year_quarter": 20154,
            "year": 2015,
            "quarter": 4,
            "eps": -0.76,
            "eps_growth_year": -792.82,
            "eps_4q": -1.99,
            "eps_4q_growth_year": null,
            "roe": -15.81,
            "roe_4q": -37.43,
            "gross_profit": 2940,
            "gross_margin": 4.71,
            "gross_margin_4q_avg": 29.19,
            "net_income": -36886,
            "net_income_4q": null,
            "revenue": 62484,
            "revenue_4q": null,
            "common_shares": 484752,
            "book_valuer_per_share": 4.44,
            "book_valuer_per_share_4q_avg": 5.28,
            "equity": 214738,
            "current_ratio": 186.06,
            "debt_ratio": 64.85,
            "inventory_turnover_ratio": 0.22,
            "account_receivable_turnover_ratio": 1.01,
            "reinvestment_rate": null,
            "research_to_sale_ratio": 23.63,
            "price_fair": 0,
            "eps_avg_yearly": 0,
            "eps_latest_yearly": 0,
            "eps_growth_yearly": 0
        },
        "20161": {
            "year_quarter": 20161,
            "year": 2016,
            "quarter": 1,
            "eps": -0.45,
            "eps_growth_year": null,
            "eps_4q": -2.1,
            "eps_4q_growth_year": null,
            "roe": -10.8,
            "roe_4q": -42.65,
            "gross_profit": 10908,
            "gross_margin": 22.98,
            "gross_margin_4q_avg": 23.41,
            "net_income": -21966,
            "net_income_4q": null,
            "revenue": 47465,
            "revenue_4q": null,
            "common_shares": 484752,
            "book_valuer_per_share": 3.98,
            "book_valuer_per_share_4q_avg": 4.77,
            "equity": 192045,
            "current_ratio": 171.9,
            "debt_ratio": 67.16,
            "inventory_turnover_ratio": 0.14,
            "account_receivable_turnover_ratio": 0.9,
            "reinvestment_rate": null,
            "research_to_sale_ratio": 28.15,
            "price_fair": 0,
            "eps_avg_yearly": 0,
            "eps_latest_yearly": 0,
            "eps_growth_yearly": 0
        },
        "20162": {
            "year_quarter": 20162,
            "year": 2016,
            "quarter": 2,
            "eps": -1.01,
            "eps_growth_year": null,
            "eps_4q": -2.57,
            "eps_4q_growth_year": null,
            "roe": -29.15,
            "roe_4q": -62.330000000000005,
            "gross_profit": -15682,
            "gross_margin": -29.43,
            "gross_margin_4q_avg": 9.36,
            "net_income": -49135,
            "net_income_4q": null,
            "revenue": 53281,
            "revenue_4q": null,
            "common_shares": 484752,
            "book_valuer_per_share": 3.01,
            "book_valuer_per_share_4q_avg": 4.16,
            "equity": 145082,
            "current_ratio": 178.77,
            "debt_ratio": 71.88,
            "inventory_turnover_ratio": 0.29,
            "account_receivable_turnover_ratio": 1.37,
            "reinvestment_rate": null,
            "research_to_sale_ratio": 22.14,
            "price_fair": 0,
            "eps_avg_yearly": 0,
            "eps_latest_yearly": 0,
            "eps_growth_yearly": 0
        },
        "20163": {
            "year_quarter": 20163,
            "year": 2016,
            "quarter": 3,
            "eps": -0.51,
            "eps_growth_year": null,
            "eps_4q": -2.74,
            "eps_4q_growth_year": null,
            "roe": -18.81,
            "roe_4q": -74.57,
            "gross_profit": 15372,
            "gross_margin": 28.95,
            "gross_margin_4q_avg": 6.8,
            "net_income": -24946,
            "net_income_4q": null,
            "revenue": 53094,
            "revenue_4q": null,
            "common_shares": 484752,
            "book_valuer_per_share": 2.5,
            "book_valuer_per_share_4q_avg": 3.48,
            "equity": 120159,
            "current_ratio": 127.32,
            "debt_ratio": 75.55,
            "inventory_turnover_ratio": 0.18,
            "account_receivable_turnover_ratio": 1.51,
            "reinvestment_rate": null,
            "research_to_sale_ratio": 21.88,
            "price_fair": 0,
            "eps_avg_yearly": 0,
            "eps_latest_yearly": 0,
            "eps_growth_yearly": 0
        },
        "20164": {
            "year_quarter": 20164,
            "year": 2016,
            "quarter": 4,
            "eps": -0.45,
            "eps_growth_year": null,
            "eps_4q": -2.43,
            "eps_4q_growth_year": null,
            "roe": -19.53,
            "roe_4q": -78.29,
            "gross_profit": 10933,
            "gross_margin": 21.21,
            "gross_margin_4q_avg": 10.93,
            "net_income": -21915,
            "net_income_4q": null,
            "revenue": 51536,
            "revenue_4q": null,
            "common_shares": 484752,
            "book_valuer_per_share": 2.17,
            "book_valuer_per_share_4q_avg": 2.92,
            "equity": 104217,
            "current_ratio": 123.22,
            "debt_ratio": 77.84,
            "inventory_turnover_ratio": 0.21,
            "account_receivable_turnover_ratio": 1.7,
            "reinvestment_rate": null,
            "research_to_sale_ratio": 26.49,
            "price_fair": 0,
            "eps_avg_yearly": 0,
            "eps_latest_yearly": 0,
            "eps_growth_yearly": 0
        },
        "20171": {
            "year_quarter": 20171,
            "year": 2017,
            "quarter": 1,
            "eps": -0.19,
            "eps_growth_year": null,
            "eps_4q": -2.16,
            "eps_4q_growth_year": null,
            "roe": -9.15,
            "roe_4q": -76.63999999999999,
            "gross_profit": 20485,
            "gross_margin": 39.97,
            "gross_margin_4q_avg": 15.18,
            "net_income": -9074,
            "net_income_4q": null,
            "revenue": 51247,
            "revenue_4q": null,
            "common_shares": 484752,
            "book_valuer_per_share": 1.96,
            "book_valuer_per_share_4q_avg": 2.41,
            "equity": 94037,
            "current_ratio": 118.98,
            "debt_ratio": 79.47,
            "inventory_turnover_ratio": 0.16,
            "account_receivable_turnover_ratio": 2.03,
            "reinvestment_rate": null,
            "research_to_sale_ratio": 19.19,
            "price_fair": 0,
            "eps_avg_yearly": 0,
            "eps_latest_yearly": 0,
            "eps_growth_yearly": 0
        },
        "20172": {
            "year_quarter": 20172,
            "year": 2017,
            "quarter": 2,
            "eps": -0.14,
            "eps_growth_year": null,
            "eps_4q": -1.29,
            "eps_4q_growth_year": null,
            "roe": -7.74,
            "roe_4q": -55.230000000000004,
            "gross_profit": 15879,
            "gross_margin": 38.29,
            "gross_margin_4q_avg": 32.11,
            "net_income": -6957,
            "net_income_4q": null,
            "revenue": 41471,
            "revenue_4q": null,
            "common_shares": 484752,
            "book_valuer_per_share": 1.79,
            "book_valuer_per_share_4q_avg": 2.11,
            "equity": 85651,
            "current_ratio": 116.85,
            "debt_ratio": 81.39,
            "inventory_turnover_ratio": 0.14,
            "account_receivable_turnover_ratio": 1.81,
            "reinvestment_rate": null,
            "research_to_sale_ratio": 24.41,
            "price_fair": 0,
            "eps_avg_yearly": 0,
            "eps_latest_yearly": 0,
            "eps_growth_yearly": 0
        },
        "20173": {
            "year_quarter": 20173,
            "year": 2017,
            "quarter": 3,
            "eps": 0.02,
            "eps_growth_year": null,
            "eps_4q": -0.75,
            "eps_4q_growth_year": null,
            "roe": 0.81,
            "roe_4q": -35.61,
            "gross_profit": 19140,
            "gross_margin": 43.27,
            "gross_margin_4q_avg": 35.69,
            "net_income": 712,
            "net_income_4q": null,
            "revenue": 44237,
            "revenue_4q": null,
            "common_shares": 484752,
            "book_valuer_per_share": 1.82,
            "book_valuer_per_share_4q_avg": 1.94,
            "equity": 90697,
            "current_ratio": 143.46,
            "debt_ratio": 64.16,
            "inventory_turnover_ratio": 0.13,
            "account_receivable_turnover_ratio": 2.01,
            "reinvestment_rate": null,
            "research_to_sale_ratio": 25.81,
            "price_fair": 0,
            "eps_avg_yearly": 0,
            "eps_latest_yearly": 0,
            "eps_growth_yearly": 0
        },
        "20174": {
            "year_quarter": 20174,
            "year": 2017,
            "quarter": 4,
            "eps": 0.21,
            "eps_growth_year": null,
            "eps_4q": -0.09,
            "eps_4q_growth_year": null,
            "roe": 10.56,
            "roe_4q": -5.52,
            "gross_profit": 26861,
            "gross_margin": 55.31,
            "gross_margin_4q_avg": 44.21,
            "net_income": 10495,
            "net_income_4q": null,
            "revenue": 48561,
            "revenue_4q": null,
            "common_shares": 484752,
            "book_valuer_per_share": 2.12,
            "book_valuer_per_share_4q_avg": 1.92,
            "equity": 108082,
            "current_ratio": 155.92,
            "debt_ratio": 58.6,
            "inventory_turnover_ratio": 0.12,
            "account_receivable_turnover_ratio": 2.05,
            "reinvestment_rate": null,
            "research_to_sale_ratio": 17.7,
            "price_fair": 29.4,
            "eps_avg_yearly": 0.84,
            "eps_latest_yearly": 0.84,
            "eps_growth_yearly": 3800
        },
        "20181": {
            "year_quarter": 20181,
            "year": 2018,
            "quarter": 1,
            "eps": -0.02,
            "eps_growth_year": null,
            "eps_4q": 0.06,
            "eps_4q_growth_year": null,
            "roe": -0.97,
            "roe_4q": 2.66,
            "gross_profit": 13426,
            "gross_margin": 30.72,
            "gross_margin_4q_avg": 41.9,
            "net_income": -1108,
            "net_income_4q": null,
            "revenue": 43709,
            "revenue_4q": null,
            "common_shares": 566502,
            "book_valuer_per_share": 2.14,
            "book_valuer_per_share_4q_avg": 1.97,
            "equity": 119983,
            "current_ratio": 186.6,
            "debt_ratio": 48.89,
            "inventory_turnover_ratio": 0.17,
            "account_receivable_turnover_ratio": 1.93,
            "reinvestment_rate": null,
            "research_to_sale_ratio": 21.84,
            "price_fair": 29.4,
            "eps_avg_yearly": 0.84,
            "eps_latest_yearly": 0.84,
            "eps_growth_yearly": 3800
        },
        "20182": {
            "year_quarter": 20182,
            "year": 2018,
            "quarter": 2,
            "eps": 0.03,
            "eps_growth_year": null,
            "eps_4q": 0.21,
            "eps_4q_growth_year": null,
            "roe": 1.2,
            "roe_4q": 11.600000000000001,
            "gross_profit": 22264,
            "gross_margin": 43.36,
            "gross_margin_4q_avg": 43.17,
            "net_income": 1476,
            "net_income_4q": null,
            "revenue": 51351,
            "revenue_4q": null,
            "common_shares": 566502,
            "book_valuer_per_share": 2.24,
            "book_valuer_per_share_4q_avg": 2.08,
            "equity": 125863,
            "current_ratio": 197.86,
            "debt_ratio": 46.52,
            "inventory_turnover_ratio": 0.17,
            "account_receivable_turnover_ratio": 2.25,
            "reinvestment_rate": null,
            "research_to_sale_ratio": 16.73,
            "price_fair": 29.4,
            "eps_avg_yearly": 0.84,
            "eps_latest_yearly": 0.84,
            "eps_growth_yearly": 3800
        },
        "20183": {
            "year_quarter": 20183,
            "year": 2018,
            "quarter": 3,
            "eps": 0.01,
            "eps_growth_year": -50,
            "eps_4q": 0.21,
            "eps_4q_growth_year": null,
            "roe": 0.44,
            "roe_4q": 11.23,
            "gross_profit": 20915,
            "gross_margin": 51.41,
            "gross_margin_4q_avg": 45.2,
            "net_income": 567,
            "net_income_4q": null,
            "revenue": 40686,
            "revenue_4q": null,
            "common_shares": 566502,
            "book_valuer_per_share": 2.31,
            "book_valuer_per_share_4q_avg": 2.2,
            "equity": 129619,
            "current_ratio": 210.57,
            "debt_ratio": 43.89,
            "inventory_turnover_ratio": 0.12,
            "account_receivable_turnover_ratio": 1.85,
            "reinvestment_rate": null,
            "research_to_sale_ratio": 22.92,
            "price_fair": 15.4,
            "eps_avg_yearly": 0.44,
            "eps_latest_yearly": 0.04,
            "eps_growth_yearly": 1766.67
        },
        "20184": {
            "year_quarter": 20184,
            "year": 2018,
            "quarter": 4,
            "eps": 0.08,
            "eps_growth_year": -61.1,
            "eps_4q": 0.13,
            "eps_4q_growth_year": null,
            "roe": 1.43,
            "roe_4q": 2.0999999999999996,
            "gross_profit": 14996,
            "gross_margin": 45.51,
            "gross_margin_4q_avg": 42.75,
            "net_income": 1862,
            "net_income_4q": null,
            "revenue": 32954,
            "revenue_4q": null,
            "common_shares": 226601,
            "book_valuer_per_share": 5.84,
            "book_valuer_per_share_4q_avg": 3.13,
            "equity": 130964,
            "current_ratio": 223.47,
            "debt_ratio": 41.53,
            "inventory_turnover_ratio": 0.11,
            "account_receivable_turnover_ratio": 2.17,
            "reinvestment_rate": null,
            "research_to_sale_ratio": 22.74,
            "price_fair": 14,
            "eps_avg_yearly": 0.4,
            "eps_latest_yearly": 0.32,
            "eps_growth_yearly": 2111.11
        },
        "20191": {
            "year_quarter": 20191,
            "year": 2019,
            "quarter": 1,
            "eps": 0.04,
            "eps_growth_year": null,
            "eps_4q": 0.22,
            "eps_4q_growth_year": 270.76,
            "roe": 0.72,
            "roe_4q": 3.79,
            "gross_profit": 13223,
            "gross_margin": 46.68,
            "gross_margin_4q_avg": 46.74,
            "net_income": 938,
            "net_income_4q": null,
            "revenue": 28329,
            "revenue_4q": null,
            "common_shares": 226601,
            "book_valuer_per_share": 5.84,
            "book_valuer_per_share_4q_avg": 4.06,
            "equity": 130972,
            "current_ratio": 210.85,
            "debt_ratio": 58.04,
            "inventory_turnover_ratio": 0.09,
            "account_receivable_turnover_ratio": 2.5,
            "reinvestment_rate": null,
            "research_to_sale_ratio": 29.28,
            "price_fair": 11.9,
            "eps_avg_yearly": 0.34,
            "eps_latest_yearly": 0.16,
            "eps_growth_yearly": 1533.33
        },
        "20192": {
            "year_quarter": 20192,
            "year": 2019,
            "quarter": 2,
            "eps": -0.02,
            "eps_growth_year": -166.67,
            "eps_4q": 0.13,
            "eps_4q_growth_year": -35.53,
            "roe": -0.31,
            "roe_4q": 2.28,
            "gross_profit": 18479,
            "gross_margin": 55.58,
            "gross_margin_4q_avg": 49.8,
            "net_income": -411,
            "net_income_4q": null,
            "revenue": 33249,
            "revenue_4q": null,
            "common_shares": 226601,
            "book_valuer_per_share": 5.9,
            "book_valuer_per_share_4q_avg": 4.97,
            "equity": 132406,
            "current_ratio": 230.63,
            "debt_ratio": 56.4,
            "inventory_turnover_ratio": 0.09,
            "account_receivable_turnover_ratio": 2.59,
            "reinvestment_rate": null,
            "research_to_sale_ratio": 24.38,
            "price_fair": 11.9,
            "eps_avg_yearly": 0.34,
            "eps_latest_yearly": 0.16,
            "eps_growth_yearly": 1533.33
        },
        "20193": {
            "year_quarter": 20193,
            "year": 2019,
            "quarter": 3,
            "eps": 0.04,
            "eps_growth_year": 300,
            "eps_4q": 0.15,
            "eps_4q_growth_year": -27.25,
            "roe": 0.7,
            "roe_4q": 2.54,
            "gross_profit": 17381,
            "gross_margin": 54.45,
            "gross_margin_4q_avg": 50.56,
            "net_income": 936,
            "net_income_4q": null,
            "revenue": 31919,
            "revenue_4q": null,
            "common_shares": 226601,
            "book_valuer_per_share": 6.05,
            "book_valuer_per_share_4q_avg": 5.91,
            "equity": 135783,
            "current_ratio": 228.69,
            "debt_ratio": 56.07,
            "inventory_turnover_ratio": 0.09,
            "account_receivable_turnover_ratio": 1.84,
            "reinvestment_rate": null,
            "research_to_sale_ratio": 24.46,
            "price_fair": 11.9,
            "eps_avg_yearly": 0.34,
            "eps_latest_yearly": 0.16,
            "eps_growth_yearly": 1533.33
        },
        "20194": {
            "year_quarter": 20194,
            "year": 2019,
            "quarter": 4,
            "eps": 0.12,
            "eps_growth_year": 40.32,
            "eps_4q": 0.18,
            "eps_4q_growth_year": 39.29,
            "roe": 2.02,
            "roe_4q": 3.13,
            "gross_profit": 13864,
            "gross_margin": 51.9,
            "gross_margin_4q_avg": 52.15,
            "net_income": 2751,
            "net_income_4q": null,
            "revenue": 26712,
            "revenue_4q": null,
            "common_shares": 226601,
            "book_valuer_per_share": 6.09,
            "book_valuer_per_share_4q_avg": 5.97,
            "equity": 136837,
            "current_ratio": 234.78,
            "debt_ratio": 55.09,
            "inventory_turnover_ratio": 0.08,
            "account_receivable_turnover_ratio": 1.54,
            "reinvestment_rate": null,
            "research_to_sale_ratio": 27.47,
            "price_fair": 12.88,
            "eps_avg_yearly": 0.37,
            "eps_latest_yearly": 0.48,
            "eps_growth_yearly": 1386.67
        },
        "20201": {
            "year_quarter": 20201,
            "year": 2020,
            "quarter": 1,
            "eps": -0.13,
            "eps_growth_year": -425,
            "eps_4q": 0.01,
            "eps_4q_growth_year": -93.56,
            "roe": -2.12,
            "roe_4q": 0.28999999999999987,
            "gross_profit": 11189,
            "gross_margin": 48.16,
            "gross_margin_4q_avg": 52.52,
            "net_income": -2890,
            "net_income_4q": null,
            "revenue": 23231,
            "revenue_4q": null,
            "common_shares": 226601,
            "book_valuer_per_share": 6.06,
            "book_valuer_per_share_4q_avg": 6.03,
            "equity": 136023,
            "current_ratio": 229.18,
            "debt_ratio": 55.54,
            "inventory_turnover_ratio": 0.08,
            "account_receivable_turnover_ratio": 1.54,
            "reinvestment_rate": null,
            "research_to_sale_ratio": 32.78,
            "price_fair": 12.88,
            "eps_avg_yearly": 0.37,
            "eps_latest_yearly": 0.48,
            "eps_growth_yearly": 1386.67
        },
        "20202": {
            "year_quarter": 20202,
            "year": 2020,
            "quarter": 2,
            "eps": -0.05,
            "eps_growth_year": null,
            "eps_4q": -0.02,
            "eps_4q_growth_year": -112.31,
            "roe": -0.82,
            "roe_4q": -0.21999999999999997,
            "gross_profit": 8947,
            "gross_margin": 43.3,
            "gross_margin_4q_avg": 49.45,
            "net_income": -1104,
            "net_income_4q": null,
            "revenue": 20664,
            "revenue_4q": null,
            "common_shares": 226601,
            "book_valuer_per_share": 6,
            "book_valuer_per_share_4q_avg": 6.05,
            "equity": 134612,
            "current_ratio": 221.98,
            "debt_ratio": 55.01,
            "inventory_turnover_ratio": 0.07,
            "account_receivable_turnover_ratio": 1.28,
            "reinvestment_rate": null,
            "research_to_sale_ratio": 38.96,
            "price_fair": 12.88,
            "eps_avg_yearly": 0.37,
            "eps_latest_yearly": 0.48,
            "eps_growth_yearly": 1386.67
        },
        "20203": {
            "year_quarter": 20203,
            "year": 2020,
            "quarter": 3,
            "eps": 0.01,
            "eps_growth_year": -75,
            "eps_4q": -0.05,
            "eps_4q_growth_year": -131.74,
            "roe": 0.18,
            "roe_4q": -0.7399999999999998,
            "gross_profit": 13277,
            "gross_margin": 42.17,
            "gross_margin_4q_avg": 46.38,
            "net_income": 238,
            "net_income_4q": null,
            "revenue": 31484,
            "revenue_4q": null,
            "common_shares": 226601,
            "book_valuer_per_share": 5.86,
            "book_valuer_per_share_4q_avg": 6,
            "equity": 131441,
            "current_ratio": 216.06,
            "debt_ratio": 55.72,
            "inventory_turnover_ratio": 0.12,
            "account_receivable_turnover_ratio": 1.99,
            "reinvestment_rate": null,
            "research_to_sale_ratio": 27.61,
            "price_fair": 12.88,
            "eps_avg_yearly": 0.37,
            "eps_latest_yearly": 0.48,
            "eps_growth_yearly": 1386.67
        },
        "20204": {
            "year_quarter": 20204,
            "year": 2020,
            "quarter": 4,
            "eps": -0.19,
            "eps_growth_year": -263.15,
            "eps_4q": -0.35,
            "eps_4q_growth_year": -293.3,
            "roe": -3.37,
            "roe_4q": -6.13,
            "gross_profit": 9368,
            "gross_margin": 37.27,
            "gross_margin_4q_avg": 42.73,
            "net_income": -4301,
            "net_income_4q": null,
            "revenue": 25133,
            "revenue_4q": null,
            "common_shares": 226601,
            "book_valuer_per_share": 5.51,
            "book_valuer_per_share_4q_avg": 5.86,
            "equity": 123550,
            "current_ratio": 207.75,
            "debt_ratio": 56.85,
            "inventory_turnover_ratio": 0.1,
            "account_receivable_turnover_ratio": 1.72,
            "reinvestment_rate": null,
            "research_to_sale_ratio": 33.64,
            "price_fair": 12.88,
            "eps_avg_yearly": 0.37,
            "eps_latest_yearly": 0.48,
            "eps_growth_yearly": 1386.67
        },
        "20211": {
            "year_quarter": 20211,
            "year": 2021,
            "quarter": 1,
            "eps": -0.09,
            "eps_growth_year": null,
            "eps_4q": -0.32,
            "eps_4q_growth_year": -2335.8,
            "roe": -1.66,
            "roe_4q": -5.670000000000001,
            "gross_profit": 13914,
            "gross_margin": 48.39,
            "gross_margin_4q_avg": 42.78,
            "net_income": -2044,
            "net_income_4q": null,
            "revenue": 28751,
            "revenue_4q": null,
            "common_shares": 226601,
            "book_valuer_per_share": 5.44,
            "book_valuer_per_share_4q_avg": 5.7,
            "equity": 122059,
            "current_ratio": 215.46,
            "debt_ratio": 56.81,
            "inventory_turnover_ratio": 0.1,
            "account_receivable_turnover_ratio": 2.02,
            "reinvestment_rate": -953.55,
            "research_to_sale_ratio": 26.02,
            "price_fair": 12.88,
            "eps_avg_yearly": 0.37,
            "eps_latest_yearly": 0.48,
            "eps_growth_yearly": 1386.67
        },
        "20212": {
            "year_quarter": 20212,
            "year": 2021,
            "quarter": 2,
            "eps": 0.11,
            "eps_growth_year": null,
            "eps_4q": -0.15,
            "eps_4q_growth_year": null,
            "roe": 2.1,
            "roe_4q": -2.7499999999999996,
            "gross_profit": 17907,
            "gross_margin": 66.3,
            "gross_margin_4q_avg": 48.53,
            "net_income": 2578,
            "net_income_4q": null,
            "revenue": 27007,
            "revenue_4q": null,
            "common_shares": 226601,
            "book_valuer_per_share": 5.49,
            "book_valuer_per_share_4q_avg": 5.58,
            "equity": 123143,
            "current_ratio": 219.03,
            "debt_ratio": 55.81,
            "inventory_turnover_ratio": 0.06,
            "account_receivable_turnover_ratio": 1.89,
            "reinvestment_rate": -112.25,
            "research_to_sale_ratio": 25.93,
            "price_fair": 12.88,
            "eps_avg_yearly": 0.37,
            "eps_latest_yearly": 0.48,
            "eps_growth_yearly": 1386.67
        },
        "20213": {
            "year_quarter": 20213,
            "year": 2021,
            "quarter": 3,
            "eps": 0,
            "eps_growth_year": -100,
            "eps_4q": -0.16,
            "eps_4q_growth_year": null,
            "roe": 0.02,
            "roe_4q": -2.91,
            "gross_profit": 16387,
            "gross_margin": 57.89,
            "gross_margin_4q_avg": 52.46,
            "net_income": 23,
            "net_income_4q": null,
            "revenue": 28309,
            "revenue_4q": null,
            "common_shares": 226601,
            "book_valuer_per_share": 5.5,
            "book_valuer_per_share_4q_avg": 5.49,
            "equity": 123429,
            "current_ratio": 225.91,
            "debt_ratio": 54.4,
            "inventory_turnover_ratio": 0.08,
            "account_receivable_turnover_ratio": 2.21,
            "reinvestment_rate": -99.99,
            "research_to_sale_ratio": 26.73,
            "price_fair": 12.88,
            "eps_avg_yearly": 0.37,
            "eps_latest_yearly": 0.48,
            "eps_growth_yearly": 1386.67
        },
        "20214": {
            "year_quarter": 20214,
            "year": 2021,
            "quarter": 4,
            "eps": -1.51,
            "eps_growth_year": null,
            "eps_4q": -1.48,
            "eps_4q_growth_year": null,
            "roe": -32.34,
            "roe_4q": -31.88,
            "gross_profit": -19827,
            "gross_margin": -73.45,
            "gross_margin_4q_avg": 24.78,
            "net_income": -34193,
            "net_income_4q": null,
            "revenue": 26995,
            "revenue_4q": null,
            "common_shares": 226601,
            "book_valuer_per_share": 3.94,
            "book_valuer_per_share_4q_avg": 5.09,
            "equity": 88012,
            "current_ratio": 184.55,
            "debt_ratio": 62.38,
            "inventory_turnover_ratio": 0.36,
            "account_receivable_turnover_ratio": 2.61,
            "reinvestment_rate": null,
            "research_to_sale_ratio": 26.8,
            "price_fair": 8.75,
            "eps_avg_yearly": 0.25,
            "eps_latest_yearly": 0.48,
            "eps_growth_yearly": 783.33
        },
        "20221": {
            "year_quarter": 20221,
            "year": 2022,
            "quarter": 1,
            "eps": 0.02,
            "eps_growth_year": null,
            "eps_4q": -1.38,
            "eps_4q_growth_year": null,
            "roe": 0.39,
            "roe_4q": -29.830000000000002,
            "gross_profit": 14723,
            "gross_margin": 66.56,
            "gross_margin_4q_avg": 29.33,
            "net_income": 344,
            "net_income_4q": null,
            "revenue": 22119,
            "revenue_4q": null,
            "common_shares": 226601,
            "book_valuer_per_share": 3.97,
            "book_valuer_per_share_4q_avg": 4.73,
            "equity": 88664,
            "current_ratio": 184.2,
            "debt_ratio": 61.8,
            "inventory_turnover_ratio": 0.06,
            "account_receivable_turnover_ratio": 2.32,
            "reinvestment_rate": null,
            "research_to_sale_ratio": 33.81,
            "price_fair": 8.75,
            "eps_avg_yearly": 0.25,
            "eps_latest_yearly": 0.48,
            "eps_growth_yearly": 783.33
        },
        "20222": {
            "year_quarter": 20222,
            "year": 2022,
            "quarter": 2,
            "eps": 0,
            "eps_growth_year": -100,
            "eps_4q": -1.49,
            "eps_4q_growth_year": null,
            "roe": 0.01,
            "roe_4q": -31.920000000000005,
            "gross_profit": 18512,
            "gross_margin": 55.87,
            "gross_margin_4q_avg": 26.72,
            "net_income": 9,
            "net_income_4q": null,
            "revenue": 33133,
            "revenue_4q": null,
            "common_shares": 226601,
            "book_valuer_per_share": 4.16,
            "book_valuer_per_share_4q_avg": 4.39,
            "equity": 92904,
            "current_ratio": 191.41,
            "debt_ratio": 59.75,
            "inventory_turnover_ratio": 0.13,
            "account_receivable_turnover_ratio": 3.11,
            "reinvestment_rate": null,
            "research_to_sale_ratio": 20.69,
            "price_fair": 8.75,
            "eps_avg_yearly": 0.25,
            "eps_latest_yearly": 0.48,
            "eps_growth_yearly": 783.33
        },
        "20223": {
            "year_quarter": 20223,
            "year": 2022,
            "quarter": 3,
            "eps": 0.15,
            "eps_growth_year": null,
            "eps_4q": -2.1,
            "eps_4q_growth_year": null,
            "roe": 2.34,
            "roe_4q": -29.600000000000005,
            "gross_profit": 22406,
            "gross_margin": 66.53,
            "gross_margin_4q_avg": 28.88,
            "net_income": 2256,
            "net_income_4q": null,
            "revenue": 33680,
            "revenue_4q": null,
            "common_shares": 150000,
            "book_valuer_per_share": 6.77,
            "book_valuer_per_share_4q_avg": 4.71,
            "equity": 100222,
            "current_ratio": 201.82,
            "debt_ratio": 57.26,
            "inventory_turnover_ratio": 0.1,
            "account_receivable_turnover_ratio": 2.17,
            "reinvestment_rate": null,
            "research_to_sale_ratio": 22.24,
            "price_fair": 11.2,
            "eps_avg_yearly": 0.32,
            "eps_latest_yearly": 0.48,
            "eps_growth_yearly": 1133.33
        },
        "20224": {
            "year_quarter": 20224,
            "year": 2022,
            "quarter": 4,
            "eps": 0.02,
            "eps_growth_year": null,
            "eps_4q": 0.19,
            "eps_4q_growth_year": null,
            "roe": 0.21,
            "roe_4q": 2.9499999999999997,
            "gross_profit": 14263,
            "gross_margin": 52.95,
            "gross_margin_4q_avg": 60.48,
            "net_income": 207,
            "net_income_4q": null,
            "revenue": 26939,
            "revenue_4q": null,
            "common_shares": 150000,
            "book_valuer_per_share": 6.66,
            "book_valuer_per_share_4q_avg": 5.39,
            "equity": 98591,
            "current_ratio": 212.98,
            "debt_ratio": 55.36,
            "inventory_turnover_ratio": 0.11,
            "account_receivable_turnover_ratio": 1.72,
            "reinvestment_rate": null,
            "research_to_sale_ratio": 26.7,
            "price_fair": 8.4,
            "eps_avg_yearly": 0.24,
            "eps_latest_yearly": 0.08,
            "eps_growth_yearly": 84.44
        },
        "20231": {
            "year_quarter": 20231,
            "year": 2023,
            "quarter": 1,
            "eps": 0.03,
            "eps_growth_year": 50,
            "eps_4q": 0.2,
            "eps_4q_growth_year": null,
            "roe": 0.46,
            "roe_4q": 3.0199999999999996,
            "gross_profit": 14452,
            "gross_margin": 63.77,
            "gross_margin_4q_avg": 59.78,
            "net_income": 455,
            "net_income_4q": null,
            "revenue": 22664,
            "revenue_4q": null,
            "common_shares": 150000,
            "book_valuer_per_share": 6.63,
            "book_valuer_per_share_4q_avg": 6.06,
            "equity": 98039,
            "current_ratio": 226.62,
            "debt_ratio": 53.13,
            "inventory_turnover_ratio": 0.07,
            "account_receivable_turnover_ratio": 1.95,
            "reinvestment_rate": null,
            "research_to_sale_ratio": 30.39,
            "price_fair": 7.93,
            "eps_avg_yearly": 0.23,
            "eps_latest_yearly": 0.12,
            "eps_growth_yearly": 217.78
        },
        "20232": {
            "year_quarter": 20232,
            "year": 2023,
            "quarter": 2,
            "eps": -0.07,
            "eps_growth_year": null,
            "eps_4q": 0.12,
            "eps_4q_growth_year": null,
            "roe": -1.11,
            "roe_4q": 1.8999999999999997,
            "gross_profit": 16923,
            "gross_margin": 70.95,
            "gross_margin_4q_avg": 63.55,
            "net_income": -1098,
            "net_income_4q": null,
            "revenue": 23851,
            "revenue_4q": null,
            "common_shares": 150000,
            "book_valuer_per_share": 6.79,
            "book_valuer_per_share_4q_avg": 6.71,
            "equity": 100482,
            "current_ratio": 222.27,
            "debt_ratio": 53.06,
            "inventory_turnover_ratio": 0.06,
            "account_receivable_turnover_ratio": 2.41,
            "reinvestment_rate": null,
            "research_to_sale_ratio": 30.2,
            "price_fair": 7.93,
            "eps_avg_yearly": 0.23,
            "eps_latest_yearly": 0.12,
            "eps_growth_yearly": 217.78
        }
    },
    "months": {
        "2004-03": {
            "month": "2004-03",
            "price": "165.48",
            "revenue": 60678
        },
        "2004-04": {
            "month": "2004-04",
            "price": "167.05",
            "revenue": 48929
        },
        "2004-05": {
            "month": "2004-05",
            "price": "150.07",
            "revenue": 53990
        },
        "2004-06": {
            "month": "2004-06",
            "price": "113.24",
            "revenue": 51564
        },
        "2004-07": {
            "month": "2004-07",
            "price": "93.52",
            "revenue": 57457
        },
        "2004-08": {
            "month": "2004-08",
            "price": "78.27",
            "revenue": 51683
        },
        "2004-09": {
            "month": "2004-09",
            "price": "74.13",
            "revenue": 70006
        },
        "2004-10": {
            "month": "2004-10",
            "price": "64.65",
            "revenue": 59401
        },
        "2004-11": {
            "month": "2004-11",
            "price": "49.60",
            "revenue": 58288
        },
        "2004-12": {
            "month": "2004-12",
            "price": "50.73",
            "revenue": 54248
        },
        "2005-01": {
            "month": "2005-01",
            "price": "44.71",
            "revenue": 61412
        },
        "2005-02": {
            "month": "2005-02",
            "price": "52.74",
            "revenue": 44217
        },
        "2005-03": {
            "month": "2005-03",
            "price": "61.31",
            "revenue": 56346
        },
        "2005-04": {
            "month": "2005-04",
            "price": "54.71",
            "revenue": 59365
        },
        "2005-05": {
            "month": "2005-05",
            "price": "51.06",
            "revenue": 50379
        },
        "2005-06": {
            "month": "2005-06",
            "price": "57.74",
            "revenue": 59053
        },
        "2005-07": {
            "month": "2005-07",
            "price": "60.77",
            "revenue": 55320
        },
        "2005-08": {
            "month": "2005-08",
            "price": "56.69",
            "revenue": 65519
        },
        "2005-09": {
            "month": "2005-09",
            "price": "43.56",
            "revenue": 79696
        },
        "2005-10": {
            "month": "2005-10",
            "price": "39.55",
            "revenue": 63218
        },
        "2005-11": {
            "month": "2005-11",
            "price": "43.33",
            "revenue": 67466
        },
        "2005-12": {
            "month": "2005-12",
            "price": "51.15",
            "revenue": 60173
        },
        "2006-01": {
            "month": "2006-01",
            "price": "53.74",
            "revenue": 43080
        },
        "2006-02": {
            "month": "2006-02",
            "price": "45.23",
            "revenue": 41436
        },
        "2006-03": {
            "month": "2006-03",
            "price": "45.28",
            "revenue": 68439
        },
        "2006-04": {
            "month": "2006-04",
            "price": "48.75",
            "revenue": 53491
        },
        "2006-05": {
            "month": "2006-05",
            "price": "47.97",
            "revenue": 47171
        },
        "2006-06": {
            "month": "2006-06",
            "price": "40.69",
            "revenue": 67418
        },
        "2006-07": {
            "month": "2006-07",
            "price": "37.74",
            "revenue": 44179
        },
        "2006-08": {
            "month": "2006-08",
            "price": "35.94",
            "revenue": 76097
        },
        "2006-09": {
            "month": "2006-09",
            "price": "41.96",
            "revenue": 70801
        },
        "2006-10": {
            "month": "2006-10",
            "price": "51.70",
            "revenue": 51645
        },
        "2006-11": {
            "month": "2006-11",
            "price": "47.78",
            "revenue": 63095
        },
        "2006-12": {
            "month": "2006-12",
            "price": "51.07",
            "revenue": 66797
        },
        "2007-01": {
            "month": "2007-01",
            "price": "87.95",
            "revenue": 62044
        },
        "2007-02": {
            "month": "2007-02",
            "price": "85.62",
            "revenue": 43976
        },
        "2007-03": {
            "month": "2007-03",
            "price": "87.17",
            "revenue": 76313
        },
        "2007-04": {
            "month": "2007-04",
            "price": "78.16",
            "revenue": 63154
        },
        "2007-05": {
            "month": "2007-05",
            "price": "81.68",
            "revenue": 69781
        },
        "2007-06": {
            "month": "2007-06",
            "price": "90.76",
            "revenue": 64562
        },
        "2007-07": {
            "month": "2007-07",
            "price": "100.93",
            "revenue": 71850
        },
        "2007-08": {
            "month": "2007-08",
            "price": "77.14",
            "revenue": 89052
        },
        "2007-09": {
            "month": "2007-09",
            "price": "76.58",
            "revenue": 74724
        },
        "2007-10": {
            "month": "2007-10",
            "price": "70.35",
            "revenue": 81190
        },
        "2007-11": {
            "month": "2007-11",
            "price": "59.38",
            "revenue": 67551
        },
        "2007-12": {
            "month": "2007-12",
            "price": "52.93",
            "revenue": 70547
        },
        "2008-01": {
            "month": "2008-01",
            "price": "58.95",
            "revenue": 64743
        },
        "2008-02": {
            "month": "2008-02",
            "price": "52.01",
            "revenue": 50481
        },
        "2008-03": {
            "month": "2008-03",
            "price": "54.36",
            "revenue": 60708
        },
        "2008-04": {
            "month": "2008-04",
            "price": "58.29",
            "revenue": 67463
        },
        "2008-05": {
            "month": "2008-05",
            "price": "65.01",
            "revenue": 61787
        },
        "2008-06": {
            "month": "2008-06",
            "price": "47.11",
            "revenue": 62061
        },
        "2008-07": {
            "month": "2008-07",
            "price": "38.68",
            "revenue": 79678
        },
        "2008-08": {
            "month": "2008-08",
            "price": "39.67",
            "revenue": 62873
        },
        "2008-09": {
            "month": "2008-09",
            "price": "24.79",
            "revenue": 58453
        },
        "2008-10": {
            "month": "2008-10",
            "price": "17.83",
            "revenue": 57911
        },
        "2008-11": {
            "month": "2008-11",
            "price": "12.34",
            "revenue": 48058
        },
        "2008-12": {
            "month": "2008-12",
            "price": "13.15",
            "revenue": 35027
        },
        "2009-01": {
            "month": "2009-01",
            "price": "14.06",
            "revenue": 22309
        },
        "2009-02": {
            "month": "2009-02",
            "price": "14.29",
            "revenue": 42116
        },
        "2009-03": {
            "month": "2009-03",
            "price": "18.75",
            "revenue": 69244
        },
        "2009-04": {
            "month": "2009-04",
            "price": "20.72",
            "revenue": 46457
        },
        "2009-05": {
            "month": "2009-05",
            "price": "26.74",
            "revenue": 46191
        },
        "2009-06": {
            "month": "2009-06",
            "price": "23.78",
            "revenue": 72303
        },
        "2009-07": {
            "month": "2009-07",
            "price": "25.24",
            "revenue": 72065
        },
        "2009-08": {
            "month": "2009-08",
            "price": "24.25",
            "revenue": 61647
        },
        "2009-09": {
            "month": "2009-09",
            "price": "25.80",
            "revenue": 48601
        },
        "2009-10": {
            "month": "2009-10",
            "price": "26.49",
            "revenue": 54328
        },
        "2009-11": {
            "month": "2009-11",
            "price": "25.22",
            "revenue": 45230
        },
        "2009-12": {
            "month": "2009-12",
            "price": "33.40",
            "revenue": 56848
        },
        "2010-01": {
            "month": "2010-01",
            "price": "33.40",
            "revenue": 41545
        },
        "2010-02": {
            "month": "2010-02",
            "price": "28.79",
            "revenue": 28125
        },
        "2010-03": {
            "month": "2010-03",
            "price": "31.80",
            "revenue": 56083
        },
        "2010-04": {
            "month": "2010-04",
            "price": "31.78",
            "revenue": 65961
        },
        "2010-05": {
            "month": "2010-05",
            "price": "26.84",
            "revenue": 60154
        },
        "2010-06": {
            "month": "2010-06",
            "price": "26.46",
            "revenue": 66180
        },
        "2010-07": {
            "month": "2010-07",
            "price": "27.12",
            "revenue": 79978
        },
        "2010-08": {
            "month": "2010-08",
            "price": "27.45",
            "revenue": 59422
        },
        "2010-09": {
            "month": "2010-09",
            "price": "28.83",
            "revenue": 75589
        },
        "2010-10": {
            "month": "2010-10",
            "price": "26.23",
            "revenue": 46982
        },
        "2010-11": {
            "month": "2010-11",
            "price": "24.07",
            "revenue": 60048
        },
        "2010-12": {
            "month": "2010-12",
            "price": "26.10",
            "revenue": 58558
        },
        "2011-01": {
            "month": "2011-01",
            "price": "24.50",
            "revenue": 52494
        },
        "2011-02": {
            "month": "2011-02",
            "price": "23.77",
            "revenue": 32989
        },
        "2011-03": {
            "month": "2011-03",
            "price": "25.48",
            "revenue": 70176
        },
        "2011-04": {
            "month": "2011-04",
            "price": "27.26",
            "revenue": 67353
        },
        "2011-05": {
            "month": "2011-05",
            "price": "24.45",
            "revenue": 47382
        },
        "2011-06": {
            "month": "2011-06",
            "price": "21.70",
            "revenue": 66313
        },
        "2011-07": {
            "month": "2011-07",
            "price": "18.87",
            "revenue": 51109
        },
        "2011-08": {
            "month": "2011-08",
            "price": "15.81",
            "revenue": 46280
        },
        "2011-09": {
            "month": "2011-09",
            "price": "14.76",
            "revenue": 43658
        },
        "2011-10": {
            "month": "2011-10",
            "price": "13.74",
            "revenue": 41576
        },
        "2011-11": {
            "month": "2011-11",
            "price": "12.99",
            "revenue": 48340
        },
        "2011-12": {
            "month": "2011-12",
            "price": "13.39",
            "revenue": 48558
        },
        "2012-01": {
            "month": "2012-01",
            "price": "14.26",
            "revenue": 21504
        },
        "2012-02": {
            "month": "2012-02",
            "price": "16.11",
            "revenue": 30178
        },
        "2012-03": {
            "month": "2012-03",
            "price": "21.45",
            "revenue": 35547
        },
        "2012-04": {
            "month": "2012-04",
            "price": "20.94",
            "revenue": 28860
        },
        "2012-05": {
            "month": "2012-05",
            "price": "22.07",
            "revenue": 31063
        },
        "2012-06": {
            "month": "2012-06",
            "price": "22.68",
            "revenue": 33432
        },
        "2012-07": {
            "month": "2012-07",
            "price": "18.27",
            "revenue": 35263
        },
        "2012-08": {
            "month": "2012-08",
            "price": "16.98",
            "revenue": 28177
        },
        "2012-09": {
            "month": "2012-09",
            "price": "17.50",
            "revenue": 31791
        },
        "2012-10": {
            "month": "2012-10",
            "price": "16.85",
            "revenue": 28354
        },
        "2012-11": {
            "month": "2012-11",
            "price": "16.21",
            "revenue": 35965
        },
        "2012-12": {
            "month": "2012-12",
            "price": "15.08",
            "revenue": 25258
        },
        "2013-01": {
            "month": "2013-01",
            "price": "13.83",
            "revenue": 34101
        },
        "2013-02": {
            "month": "2013-02",
            "price": "13.60",
            "revenue": 16041
        },
        "2013-03": {
            "month": "2013-03",
            "price": "13.35",
            "revenue": 28837
        },
        "2013-04": {
            "month": "2013-04",
            "price": "13.20",
            "revenue": 31807
        },
        "2013-05": {
            "month": "2013-05",
            "price": "13.57",
            "revenue": 35864
        },
        "2013-06": {
            "month": "2013-06",
            "price": "13.61",
            "revenue": 27044
        },
        "2013-07": {
            "month": "2013-07",
            "price": "13.02",
            "revenue": 31535
        },
        "2013-08": {
            "month": "2013-08",
            "price": "11.97",
            "revenue": 32533
        },
        "2013-09": {
            "month": "2013-09",
            "price": "11.40",
            "revenue": 31874
        },
        "2013-10": {
            "month": "2013-10",
            "price": "10.81",
            "revenue": 33641
        },
        "2013-11": {
            "month": "2013-11",
            "price": "10.93",
            "revenue": 32070
        },
        "2013-12": {
            "month": "2013-12",
            "price": "10.41",
            "revenue": 28432
        },
        "2014-01": {
            "month": "2014-01",
            "price": "12.54",
            "revenue": 30992
        },
        "2014-02": {
            "month": "2014-02",
            "price": "12.38",
            "revenue": 25199
        },
        "2014-03": {
            "month": "2014-03",
            "price": "15.36",
            "revenue": 34366
        },
        "2014-04": {
            "month": "2014-04",
            "price": "17.42",
            "revenue": 37576
        },
        "2014-05": {
            "month": "2014-05",
            "price": "15.64",
            "revenue": 34365
        },
        "2014-06": {
            "month": "2014-06",
            "price": "18.35",
            "revenue": 29217
        },
        "2014-07": {
            "month": "2014-07",
            "price": "17.82",
            "revenue": 35441
        },
        "2014-08": {
            "month": "2014-08",
            "price": "15.94",
            "revenue": 31952
        },
        "2014-09": {
            "month": "2014-09",
            "price": "14.17",
            "revenue": 34495
        },
        "2014-10": {
            "month": "2014-10",
            "price": "11.74",
            "revenue": 32179
        },
        "2014-11": {
            "month": "2014-11",
            "price": "11.05",
            "revenue": 30740
        },
        "2014-12": {
            "month": "2014-12",
            "price": "11.29",
            "revenue": 29051
        },
        "2015-01": {
            "month": "2015-01",
            "price": "12.12",
            "revenue": 27232
        },
        "2015-02": {
            "month": "2015-02",
            "price": "11.83",
            "revenue": 12909
        },
        "2015-03": {
            "month": "2015-03",
            "price": "11.44",
            "revenue": 25248
        },
        "2015-04": {
            "month": "2015-04",
            "price": "10.91",
            "revenue": 23365
        },
        "2015-05": {
            "month": "2015-05",
            "price": "9.94",
            "revenue": 22127
        },
        "2015-06": {
            "month": "2015-06",
            "price": "8.60",
            "revenue": 17448
        },
        "2015-07": {
            "month": "2015-07",
            "price": "7.86",
            "revenue": 18971
        },
        "2015-08": {
            "month": "2015-08",
            "price": "6.38",
            "revenue": 19554
        },
        "2015-09": {
            "month": "2015-09",
            "price": "6.11",
            "revenue": 31801
        },
        "2015-10": {
            "month": "2015-10",
            "price": "8.29",
            "revenue": 24742
        },
        "2015-11": {
            "month": "2015-11",
            "price": "7.83",
            "revenue": 21036
        },
        "2015-12": {
            "month": "2015-12",
            "price": "7.11",
            "revenue": 16488
        },
        "2016-01": {
            "month": "2016-01",
            "price": "6.84",
            "revenue": 19121
        },
        "2016-02": {
            "month": "2016-02",
            "price": "7.56",
            "revenue": 11282
        },
        "2016-03": {
            "month": "2016-03",
            "price": "8.70",
            "revenue": 16992
        },
        "2016-04": {
            "month": "2016-04",
            "price": "8.07",
            "revenue": 18856
        },
        "2016-05": {
            "month": "2016-05",
            "price": "7.22",
            "revenue": 19735
        },
        "2016-06": {
            "month": "2016-06",
            "price": "7.20",
            "revenue": 14522
        },
        "2016-07": {
            "month": "2016-07",
            "price": "6.83",
            "revenue": 14478
        },
        "2016-08": {
            "month": "2016-08",
            "price": "6.07",
            "revenue": 20616
        },
        "2016-09": {
            "month": "2016-09",
            "price": "7.08",
            "revenue": 17870
        },
        "2016-10": {
            "month": "2016-10",
            "price": "6.65",
            "revenue": 17882
        },
        "2016-11": {
            "month": "2016-11",
            "price": "5.22",
            "revenue": 18107
        },
        "2016-12": {
            "month": "2016-12",
            "price": "4.59",
            "revenue": 15461
        },
        "2017-01": {
            "month": "2017-01",
            "price": "3.90",
            "revenue": 10113
        },
        "2017-02": {
            "month": "2017-02",
            "price": "3.81",
            "revenue": 13832
        },
        "2017-03": {
            "month": "2017-03",
            "price": "5.13",
            "revenue": 27166
        },
        "2017-04": {
            "month": "2017-04",
            "price": "6.43",
            "revenue": 15756
        },
        "2017-05": {
            "month": "2017-05",
            "price": "6.09",
            "revenue": 12007
        },
        "2017-06": {
            "month": "2017-06",
            "price": "5.13",
            "revenue": 13665
        },
        "2017-07": {
            "month": "2017-07",
            "price": "3.87",
            "revenue": 14272
        },
        "2017-08": {
            "month": "2017-08",
            "price": "3.59",
            "revenue": 13310
        },
        "2017-09": {
            "month": "2017-09",
            "price": "3.92",
            "revenue": 16699
        },
        "2017-10": {
            "month": "2017-10",
            "price": "3.80",
            "revenue": 13188
        },
        "2017-11": {
            "month": "2017-11",
            "price": "3.58",
            "revenue": 16033
        },
        "2017-12": {
            "month": "2017-12",
            "price": "3.60",
            "revenue": 19225
        },
        "2018-01": {
            "month": "2018-01",
            "price": "5.06",
            "revenue": 16363
        },
        "2018-02": {
            "month": "2018-02",
            "price": "6.11",
            "revenue": 11369
        },
        "2018-03": {
            "month": "2018-03",
            "price": "6.14",
            "revenue": 15935
        },
        "2018-04": {
            "month": "2018-04",
            "price": "5.21",
            "revenue": 18903
        },
        "2018-05": {
            "month": "2018-05",
            "price": "4.40",
            "revenue": 17567
        },
        "2018-06": {
            "month": "2018-06",
            "price": "4.75",
            "revenue": 14555
        },
        "2018-07": {
            "month": "2018-07",
            "price": "4.21",
            "revenue": 14450
        },
        "2018-08": {
            "month": "2018-08",
            "price": "3.89",
            "revenue": 10256
        },
        "2018-09": {
            "month": "2018-09",
            "price": "3.90",
            "revenue": 16248
        },
        "2018-10": {
            "month": "2018-10",
            "price": "3.65",
            "revenue": 10517
        },
        "2018-11": {
            "month": "2018-11",
            "price": "3.73",
            "revenue": 9368
        },
        "2018-12": {
            "month": "2018-12",
            "price": "5.55",
            "revenue": 13375
        },
        "2019-01": {
            "month": "2019-01",
            "price": "7.72",
            "revenue": 12653
        },
        "2019-02": {
            "month": "2019-02",
            "price": "7.38",
            "revenue": 5299
        },
        "2019-03": {
            "month": "2019-03",
            "price": "8.10",
            "revenue": 10341
        },
        "2019-04": {
            "month": "2019-04",
            "price": "10.12",
            "revenue": 8248
        },
        "2019-05": {
            "month": "2019-05",
            "price": "12.69",
            "revenue": 14900
        },
        "2019-06": {
            "month": "2019-06",
            "price": "12.62",
            "revenue": 10114
        },
        "2019-07": {
            "month": "2019-07",
            "price": "14.03",
            "revenue": 11481
        },
        "2019-08": {
            "month": "2019-08",
            "price": "13.81",
            "revenue": 10078
        },
        "2019-09": {
            "month": "2019-09",
            "price": "12.37",
            "revenue": 10612
        },
        "2019-10": {
            "month": "2019-10",
            "price": "10.87",
            "revenue": 8292
        },
        "2019-11": {
            "month": "2019-11",
            "price": "10.42",
            "revenue": 9329
        },
        "2019-12": {
            "month": "2019-12",
            "price": "11.10",
            "revenue": 9546
        },
        "2020-01": {
            "month": "2020-01",
            "price": "10.66",
            "revenue": 6120
        },
        "2020-02": {
            "month": "2020-02",
            "price": "10.39",
            "revenue": 6199
        },
        "2020-03": {
            "month": "2020-03",
            "price": "8.96",
            "revenue": 10942
        },
        "2020-04": {
            "month": "2020-04",
            "price": "7.94",
            "revenue": 5734
        },
        "2020-05": {
            "month": "2020-05",
            "price": "8.93",
            "revenue": 7003
        },
        "2020-06": {
            "month": "2020-06",
            "price": "8.99",
            "revenue": 7805
        },
        "2020-07": {
            "month": "2020-07",
            "price": "10.69",
            "revenue": 10283
        },
        "2020-08": {
            "month": "2020-08",
            "price": "10.01",
            "revenue": 11486
        },
        "2020-09": {
            "month": "2020-09",
            "price": "10.70",
            "revenue": 9723
        },
        "2020-10": {
            "month": "2020-10",
            "price": "11.07",
            "revenue": 6856
        },
        "2020-11": {
            "month": "2020-11",
            "price": "11.06",
            "revenue": 9595
        },
        "2020-12": {
            "month": "2020-12",
            "price": "13.08",
            "revenue": 8556
        },
        "2021-01": {
            "month": "2021-01",
            "price": "13.04",
            "revenue": 4525
        },
        "2021-02": {
            "month": "2021-02",
            "price": "12.97",
            "revenue": 7426
        },
        "2021-03": {
            "month": "2021-03",
            "price": "16.32",
            "revenue": 16807
        },
        "2021-04": {
            "month": "2021-04",
            "price": "20.17",
            "revenue": 7893
        },
        "2021-05": {
            "month": "2021-05",
            "price": "15.33",
            "revenue": 11278
        },
        "2021-06": {
            "month": "2021-06",
            "price": "17.72",
            "revenue": 7983
        },
        "2021-07": {
            "month": "2021-07",
            "price": "18.80",
            "revenue": 12025
        },
        "2021-08": {
            "month": "2021-08",
            "price": "17.13",
            "revenue": 7385
        },
        "2021-09": {
            "month": "2021-09",
            "price": "16.33",
            "revenue": 9005
        },
        "2021-10": {
            "month": "2021-10",
            "price": "16.30",
            "revenue": 6750
        },
        "2021-11": {
            "month": "2021-11",
            "price": "16.66",
            "revenue": 7043
        },
        "2021-12": {
            "month": "2021-12",
            "price": "17.45",
            "revenue": 13168
        },
        "2022-01": {
            "month": "2022-01",
            "price": "17.42",
            "revenue": 6052
        },
        "2022-02": {
            "month": "2022-02",
            "price": "16.86",
            "revenue": 5161
        },
        "2022-03": {
            "month": "2022-03",
            "price": "16.13",
            "revenue": 10853
        },
        "2022-04": {
            "month": "2022-04",
            "price": "13.36",
            "revenue": 9111
        },
        "2022-05": {
            "month": "2022-05",
            "price": "13.83",
            "revenue": 14188
        },
        "2022-06": {
            "month": "2022-06",
            "price": "14.74",
            "revenue": 9798
        },
        "2022-07": {
            "month": "2022-07",
            "price": "15.12",
            "revenue": 10073
        },
        "2022-08": {
            "month": "2022-08",
            "price": "14.98",
            "revenue": 14250
        },
        "2022-09": {
            "month": "2022-09",
            "price": "16.88",
            "revenue": 9320
        },
        "2022-10": {
            "month": "2022-10",
            "price": "21.64",
            "revenue": 8484
        },
        "2022-11": {
            "month": "2022-11",
            "price": "23.77",
            "revenue": 7479
        },
        "2022-12": {
            "month": "2022-12",
            "price": "23.80",
            "revenue": 11255
        },
        "2023-01": {
            "month": "2023-01",
            "price": "22.89",
            "revenue": 2504
        },
        "2023-02": {
            "month": "2023-02",
            "price": "22.34",
            "revenue": 9171
        },
        "2023-03": {
            "month": "2023-03",
            "price": "22.26",
            "revenue": 10996
        },
        "2023-04": {
            "month": "2023-04",
            "price": "22.17",
            "revenue": 8726
        },
        "2023-05": {
            "month": "2023-05",
            "price": "23.21",
            "revenue": 9281
        },
        "2023-06": {
            "month": "2023-06",
            "price": "22.42",
            "revenue": 5894
        },
        "2023-07": {
            "month": "2023-07",
            "price": "21.99",
            "revenue": 8906
        },
        "2023-08": {
            "month": "2023-08",
            "price": "22.40",
            "revenue": 7386
        },
        "2023-09": {
            "month": "2023-09",
            "price": "21.28",
            "revenue": 9131
        }
    }
}
