{
    "summary": {
        "stock_name": "宜特",
        "stock_id": "3289",
        "category": "其他電子",
        "main_business": "積體電路之研究開發製作、分析預燒、測試業務<br>半導體零件及其儀器進出口",
        "website_url": "http://www.istgroup.com",
        "ceo": "余維斌",
        "pe_ratio": 16,
        "report_year_from": 2002,
        "report_year_to": 2023,
        "age": 21,
        "eps_negative_percentage": 10,
        "eps_growth_avg": {
            "last_all": 8.85,
            "last_2y": 57.14,
            "last_4y": 17.86,
            "last_8y": 18.8,
            "last_12y": 22.89,
            "last_16y": 10.87,
            "last_20y": null,
            "at_2006_last_3y": null,
            "at_2007_last_3y": 4.64,
            "at_2008_last_3y": -2.64,
            "at_2009_last_3y": -22.18,
            "at_2010_last_3y": -43.08,
            "at_2011_last_3y": -6.64,
            "at_2012_last_3y": -10.27,
            "at_2013_last_3y": 33.8,
            "at_2014_last_3y": 50.35,
            "at_2015_last_3y": 37.03,
            "at_2016_last_3y": 35.95,
            "at_2017_last_3y": 19.75,
            "at_2018_last_3y": -30.25,
            "at_2019_last_3y": -55.91,
            "at_2020_last_3y": -10.87,
            "at_2021_last_3y": -9.52,
            "at_2022_last_3y": 57.14,
            "at_2023_last_3y": 57.14,
            "at_2006_last_all": 9.29,
            "at_2007_last_all": 4.64,
            "at_2008_last_all": -0.27,
            "at_2009_last_all": -16.89,
            "at_2010_last_all": -16.89,
            "at_2011_last_all": -0.2,
            "at_2012_last_all": -4.02,
            "at_2013_last_all": 0,
            "at_2014_last_all": 10,
            "at_2015_last_all": 13.34,
            "at_2016_last_all": 9.3,
            "at_2017_last_all": 6.08,
            "at_2018_last_all": -1.5,
            "at_2019_last_all": -1.5,
            "at_2020_last_all": 5.27,
            "at_2021_last_all": 3.15,
            "at_2022_last_all": 8.85,
            "at_2023_last_all": 8.85
        },
        "latest_eps": 5.64,
        "latest_price": 91.9,
        "latest_roe": 11.37,
        "latest_gross_margin": 28.49,
        "latest_equity": 3420032,
        "latest_revenue": 981318,
        "latest_gross_profit": 279580,
        "latest_net_income": 75814,
        "latest_debt_ratio": 53.78,
        "latest_current_ratio": 112.03,
        "latest_account_receivable_turnover_ratio": 0.74,
        "latest_inventory_turnover_ratio": null,
        "latest_reinvestment_rate": -135.03,
        "latest_research_to_sale_ratio": 3.6
    },
    "eps_dividends": {
        "2001": {
            "cash": 0,
            "stock": 0,
            "eps": 0
        },
        "2002": {
            "cash": 0,
            "stock": 0,
            "eps": 0
        },
        "2003": {
            "cash": 0,
            "stock": 3.24,
            "eps": 4.57
        },
        "2004": {
            "cash": 0,
            "stock": 0,
            "eps": 4.99
        },
        "2005": {
            "cash": 1.1,
            "stock": 2.4,
            "eps": 3.9
        },
        "2006": {
            "cash": 2.52,
            "stock": 0.5,
            "eps": 5.48
        },
        "2007": {
            "cash": 2.96,
            "stock": 0.49,
            "eps": 4.97
        },
        "2008": {
            "cash": 2.99,
            "stock": 0.5,
            "eps": 3.98
        },
        "2009": {
            "cash": 0.88,
            "stock": 1.32,
            "eps": -4.11
        },
        "2010": {
            "cash": 0,
            "stock": 0,
            "eps": 1.03
        },
        "2011": {
            "cash": 0.25,
            "stock": 0.2,
            "eps": 2.11
        },
        "2012": {
            "cash": 0.3,
            "stock": 0,
            "eps": 1.46
        },
        "2013": {
            "cash": 1,
            "stock": 0,
            "eps": 1.93
        },
        "2014": {
            "cash": 0.99,
            "stock": 0,
            "eps": 4.77
        },
        "2015": {
            "cash": 2,
            "stock": 0,
            "eps": 7
        },
        "2016": {
            "cash": 5,
            "stock": 0,
            "eps": 4.54
        },
        "2017": {
            "cash": 2,
            "stock": 0,
            "eps": 3.06
        },
        "2018": {
            "cash": 1,
            "stock": 0,
            "eps": -2.98
        },
        "2019": {
            "cash": 0,
            "stock": 0,
            "eps": 0.33
        },
        "2020": {
            "cash": 2,
            "stock": 0,
            "eps": 2.8
        },
        "2021": {
            "cash": 4.1,
            "stock": 0,
            "eps": 2
        },
        "2022": {
            "cash": 0.4,
            "stock": 0,
            "eps": 5.36
        },
        "2023": {
            "cash": 2,
            "stock": 0,
            "eps": 1.31
        }
    },
    "dividends": {
        "2003-03-22": {
            "cash": 0,
            "stock": 3.24
        },
        "2005-03-23": {
            "cash": 1.1,
            "stock": 2.4
        },
        "2006-03-31": {
            "cash": 2.52,
            "stock": 0.5
        },
        "2007-03-28": {
            "cash": 2.96,
            "stock": 0.49
        },
        "2008-06-19": {
            "cash": 2.99,
            "stock": 0.5
        },
        "2009-04-22": {
            "cash": 0.88,
            "stock": 1.32
        },
        "2011-03-28": {
            "cash": 0.25,
            "stock": 0.2
        },
        "2012-03-20": {
            "cash": 0.3,
            "stock": 0
        },
        "2013-06-13": {
            "cash": 1,
            "stock": 0
        },
        "2014-12-10": {
            "cash": 0.99,
            "stock": 0
        },
        "2015-09-15": {
            "cash": 2,
            "stock": 0
        },
        "2016-09-20": {
            "cash": 5,
            "stock": 0
        },
        "2017-10-16": {
            "cash": 2,
            "stock": 0
        },
        "2018-10-05": {
            "cash": 1,
            "stock": 0
        },
        "2020-10-15": {
            "cash": 2,
            "stock": 0
        },
        "2021-02-25": {
            "cash": 1.5,
            "stock": 0
        },
        "2021-05-27": {
            "cash": 1,
            "stock": 0
        },
        "2021-08-27": {
            "cash": 0.6,
            "stock": 0
        },
        "2021-11-26": {
            "cash": 1,
            "stock": 0
        },
        "2022-02-25": {
            "cash": 0.4,
            "stock": 0
        },
        "2023-04-28": {
            "cash": 1,
            "stock": 0
        },
        "2023-05-18": {
            "cash": 1,
            "stock": 0
        }
    },
    "prices": {
        "200101": "無",
        "200102": "無",
        "200103": "無",
        "200104": "無",
        "200105": "無",
        "200106": "無",
        "200107": "無",
        "200108": "無",
        "200109": "無",
        "200110": "無",
        "200111": "無",
        "200112": "無",
        "200201": "無",
        "200202": "無",
        "200203": "無",
        "200204": "無",
        "200205": "無",
        "200206": "無",
        "200207": "無",
        "200208": "無",
        "200209": "無",
        "200210": "無",
        "200211": "無",
        "200212": "無",
        "200301": "無",
        "200302": "無",
        "200303": "無",
        "200304": "無",
        "200305": "無",
        "200306": "無",
        "200307": "無",
        "200308": "無",
        "200309": "無",
        "200310": "無",
        "200311": "無",
        "200312": "無",
        "200401": "無",
        "200402": "無",
        "200403": "94.92",
        "200404": "92.30",
        "200405": "80.00",
        "200406": "75.07",
        "200407": "62.92",
        "200408": "52.57",
        "200409": "57.50",
        "200410": "60.53",
        "200411": "58.15",
        "200412": "41.88",
        "200501": "41.84",
        "200502": "47.88",
        "200503": "51.27",
        "200504": "50.58",
        "200505": "46.37",
        "200506": "47.36",
        "200507": "57.93",
        "200508": "60.58",
        "200509": "55.41",
        "200510": "58.22",
        "200511": "54.55",
        "200512": "60.06",
        "200601": "57.54",
        "200602": "54.64",
        "200603": "55.56",
        "200604": "62.75",
        "200605": "73.09",
        "200606": "64.22",
        "200607": "69.30",
        "200608": "71.02",
        "200609": "68.09",
        "200610": "70.91",
        "200611": "78.16",
        "200612": "83.70",
        "200701": "88.84",
        "200702": "88.57",
        "200703": "88.29",
        "200704": "91.21",
        "200705": "86.83",
        "200706": "86.03",
        "200707": "89.53",
        "200708": "76.69",
        "200709": "68.84",
        "200710": "67.71",
        "200711": "61.70",
        "200712": "54.82",
        "200801": "47.04",
        "200802": "44.45",
        "200803": "48.42",
        "200804": "52.53",
        "200805": "52.96",
        "200806": "48.79",
        "200807": "43.34",
        "200808": "45.44",
        "200809": "38.49",
        "200810": "33.39",
        "200811": "25.70",
        "200812": "23.04",
        "200901": "23.61",
        "200902": "24.39",
        "200903": "27.37",
        "200904": "34.43",
        "200905": "35.54",
        "200906": "34.97",
        "200907": "33.87",
        "200908": "31.50",
        "200909": "26.88",
        "200910": "27.60",
        "200911": "26.58",
        "200912": "29.28",
        "201001": "29.61",
        "201002": "25.54",
        "201003": "28.32",
        "201004": "36.89",
        "201005": "34.35",
        "201006": "31.86",
        "201007": "30.80",
        "201008": "31.30",
        "201009": "31.16",
        "201010": "31.22",
        "201011": "27.13",
        "201012": "28.22",
        "201101": "27.69",
        "201102": "27.00",
        "201103": "28.67",
        "201104": "32.12",
        "201105": "33.01",
        "201106": "31.47",
        "201107": "31.65",
        "201108": "29.12",
        "201109": "28.67",
        "201110": "24.96",
        "201111": "19.97",
        "201112": "19.02",
        "201201": "19.48",
        "201202": "23.74",
        "201203": "26.75",
        "201204": "22.70",
        "201205": "20.79",
        "201206": "18.43",
        "201207": "19.05",
        "201208": "19.36",
        "201209": "19.08",
        "201210": "19.78",
        "201211": "24.22",
        "201212": "25.76",
        "201301": "25.79",
        "201302": "27.18",
        "201303": "28.12",
        "201304": "26.50",
        "201305": "26.23",
        "201306": "24.12",
        "201307": "24.27",
        "201308": "25.08",
        "201309": "24.54",
        "201310": "25.23",
        "201311": "24.96",
        "201312": "26.79",
        "201401": "33.59",
        "201402": "38.18",
        "201403": "49.15",
        "201404": "59.73",
        "201405": "69.11",
        "201406": "81.52",
        "201407": "88.99",
        "201408": "83.66",
        "201409": "83.10",
        "201410": "75.05",
        "201411": "64.45",
        "201412": "73.86",
        "201501": "81.28",
        "201502": "81.60",
        "201503": "88.60",
        "201504": "92.32",
        "201505": "86.23",
        "201506": "85.55",
        "201507": "97.22",
        "201508": "77.73",
        "201509": "86.44",
        "201510": "94.78",
        "201511": "87.74",
        "201512": "92.57",
        "201601": "86.94",
        "201602": "106.39",
        "201603": "109.02",
        "201604": "121.00",
        "201605": "115.48",
        "201606": "117.10",
        "201607": "120.62",
        "201608": "117.54",
        "201609": "104.18",
        "201610": "95.80",
        "201611": "94.52",
        "201612": "104.30",
        "201701": "96.89",
        "201702": "102.88",
        "201703": "101.90",
        "201704": "101.75",
        "201705": "100.09",
        "201706": "107.91",
        "201707": "110.86",
        "201708": "113.98",
        "201709": "111.18",
        "201710": "118.39",
        "201711": "114.14",
        "201712": "113.71",
        "201801": "113.05",
        "201802": "95.32",
        "201803": "93.23",
        "201804": "86.62",
        "201805": "75.76",
        "201806": "73.98",
        "201807": "72.03",
        "201808": "63.12",
        "201809": "53.90",
        "201810": "39.98",
        "201811": "35.22",
        "201812": "47.07",
        "201901": "42.89",
        "201902": "42.07",
        "201903": "39.59",
        "201904": "42.60",
        "201905": "39.29",
        "201906": "39.71",
        "201907": "44.42",
        "201908": "44.62",
        "201909": "41.84",
        "201910": "42.07",
        "201911": "42.03",
        "201912": "44.67",
        "202001": "44.71",
        "202002": "39.96",
        "202003": "34.31",
        "202004": "39.60",
        "202005": "49.38",
        "202006": "54.54",
        "202007": "67.64",
        "202008": "63.80",
        "202009": "60.33",
        "202010": "54.54",
        "202011": "54.82",
        "202012": "55.24",
        "202101": "56.38",
        "202102": "52.63",
        "202103": "51.71",
        "202104": "55.61",
        "202105": "48.20",
        "202106": "51.68",
        "202107": "52.84",
        "202108": "49.67",
        "202109": "49.70",
        "202110": "49.05",
        "202111": "54.70",
        "202112": "52.99",
        "202201": "51.13",
        "202202": "49.90",
        "202203": "50.65",
        "202204": "52.06",
        "202205": "49.87",
        "202206": "51.45",
        "202207": "49.95",
        "202208": "57.56",
        "202209": "70.73",
        "202210": "72.04",
        "202211": "80.32",
        "202212": "78.99",
        "202301": "77.02",
        "202302": "87.46",
        "202303": "90.95",
        "202304": "86.12",
        "202305": "83.00",
        "202306": "90.28"
    },
    "quarters": {
        "20011": {
            "year_quarter": 20011,
            "year": 2001,
            "quarter": 1,
            "eps": null,
            "eps_growth_year": null,
            "eps_4q": null,
            "eps_4q_growth_year": null,
            "roe": null,
            "roe_4q": 0,
            "gross_profit": null,
            "gross_margin": null,
            "gross_margin_4q_avg": 0,
            "net_income": null,
            "revenue": null,
            "common_shares": null,
            "book_valuer_per_share": null,
            "book_valuer_per_share_4q_avg": 0,
            "equity": null,
            "current_ratio": null,
            "debt_ratio": null,
            "inventory_turnover_ratio": null,
            "account_receivable_turnover_ratio": null,
            "reinvestment_rate": null,
            "research_to_sale_ratio": null,
            "price_fair": 0,
            "eps_avg_yearly": 0,
            "eps_latest_yearly": 0,
            "eps_growth_yearly": 0
        },
        "20012": {
            "year_quarter": 20012,
            "year": 2001,
            "quarter": 2,
            "eps": null,
            "eps_growth_year": null,
            "eps_4q": null,
            "eps_4q_growth_year": null,
            "roe": null,
            "roe_4q": 0,
            "gross_profit": null,
            "gross_margin": null,
            "gross_margin_4q_avg": 0,
            "net_income": null,
            "revenue": null,
            "common_shares": null,
            "book_valuer_per_share": null,
            "book_valuer_per_share_4q_avg": 0,
            "equity": null,
            "current_ratio": null,
            "debt_ratio": null,
            "inventory_turnover_ratio": null,
            "account_receivable_turnover_ratio": null,
            "reinvestment_rate": null,
            "research_to_sale_ratio": null,
            "price_fair": 0,
            "eps_avg_yearly": 0,
            "eps_latest_yearly": 0,
            "eps_growth_yearly": 0
        },
        "20013": {
            "year_quarter": 20013,
            "year": 2001,
            "quarter": 3,
            "eps": null,
            "eps_growth_year": null,
            "eps_4q": null,
            "eps_4q_growth_year": null,
            "roe": null,
            "roe_4q": 0,
            "gross_profit": null,
            "gross_margin": null,
            "gross_margin_4q_avg": 0,
            "net_income": null,
            "revenue": null,
            "common_shares": null,
            "book_valuer_per_share": null,
            "book_valuer_per_share_4q_avg": 0,
            "equity": null,
            "current_ratio": null,
            "debt_ratio": null,
            "inventory_turnover_ratio": null,
            "account_receivable_turnover_ratio": null,
            "reinvestment_rate": null,
            "research_to_sale_ratio": null,
            "price_fair": 0,
            "eps_avg_yearly": 0,
            "eps_latest_yearly": 0,
            "eps_growth_yearly": 0
        },
        "20014": {
            "year_quarter": 20014,
            "year": 2001,
            "quarter": 4,
            "eps": null,
            "eps_growth_year": null,
            "eps_4q": null,
            "eps_4q_growth_year": null,
            "roe": null,
            "roe_4q": 0,
            "gross_profit": null,
            "gross_margin": null,
            "gross_margin_4q_avg": 0,
            "net_income": null,
            "revenue": null,
            "common_shares": 88220,
            "book_valuer_per_share": 14,
            "book_valuer_per_share_4q_avg": 3.5,
            "equity": 123510,
            "current_ratio": 104.74,
            "debt_ratio": 44.95,
            "inventory_turnover_ratio": null,
            "account_receivable_turnover_ratio": null,
            "reinvestment_rate": null,
            "research_to_sale_ratio": null,
            "price_fair": 0,
            "eps_avg_yearly": 0,
            "eps_latest_yearly": 0,
            "eps_growth_yearly": 0
        },
        "20021": {
            "year_quarter": 20021,
            "year": 2002,
            "quarter": 1,
            "eps": null,
            "eps_growth_year": null,
            "eps_4q": null,
            "eps_4q_growth_year": null,
            "roe": null,
            "roe_4q": 0,
            "gross_profit": null,
            "gross_margin": null,
            "gross_margin_4q_avg": 0,
            "net_income": null,
            "revenue": null,
            "common_shares": null,
            "book_valuer_per_share": null,
            "book_valuer_per_share_4q_avg": 3.5,
            "equity": null,
            "current_ratio": null,
            "debt_ratio": null,
            "inventory_turnover_ratio": null,
            "account_receivable_turnover_ratio": null,
            "reinvestment_rate": null,
            "research_to_sale_ratio": null,
            "price_fair": 0,
            "eps_avg_yearly": 0,
            "eps_latest_yearly": 0,
            "eps_growth_yearly": 0
        },
        "20022": {
            "year_quarter": 20022,
            "year": 2002,
            "quarter": 2,
            "eps": null,
            "eps_growth_year": null,
            "eps_4q": null,
            "eps_4q_growth_year": null,
            "roe": null,
            "roe_4q": 0,
            "gross_profit": null,
            "gross_margin": null,
            "gross_margin_4q_avg": 0,
            "net_income": null,
            "revenue": null,
            "common_shares": null,
            "book_valuer_per_share": null,
            "book_valuer_per_share_4q_avg": 3.5,
            "equity": null,
            "current_ratio": null,
            "debt_ratio": null,
            "inventory_turnover_ratio": null,
            "account_receivable_turnover_ratio": null,
            "reinvestment_rate": null,
            "research_to_sale_ratio": null,
            "price_fair": 0,
            "eps_avg_yearly": 0,
            "eps_latest_yearly": 0,
            "eps_growth_yearly": 0
        },
        "20023": {
            "year_quarter": 20023,
            "year": 2002,
            "quarter": 3,
            "eps": null,
            "eps_growth_year": null,
            "eps_4q": null,
            "eps_4q_growth_year": null,
            "roe": null,
            "roe_4q": 0,
            "gross_profit": null,
            "gross_margin": null,
            "gross_margin_4q_avg": 0,
            "net_income": null,
            "revenue": null,
            "common_shares": null,
            "book_valuer_per_share": null,
            "book_valuer_per_share_4q_avg": 3.5,
            "equity": null,
            "current_ratio": null,
            "debt_ratio": null,
            "inventory_turnover_ratio": null,
            "account_receivable_turnover_ratio": null,
            "reinvestment_rate": null,
            "research_to_sale_ratio": null,
            "price_fair": 0,
            "eps_avg_yearly": 0,
            "eps_latest_yearly": 0,
            "eps_growth_yearly": 0
        },
        "20024": {
            "year_quarter": 20024,
            "year": 2002,
            "quarter": 4,
            "eps": null,
            "eps_growth_year": null,
            "eps_4q": null,
            "eps_4q_growth_year": null,
            "roe": null,
            "roe_4q": 0,
            "gross_profit": null,
            "gross_margin": null,
            "gross_margin_4q_avg": 0,
            "net_income": null,
            "revenue": null,
            "common_shares": 157166,
            "book_valuer_per_share": 23.13,
            "book_valuer_per_share_4q_avg": 5.78,
            "equity": 363477,
            "current_ratio": 285.12,
            "debt_ratio": 17.01,
            "inventory_turnover_ratio": null,
            "account_receivable_turnover_ratio": null,
            "reinvestment_rate": null,
            "research_to_sale_ratio": null,
            "price_fair": 0,
            "eps_avg_yearly": 0,
            "eps_latest_yearly": 0,
            "eps_growth_yearly": 0
        },
        "20031": {
            "year_quarter": 20031,
            "year": 2003,
            "quarter": 1,
            "eps": 0.73,
            "eps_growth_year": null,
            "eps_4q": null,
            "eps_4q_growth_year": null,
            "roe": 3.11,
            "roe_4q": 3.11,
            "gross_profit": 20905,
            "gross_margin": 45.25,
            "gross_margin_4q_avg": 11.31,
            "net_income": 11484,
            "revenue": 46202,
            "common_shares": 157166,
            "book_valuer_per_share": 23.86,
            "book_valuer_per_share_4q_avg": 11.75,
            "equity": 374961,
            "current_ratio": 106.65,
            "debt_ratio": 28.98,
            "inventory_turnover_ratio": null,
            "account_receivable_turnover_ratio": null,
            "reinvestment_rate": null,
            "research_to_sale_ratio": null,
            "price_fair": 0,
            "eps_avg_yearly": 0,
            "eps_latest_yearly": 0,
            "eps_growth_yearly": 0
        },
        "20032": {
            "year_quarter": 20032,
            "year": 2003,
            "quarter": 2,
            "eps": 1.01,
            "eps_growth_year": null,
            "eps_4q": null,
            "eps_4q_growth_year": null,
            "roe": 5.5,
            "roe_4q": 8.61,
            "gross_profit": 34552,
            "gross_margin": 58.61,
            "gross_margin_4q_avg": 25.97,
            "net_income": 21166,
            "revenue": 58950,
            "common_shares": 208554,
            "book_valuer_per_share": 18.91,
            "book_valuer_per_share_4q_avg": 16.48,
            "equity": 394401,
            "current_ratio": 174.51,
            "debt_ratio": 24.53,
            "inventory_turnover_ratio": null,
            "account_receivable_turnover_ratio": null,
            "reinvestment_rate": null,
            "research_to_sale_ratio": null,
            "price_fair": 141.4,
            "eps_avg_yearly": 4.04,
            "eps_latest_yearly": 4.04,
            "eps_growth_yearly": 153.42
        },
        "20033": {
            "year_quarter": 20033,
            "year": 2003,
            "quarter": 3,
            "eps": 1.37,
            "eps_growth_year": null,
            "eps_4q": null,
            "eps_4q_growth_year": null,
            "roe": 6.97,
            "roe_4q": 15.579999999999998,
            "gross_profit": 45397,
            "gross_margin": 58.15,
            "gross_margin_4q_avg": 40.5,
            "net_income": 28496,
            "revenue": 78068,
            "common_shares": 208554,
            "book_valuer_per_share": 20.28,
            "book_valuer_per_share_4q_avg": 21.55,
            "equity": 422897,
            "current_ratio": 129.83,
            "debt_ratio": 27.02,
            "inventory_turnover_ratio": null,
            "account_receivable_turnover_ratio": null,
            "reinvestment_rate": null,
            "research_to_sale_ratio": null,
            "price_fair": 166.6,
            "eps_avg_yearly": 4.76,
            "eps_latest_yearly": 5.48,
            "eps_growth_yearly": 148
        },
        "20034": {
            "year_quarter": 20034,
            "year": 2003,
            "quarter": 4,
            "eps": 1.46,
            "eps_growth_year": null,
            "eps_4q": 4.39,
            "eps_4q_growth_year": null,
            "roe": 6.48,
            "roe_4q": 22.06,
            "gross_profit": 47484,
            "gross_margin": 57.41,
            "gross_margin_4q_avg": 54.86,
            "net_income": 30500,
            "revenue": 82708,
            "common_shares": 218554,
            "book_valuer_per_share": 23.69,
            "book_valuer_per_share_4q_avg": 21.69,
            "equity": 517772,
            "current_ratio": 214.28,
            "debt_ratio": 13.97,
            "inventory_turnover_ratio": null,
            "account_receivable_turnover_ratio": null,
            "reinvestment_rate": null,
            "research_to_sale_ratio": null,
            "price_fair": 179.2,
            "eps_avg_yearly": 5.12,
            "eps_latest_yearly": 5.84,
            "eps_growth_yearly": 107.43
        },
        "20041": {
            "year_quarter": 20041,
            "year": 2004,
            "quarter": 1,
            "eps": 0.54,
            "eps_growth_year": -26.03,
            "eps_4q": 3.23,
            "eps_4q_growth_year": null,
            "roe": 3.06,
            "roe_4q": 22.01,
            "gross_profit": 25797,
            "gross_margin": 36.1,
            "gross_margin_4q_avg": 52.57,
            "net_income": 16092,
            "revenue": 71450,
            "common_shares": 218554,
            "book_valuer_per_share": 24.36,
            "book_valuer_per_share_4q_avg": 21.81,
            "equity": 532468,
            "current_ratio": 117.85,
            "debt_ratio": 21.31,
            "inventory_turnover_ratio": null,
            "account_receivable_turnover_ratio": null,
            "reinvestment_rate": null,
            "research_to_sale_ratio": null,
            "price_fair": 120.69,
            "eps_avg_yearly": 4.38,
            "eps_latest_yearly": 2.16,
            "eps_growth_yearly": 17.56
        },
        "20042": {
            "year_quarter": 20042,
            "year": 2004,
            "quarter": 2,
            "eps": 1.47,
            "eps_growth_year": 45.54,
            "eps_4q": 4.91,
            "eps_4q_growth_year": null,
            "roe": 5.85,
            "roe_4q": 22.36,
            "gross_profit": 61436,
            "gross_margin": 56.14,
            "gross_margin_4q_avg": 51.95,
            "net_income": 32048,
            "revenue": 109435,
            "common_shares": 218554,
            "book_valuer_per_share": 25.77,
            "book_valuer_per_share_4q_avg": 23.53,
            "equity": 563230,
            "current_ratio": 102.71,
            "debt_ratio": 24.75,
            "inventory_turnover_ratio": null,
            "account_receivable_turnover_ratio": null,
            "reinvestment_rate": null,
            "research_to_sale_ratio": null,
            "price_fair": 163.8,
            "eps_avg_yearly": 4.68,
            "eps_latest_yearly": 5.88,
            "eps_growth_yearly": 151.82
        },
        "20043": {
            "year_quarter": 20043,
            "year": 2004,
            "quarter": 3,
            "eps": 0.89,
            "eps_growth_year": -35.04,
            "eps_4q": 2.96,
            "eps_4q_growth_year": null,
            "roe": 5.83,
            "roe_4q": 21.22,
            "gross_profit": 57639,
            "gross_margin": 49.58,
            "gross_margin_4q_avg": 49.81,
            "net_income": 33833,
            "revenue": 116265,
            "common_shares": 299497,
            "book_valuer_per_share": 19.95,
            "book_valuer_per_share_4q_avg": 23.44,
            "equity": 597444,
            "current_ratio": 99.09,
            "debt_ratio": 26.94,
            "inventory_turnover_ratio": null,
            "account_receivable_turnover_ratio": null,
            "reinvestment_rate": null,
            "research_to_sale_ratio": null,
            "price_fair": 157.27,
            "eps_avg_yearly": 4.49,
            "eps_latest_yearly": 3.56,
            "eps_growth_yearly": 100.21
        },
        "20044": {
            "year_quarter": 20044,
            "year": 2004,
            "quarter": 4,
            "eps": 2.09,
            "eps_growth_year": 43.15,
            "eps_4q": 4.82,
            "eps_4q_growth_year": 9.94,
            "roe": 10,
            "roe_4q": 24.74,
            "gross_profit": 76853,
            "gross_margin": 57.17,
            "gross_margin_4q_avg": 49.75,
            "net_income": 62684,
            "revenue": 134427,
            "common_shares": 299497,
            "book_valuer_per_share": 21.91,
            "book_valuer_per_share_4q_avg": 23,
            "equity": 656152,
            "current_ratio": 140.91,
            "debt_ratio": 25.78,
            "inventory_turnover_ratio": null,
            "account_receivable_turnover_ratio": null,
            "reinvestment_rate": null,
            "research_to_sale_ratio": null,
            "price_fair": 176.6,
            "eps_avg_yearly": 5.05,
            "eps_latest_yearly": 8.36,
            "eps_growth_yearly": 162.94
        },
        "20051": {
            "year_quarter": 20051,
            "year": 2005,
            "quarter": 1,
            "eps": 0.84,
            "eps_growth_year": 55.56,
            "eps_4q": 5.11,
            "eps_4q_growth_year": 58.3,
            "roe": 3.78,
            "roe_4q": 25.46,
            "gross_profit": 57495,
            "gross_margin": 44.65,
            "gross_margin_4q_avg": 51.89,
            "net_income": 25274,
            "revenue": 128757,
            "common_shares": 299497,
            "book_valuer_per_share": 22.75,
            "book_valuer_per_share_4q_avg": 22.6,
            "equity": 681279,
            "current_ratio": 100.97,
            "debt_ratio": 30.55,
            "inventory_turnover_ratio": null,
            "account_receivable_turnover_ratio": null,
            "reinvestment_rate": null,
            "research_to_sale_ratio": null,
            "price_fair": 169.23,
            "eps_avg_yearly": 4.84,
            "eps_latest_yearly": 3.36,
            "eps_growth_yearly": 112.67
        },
        "20052": {
            "year_quarter": 20052,
            "year": 2005,
            "quarter": 2,
            "eps": 1.31,
            "eps_growth_year": -10.88,
            "eps_4q": 5.36,
            "eps_4q_growth_year": 9.02,
            "roe": 5.76,
            "roe_4q": 25.369999999999997,
            "gross_profit": 74274,
            "gross_margin": 56.35,
            "gross_margin_4q_avg": 51.94,
            "net_income": 39421,
            "revenue": 131812,
            "common_shares": 304214,
            "book_valuer_per_share": 22.62,
            "book_valuer_per_share_4q_avg": 21.81,
            "equity": 688093,
            "current_ratio": 125.24,
            "debt_ratio": 36.4,
            "inventory_turnover_ratio": null,
            "account_receivable_turnover_ratio": null,
            "reinvestment_rate": null,
            "research_to_sale_ratio": null,
            "price_fair": 170.8,
            "eps_avg_yearly": 4.88,
            "eps_latest_yearly": 5.24,
            "eps_growth_yearly": 125.02
        },
        "20053": {
            "year_quarter": 20053,
            "year": 2005,
            "quarter": 3,
            "eps": 0.94,
            "eps_growth_year": 5.62,
            "eps_4q": 4.25,
            "eps_4q_growth_year": 43.68,
            "roe": 5.08,
            "roe_4q": 24.619999999999997,
            "gross_profit": 70357,
            "gross_margin": 53.41,
            "gross_margin_4q_avg": 52.9,
            "net_income": 36164,
            "revenue": 131727,
            "common_shares": 388155,
            "book_valuer_per_share": 18.93,
            "book_valuer_per_share_4q_avg": 21.55,
            "equity": 734938,
            "current_ratio": 115.31,
            "debt_ratio": 39.07,
            "inventory_turnover_ratio": null,
            "account_receivable_turnover_ratio": null,
            "reinvestment_rate": null,
            "research_to_sale_ratio": null,
            "price_fair": 166.88,
            "eps_avg_yearly": 4.77,
            "eps_latest_yearly": 3.76,
            "eps_growth_yearly": 101.22
        },
        "20054": {
            "year_quarter": 20054,
            "year": 2005,
            "quarter": 4,
            "eps": 0.81,
            "eps_growth_year": -61.24,
            "eps_4q": 3.43,
            "eps_4q_growth_year": -28.81,
            "roe": 4.03,
            "roe_4q": 18.65,
            "gross_profit": 78518,
            "gross_margin": 55.22,
            "gross_margin_4q_avg": 52.41,
            "net_income": 31140,
            "revenue": 142180,
            "common_shares": 388156,
            "book_valuer_per_share": 19.67,
            "book_valuer_per_share_4q_avg": 20.99,
            "equity": 810563,
            "current_ratio": 100.35,
            "debt_ratio": 43.26,
            "inventory_turnover_ratio": 4.17,
            "account_receivable_turnover_ratio": null,
            "reinvestment_rate": null,
            "research_to_sale_ratio": null,
            "price_fair": 162.02,
            "eps_avg_yearly": 4.63,
            "eps_latest_yearly": 3.24,
            "eps_growth_yearly": 86.99
        },
        "20061": {
            "year_quarter": 20061,
            "year": 2006,
            "quarter": 1,
            "eps": 0.97,
            "eps_growth_year": 15.48,
            "eps_4q": 3.7,
            "eps_4q_growth_year": -27.66,
            "roe": 4.64,
            "roe_4q": 19.509999999999998,
            "gross_profit": 74055,
            "gross_margin": 51.22,
            "gross_margin_4q_avg": 54.05,
            "net_income": 37940,
            "revenue": 144582,
            "common_shares": 391997,
            "book_valuer_per_share": 21.04,
            "book_valuer_per_share_4q_avg": 20.57,
            "equity": 824693,
            "current_ratio": 169.85,
            "debt_ratio": 39.57,
            "inventory_turnover_ratio": 4.62,
            "account_receivable_turnover_ratio": null,
            "reinvestment_rate": null,
            "research_to_sale_ratio": null,
            "price_fair": 159.83,
            "eps_avg_yearly": 4.57,
            "eps_latest_yearly": 3.88,
            "eps_growth_yearly": 86.33
        },
        "20062": {
            "year_quarter": 20062,
            "year": 2006,
            "quarter": 2,
            "eps": 1.6,
            "eps_growth_year": 22.14,
            "eps_4q": 4.28,
            "eps_4q_growth_year": -20.2,
            "roe": 7.81,
            "roe_4q": 21.560000000000002,
            "gross_profit": 97266,
            "gross_margin": 58.07,
            "gross_margin_4q_avg": 54.48,
            "net_income": 62948,
            "revenue": 167505,
            "common_shares": 394396,
            "book_valuer_per_share": 19.97,
            "book_valuer_per_share_4q_avg": 19.9,
            "equity": 787509,
            "current_ratio": 92,
            "debt_ratio": 47.83,
            "inventory_turnover_ratio": null,
            "account_receivable_turnover_ratio": null,
            "reinvestment_rate": null,
            "research_to_sale_ratio": null,
            "price_fair": 164.77,
            "eps_avg_yearly": 4.71,
            "eps_latest_yearly": 6.4,
            "eps_growth_yearly": 99.67
        },
        "20063": {
            "year_quarter": 20063,
            "year": 2006,
            "quarter": 3,
            "eps": 1.66,
            "eps_growth_year": 76.6,
            "eps_4q": 4.78,
            "eps_4q_growth_year": 12.34,
            "roe": 8.4,
            "roe_4q": 24.880000000000003,
            "gross_profit": 100441,
            "gross_margin": 56.65,
            "gross_margin_4q_avg": 55.29,
            "net_income": 70351,
            "revenue": 177294,
            "common_shares": 428610,
            "book_valuer_per_share": 20.72,
            "book_valuer_per_share_4q_avg": 20.35,
            "equity": 888075,
            "current_ratio": 131.11,
            "debt_ratio": 42.19,
            "inventory_turnover_ratio": null,
            "account_receivable_turnover_ratio": null,
            "reinvestment_rate": null,
            "research_to_sale_ratio": null,
            "price_fair": 169.6,
            "eps_avg_yearly": 4.85,
            "eps_latest_yearly": 6.64,
            "eps_growth_yearly": 93.62
        },
        "20064": {
            "year_quarter": 20064,
            "year": 2006,
            "quarter": 4,
            "eps": 1.25,
            "eps_growth_year": 54.32,
            "eps_4q": 5.27,
            "eps_4q_growth_year": 53.39,
            "roe": 5.45,
            "roe_4q": 26.3,
            "gross_profit": 97072,
            "gross_margin": 55.39,
            "gross_margin_4q_avg": 55.33,
            "net_income": 53291,
            "revenue": 175248,
            "common_shares": 437126,
            "book_valuer_per_share": 22.34,
            "book_valuer_per_share_4q_avg": 21.02,
            "equity": 1068696,
            "current_ratio": 136.99,
            "debt_ratio": 47.07,
            "inventory_turnover_ratio": 2.43,
            "account_receivable_turnover_ratio": null,
            "reinvestment_rate": 173.04,
            "research_to_sale_ratio": null,
            "price_fair": 169.96,
            "eps_avg_yearly": 4.86,
            "eps_latest_yearly": 5,
            "eps_growth_yearly": 80.79
        },
        "20071": {
            "year_quarter": 20071,
            "year": 2007,
            "quarter": 1,
            "eps": 0.99,
            "eps_growth_year": 2.06,
            "eps_4q": 5.11,
            "eps_4q_growth_year": 38.23,
            "roe": 4.06,
            "roe_4q": 25.72,
            "gross_profit": 88625,
            "gross_margin": 53.55,
            "gross_margin_4q_avg": 55.92,
            "net_income": 44809,
            "revenue": 165512,
            "common_shares": 462857,
            "book_valuer_per_share": 24.64,
            "book_valuer_per_share_4q_avg": 21.92,
            "equity": 1140622,
            "current_ratio": 131.41,
            "debt_ratio": 35.87,
            "inventory_turnover_ratio": 2.39,
            "account_receivable_turnover_ratio": null,
            "reinvestment_rate": 99.66,
            "research_to_sale_ratio": null,
            "price_fair": 168,
            "eps_avg_yearly": 4.8,
            "eps_latest_yearly": 3.96,
            "eps_growth_yearly": 70.54
        },
        "20072": {
            "year_quarter": 20072,
            "year": 2007,
            "quarter": 2,
            "eps": 1.7,
            "eps_growth_year": 6.25,
            "eps_4q": 5.37,
            "eps_4q_growth_year": 25.55,
            "roe": 7.02,
            "roe_4q": 24.93,
            "gross_profit": 107342,
            "gross_margin": 57.15,
            "gross_margin_4q_avg": 55.69,
            "net_income": 78088,
            "revenue": 187821,
            "common_shares": 466831,
            "book_valuer_per_share": 23.21,
            "book_valuer_per_share_4q_avg": 22.73,
            "equity": 1083301,
            "current_ratio": 106.21,
            "debt_ratio": 42.53,
            "inventory_turnover_ratio": null,
            "account_receivable_turnover_ratio": null,
            "reinvestment_rate": 90.47,
            "research_to_sale_ratio": null,
            "price_fair": 174.04,
            "eps_avg_yearly": 4.97,
            "eps_latest_yearly": 6.8,
            "eps_growth_yearly": 78.88
        },
        "20073": {
            "year_quarter": 20073,
            "year": 2007,
            "quarter": 3,
            "eps": 1.15,
            "eps_growth_year": -30.72,
            "eps_4q": 4.7,
            "eps_4q_growth_year": -1.55,
            "roe": 5.1,
            "roe_4q": 21.63,
            "gross_profit": 112653,
            "gross_margin": 56.54,
            "gross_margin_4q_avg": 55.66,
            "net_income": 57053,
            "revenue": 199249,
            "common_shares": 504521,
            "book_valuer_per_share": 22.88,
            "book_valuer_per_share_4q_avg": 23.27,
            "equity": 1154163,
            "current_ratio": 126.46,
            "debt_ratio": 38.97,
            "inventory_turnover_ratio": null,
            "account_receivable_turnover_ratio": null,
            "reinvestment_rate": 89.65,
            "research_to_sale_ratio": null,
            "price_fair": 172.11,
            "eps_avg_yearly": 4.92,
            "eps_latest_yearly": 4.6,
            "eps_growth_yearly": 61.89
        },
        "20074": {
            "year_quarter": 20074,
            "year": 2007,
            "quarter": 4,
            "eps": 1.13,
            "eps_growth_year": -9.6,
            "eps_4q": 4.73,
            "eps_4q_growth_year": -10.18,
            "roe": 4.48,
            "roe_4q": 20.66,
            "gross_profit": 113494,
            "gross_margin": 54.77,
            "gross_margin_4q_avg": 55.5,
            "net_income": 56473,
            "revenue": 207201,
            "common_shares": 508460,
            "book_valuer_per_share": 24.26,
            "book_valuer_per_share_4q_avg": 23.75,
            "equity": 1369158,
            "current_ratio": 130.47,
            "debt_ratio": 45.38,
            "inventory_turnover_ratio": 2.5,
            "account_receivable_turnover_ratio": null,
            "reinvestment_rate": 163.17,
            "research_to_sale_ratio": null,
            "price_fair": 169.23,
            "eps_avg_yearly": 4.84,
            "eps_latest_yearly": 4.52,
            "eps_growth_yearly": 59.81
        },
        "20081": {
            "year_quarter": 20081,
            "year": 2008,
            "quarter": 1,
            "eps": 0.77,
            "eps_growth_year": -22.22,
            "eps_4q": 4.49,
            "eps_4q_growth_year": -12.26,
            "roe": 2.93,
            "roe_4q": 19.53,
            "gross_profit": 141408,
            "gross_margin": 40.27,
            "gross_margin_4q_avg": 52.18,
            "net_income": 39655,
            "revenue": 351117,
            "common_shares": 510839,
            "book_valuer_per_share": 24.68,
            "book_valuer_per_share_4q_avg": 23.76,
            "equity": 1336578,
            "current_ratio": 124.08,
            "debt_ratio": 44.89,
            "inventory_turnover_ratio": 2.63,
            "account_receivable_turnover_ratio": null,
            "reinvestment_rate": 141.45,
            "research_to_sale_ratio": null,
            "price_fair": 171.24,
            "eps_avg_yearly": 4.89,
            "eps_latest_yearly": 3.08,
            "eps_growth_yearly": 67.6
        },
        "20082": {
            "year_quarter": 20082,
            "year": 2008,
            "quarter": 2,
            "eps": 1.3,
            "eps_growth_year": -23.53,
            "eps_4q": 4.08,
            "eps_4q_growth_year": -23.97,
            "roe": 5.33,
            "roe_4q": 17.84,
            "gross_profit": 167095,
            "gross_margin": 44.99,
            "gross_margin_4q_avg": 49.14,
            "net_income": 69884,
            "revenue": 371373,
            "common_shares": 512093,
            "book_valuer_per_share": 23.14,
            "book_valuer_per_share_4q_avg": 23.74,
            "equity": 1286741,
            "current_ratio": 99.06,
            "debt_ratio": 48.08,
            "inventory_turnover_ratio": 2.54,
            "account_receivable_turnover_ratio": null,
            "reinvestment_rate": 137.56,
            "research_to_sale_ratio": null,
            "price_fair": 169.75,
            "eps_avg_yearly": 4.85,
            "eps_latest_yearly": 5.2,
            "eps_growth_yearly": 41.75
        },
        "20083": {
            "year_quarter": 20083,
            "year": 2008,
            "quarter": 3,
            "eps": 1.35,
            "eps_growth_year": 17.39,
            "eps_4q": 4.15,
            "eps_4q_growth_year": -11.66,
            "roe": 5.71,
            "roe_4q": 18.45,
            "gross_profit": 184287,
            "gross_margin": 46.81,
            "gross_margin_4q_avg": 46.71,
            "net_income": 77103,
            "revenue": 393668,
            "common_shares": 556069,
            "book_valuer_per_share": 23.32,
            "book_valuer_per_share_4q_avg": 23.85,
            "equity": 1412747,
            "current_ratio": 106.59,
            "debt_ratio": 48.05,
            "inventory_turnover_ratio": 2.6,
            "account_receivable_turnover_ratio": null,
            "reinvestment_rate": 145.31,
            "research_to_sale_ratio": null,
            "price_fair": 173.78,
            "eps_avg_yearly": 4.97,
            "eps_latest_yearly": 5.4,
            "eps_growth_yearly": 52.57
        },
        "20084": {
            "year_quarter": 20084,
            "year": 2008,
            "quarter": 4,
            "eps": 0.56,
            "eps_growth_year": -50.44,
            "eps_4q": 3.75,
            "eps_4q_growth_year": -20.66,
            "roe": 2.15,
            "roe_4q": 16.12,
            "gross_profit": 156271,
            "gross_margin": 44.3,
            "gross_margin_4q_avg": 44.09,
            "net_income": 31609,
            "revenue": 352755,
            "common_shares": 606068,
            "book_valuer_per_share": 23.82,
            "book_valuer_per_share_4q_avg": 23.74,
            "equity": 1525807,
            "current_ratio": 130.87,
            "debt_ratio": 44.72,
            "inventory_turnover_ratio": 2.36,
            "account_receivable_turnover_ratio": 2,
            "reinvestment_rate": 141.76,
            "research_to_sale_ratio": null,
            "price_fair": 65.24,
            "eps_avg_yearly": 4.58,
            "eps_latest_yearly": 2.24,
            "eps_growth_yearly": 4.24
        },
        "20091": {
            "year_quarter": 20091,
            "year": 2009,
            "quarter": 1,
            "eps": -0.73,
            "eps_growth_year": -194.81,
            "eps_4q": 2.11,
            "eps_4q_growth_year": -52.91,
            "roe": -3.01,
            "roe_4q": 10.18,
            "gross_profit": 77061,
            "gross_margin": 31.18,
            "gross_margin_4q_avg": 41.82,
            "net_income": -45637,
            "revenue": 247129,
            "common_shares": 606195,
            "book_valuer_per_share": 23.4,
            "book_valuer_per_share_4q_avg": 23.42,
            "equity": 1502569,
            "current_ratio": 145.51,
            "debt_ratio": 43.91,
            "inventory_turnover_ratio": 2.12,
            "account_receivable_turnover_ratio": 0.74,
            "reinvestment_rate": 141.99,
            "research_to_sale_ratio": null,
            "price_fair": 142.1,
            "eps_avg_yearly": 4.66,
            "eps_latest_yearly": 2.24,
            "eps_growth_yearly": 20.47
        },
        "20092": {
            "year_quarter": 20092,
            "year": 2009,
            "quarter": 2,
            "eps": -0.54,
            "eps_growth_year": -141.54,
            "eps_4q": 0.47,
            "eps_4q_growth_year": -88.38,
            "roe": -2.48,
            "roe_4q": 2.3699999999999997,
            "gross_profit": 92679,
            "gross_margin": 27.9,
            "gross_margin_4q_avg": 37.55,
            "net_income": -35827,
            "revenue": 332218,
            "common_shares": 606345,
            "book_valuer_per_share": 21.63,
            "book_valuer_per_share_4q_avg": 23.04,
            "equity": 1390545,
            "current_ratio": 135.69,
            "debt_ratio": 49.04,
            "inventory_turnover_ratio": 3.45,
            "account_receivable_turnover_ratio": 0.99,
            "reinvestment_rate": 152.12,
            "research_to_sale_ratio": null,
            "price_fair": 73.71,
            "eps_avg_yearly": 4.62,
            "eps_latest_yearly": 2.24,
            "eps_growth_yearly": 5.94
        },
        "20093": {
            "year_quarter": 20093,
            "year": 2009,
            "quarter": 3,
            "eps": 0.11,
            "eps_growth_year": -91.85,
            "eps_4q": -1.19,
            "eps_4q_growth_year": -128.65,
            "roe": 0.26,
            "roe_4q": -3.0799999999999996,
            "gross_profit": 121316,
            "gross_margin": 36.16,
            "gross_margin_4q_avg": 34.89,
            "net_income": 3576,
            "revenue": 335479,
            "common_shares": 686346,
            "book_valuer_per_share": 19.07,
            "book_valuer_per_share_4q_avg": 21.98,
            "equity": 1400366,
            "current_ratio": 93.08,
            "debt_ratio": 52.13,
            "inventory_turnover_ratio": 3.64,
            "account_receivable_turnover_ratio": 0.91,
            "reinvestment_rate": 163.07,
            "research_to_sale_ratio": null,
            "price_fair": 117.66,
            "eps_avg_yearly": 4.69,
            "eps_latest_yearly": 2.24,
            "eps_growth_yearly": 15.09
        },
        "20094": {
            "year_quarter": 20094,
            "year": 2009,
            "quarter": 4,
            "eps": -2.95,
            "eps_growth_year": -626.79,
            "eps_4q": -3.96,
            "eps_4q_growth_year": -205.62,
            "roe": -17.5,
            "roe_4q": -22.729999999999997,
            "gross_profit": 51307,
            "gross_margin": 18.37,
            "gross_margin_4q_avg": 28.4,
            "net_income": -226059,
            "revenue": 279355,
            "common_shares": 686346,
            "book_valuer_per_share": 16.12,
            "book_valuer_per_share_4q_avg": 20.06,
            "equity": 1183375,
            "current_ratio": 135.08,
            "debt_ratio": 54.26,
            "inventory_turnover_ratio": 6.43,
            "account_receivable_turnover_ratio": 1.69,
            "reinvestment_rate": 182.98,
            "research_to_sale_ratio": null,
            "price_fair": 148.91,
            "eps_avg_yearly": 4.81,
            "eps_latest_yearly": 2.24,
            "eps_growth_yearly": 20.96
        },
        "20101": {
            "year_quarter": 20101,
            "year": 2010,
            "quarter": 1,
            "eps": 0.28,
            "eps_growth_year": null,
            "eps_4q": -3.03,
            "eps_4q_growth_year": -243.6,
            "roe": 1.77,
            "roe_4q": -17.95,
            "gross_profit": 121863,
            "gross_margin": 38.79,
            "gross_margin_4q_avg": 30.31,
            "net_income": 21130,
            "revenue": 314130,
            "common_shares": 686346,
            "book_valuer_per_share": 16.37,
            "book_valuer_per_share_4q_avg": 18.3,
            "equity": 1201379,
            "current_ratio": 135.32,
            "debt_ratio": 53.71,
            "inventory_turnover_ratio": 10.98,
            "account_receivable_turnover_ratio": 0.92,
            "reinvestment_rate": 241.19,
            "research_to_sale_ratio": 2.98,
            "price_fair": 125.7,
            "eps_avg_yearly": 4.89,
            "eps_latest_yearly": 2.24,
            "eps_growth_yearly": 15.68
        },
        "20102": {
            "year_quarter": 20102,
            "year": 2010,
            "quarter": 2,
            "eps": 0.71,
            "eps_growth_year": null,
            "eps_4q": -1.85,
            "eps_4q_growth_year": -489.5,
            "roe": 4.03,
            "roe_4q": -11.44,
            "gross_profit": 159758,
            "gross_margin": 44.26,
            "gross_margin_4q_avg": 34.4,
            "net_income": 53384,
            "revenue": 360982,
            "common_shares": 686348,
            "book_valuer_per_share": 18.03,
            "book_valuer_per_share_4q_avg": 17.4,
            "equity": 1446362,
            "current_ratio": 151.52,
            "debt_ratio": 50.21,
            "inventory_turnover_ratio": 9.47,
            "account_receivable_turnover_ratio": 0.96,
            "reinvestment_rate": 267.24,
            "research_to_sale_ratio": 2.82,
            "price_fair": 159.98,
            "eps_avg_yearly": 4.57,
            "eps_latest_yearly": 2.84,
            "eps_growth_yearly": 47.91
        },
        "20103": {
            "year_quarter": 20103,
            "year": 2010,
            "quarter": 3,
            "eps": 0.53,
            "eps_growth_year": 381.26,
            "eps_4q": -1.43,
            "eps_4q_growth_year": null,
            "roe": 2.28,
            "roe_4q": -9.42,
            "gross_profit": 143668,
            "gross_margin": 39.36,
            "gross_margin_4q_avg": 35.2,
            "net_income": 33261,
            "revenue": 365002,
            "common_shares": 686348,
            "book_valuer_per_share": 18.52,
            "book_valuer_per_share_4q_avg": 17.26,
            "equity": 1474767,
            "current_ratio": 108.38,
            "debt_ratio": 51.19,
            "inventory_turnover_ratio": 12.34,
            "account_receivable_turnover_ratio": 0.89,
            "reinvestment_rate": 346.54,
            "research_to_sale_ratio": 3.13,
            "price_fair": 145.6,
            "eps_avg_yearly": 4.16,
            "eps_latest_yearly": 2.12,
            "eps_growth_yearly": 37.33
        },
        "20104": {
            "year_quarter": 20104,
            "year": 2010,
            "quarter": 4,
            "eps": -0.49,
            "eps_growth_year": null,
            "eps_4q": 1.03,
            "eps_4q_growth_year": null,
            "roe": -3.34,
            "roe_4q": 4.74,
            "gross_profit": 95223,
            "gross_margin": 27.31,
            "gross_margin_4q_avg": 37.43,
            "net_income": -48012,
            "revenue": 348661,
            "common_shares": 686348,
            "book_valuer_per_share": 17.78,
            "book_valuer_per_share_4q_avg": 17.68,
            "equity": 1402662,
            "current_ratio": 114.3,
            "debt_ratio": 51.45,
            "inventory_turnover_ratio": 25.71,
            "account_receivable_turnover_ratio": 0.85,
            "reinvestment_rate": 227.08,
            "research_to_sale_ratio": 3.35,
            "price_fair": 142.66,
            "eps_avg_yearly": 4.08,
            "eps_latest_yearly": 2.12,
            "eps_growth_yearly": 50.94
        },
        "20111": {
            "year_quarter": 20111,
            "year": 2011,
            "quarter": 1,
            "eps": 0.73,
            "eps_growth_year": 160.71,
            "eps_4q": 1.48,
            "eps_4q_growth_year": null,
            "roe": 3.11,
            "roe_4q": 6.08,
            "gross_profit": 132365,
            "gross_margin": 36.71,
            "gross_margin_4q_avg": 36.91,
            "net_income": 44628,
            "revenue": 360545,
            "common_shares": 686348,
            "book_valuer_per_share": 18.78,
            "book_valuer_per_share_4q_avg": 18.28,
            "equity": 1466337,
            "current_ratio": 130.55,
            "debt_ratio": 47.31,
            "inventory_turnover_ratio": 51.21,
            "account_receivable_turnover_ratio": 0.91,
            "reinvestment_rate": 336.8,
            "research_to_sale_ratio": 5.83,
            "price_fair": 143.11,
            "eps_avg_yearly": 4.09,
            "eps_latest_yearly": 2.12,
            "eps_growth_yearly": 65.84
        },
        "20112": {
            "year_quarter": 20112,
            "year": 2011,
            "quarter": 2,
            "eps": 1.04,
            "eps_growth_year": 46.82,
            "eps_4q": 1.8,
            "eps_4q_growth_year": null,
            "roe": 5.05,
            "roe_4q": 7.1,
            "gross_profit": 122071,
            "gross_margin": 32.94,
            "gross_margin_4q_avg": 34.08,
            "net_income": 74849,
            "revenue": 370550,
            "common_shares": 686348,
            "book_valuer_per_share": 19.32,
            "book_valuer_per_share_4q_avg": 18.6,
            "equity": 1497640,
            "current_ratio": 130.7,
            "debt_ratio": 45.63,
            "inventory_turnover_ratio": 59.52,
            "account_receivable_turnover_ratio": 0.9,
            "reinvestment_rate": 331.72,
            "research_to_sale_ratio": 0.28,
            "price_fair": 132.84,
            "eps_avg_yearly": 3.8,
            "eps_latest_yearly": 4.16,
            "eps_growth_yearly": 52.84
        },
        "20113": {
            "year_quarter": 20113,
            "year": 2011,
            "quarter": 3,
            "eps": 0.15,
            "eps_growth_year": -70.98,
            "eps_4q": 1.43,
            "eps_4q_growth_year": null,
            "roe": 0.14,
            "roe_4q": 4.959999999999999,
            "gross_profit": 107472,
            "gross_margin": 30.37,
            "gross_margin_4q_avg": 31.83,
            "net_income": 2129,
            "revenue": 353863,
            "common_shares": 700075,
            "book_valuer_per_share": 19.63,
            "book_valuer_per_share_4q_avg": 18.88,
            "equity": 1539986,
            "current_ratio": 132.55,
            "debt_ratio": 45.07,
            "inventory_turnover_ratio": 49.16,
            "account_receivable_turnover_ratio": 0.84,
            "reinvestment_rate": 405.61,
            "research_to_sale_ratio": 2.88,
            "price_fair": 117.29,
            "eps_avg_yearly": 3.35,
            "eps_latest_yearly": 0.6,
            "eps_growth_yearly": 29.19
        },
        "20114": {
            "year_quarter": 20114,
            "year": 2011,
            "quarter": 4,
            "eps": 0.19,
            "eps_growth_year": null,
            "eps_4q": 2.1,
            "eps_4q_growth_year": 102.55,
            "roe": -0.23,
            "roe_4q": 8.07,
            "gross_profit": 136481,
            "gross_margin": 39.88,
            "gross_margin_4q_avg": 34.98,
            "net_income": -3588,
            "revenue": 342268,
            "common_shares": 700075,
            "book_valuer_per_share": 19.74,
            "book_valuer_per_share_4q_avg": 19.37,
            "equity": 1572349,
            "current_ratio": 127.69,
            "debt_ratio": 47.22,
            "inventory_turnover_ratio": 25.22,
            "account_receivable_turnover_ratio": 0.85,
            "reinvestment_rate": 133.55,
            "research_to_sale_ratio": 12.8,
            "price_fair": 102.67,
            "eps_avg_yearly": 2.93,
            "eps_latest_yearly": 0.76,
            "eps_growth_yearly": 41.81
        },
        "20121": {
            "year_quarter": 20121,
            "year": 2012,
            "quarter": 1,
            "eps": 0.17,
            "eps_growth_year": -76.71,
            "eps_4q": 1.55,
            "eps_4q_growth_year": 4.73,
            "roe": 0.21,
            "roe_4q": 5.17,
            "gross_profit": 109624,
            "gross_margin": 31.91,
            "gross_margin_4q_avg": 33.78,
            "net_income": 3272,
            "revenue": 343490,
            "common_shares": 700075,
            "book_valuer_per_share": 19.73,
            "book_valuer_per_share_4q_avg": 19.61,
            "equity": 1560439,
            "current_ratio": 94.42,
            "debt_ratio": 46.7,
            "inventory_turnover_ratio": 25,
            "account_receivable_turnover_ratio": 0.86,
            "reinvestment_rate": 138.76,
            "research_to_sale_ratio": 4.63,
            "price_fair": 93.33,
            "eps_avg_yearly": 2.67,
            "eps_latest_yearly": 0.68,
            "eps_growth_yearly": 51.29
        },
        "20122": {
            "year_quarter": 20122,
            "year": 2012,
            "quarter": 2,
            "eps": 0.29,
            "eps_growth_year": -72.38,
            "eps_4q": 0.8,
            "eps_4q_growth_year": -55.56,
            "roe": 1.21,
            "roe_4q": 1.33,
            "gross_profit": 147666,
            "gross_margin": 38.77,
            "gross_margin_4q_avg": 35.23,
            "net_income": 18928,
            "revenue": 380902,
            "common_shares": 700075,
            "book_valuer_per_share": 19.79,
            "book_valuer_per_share_4q_avg": 19.72,
            "equity": 1564362,
            "current_ratio": 110.09,
            "debt_ratio": 45.61,
            "inventory_turnover_ratio": 47.31,
            "account_receivable_turnover_ratio": 0.89,
            "reinvestment_rate": 91.62,
            "research_to_sale_ratio": 6.14,
            "price_fair": 77.62,
            "eps_avg_yearly": 2.22,
            "eps_latest_yearly": 1.16,
            "eps_growth_yearly": 52.07
        },
        "20123": {
            "year_quarter": 20123,
            "year": 2012,
            "quarter": 3,
            "eps": 0.85,
            "eps_growth_year": 455.5,
            "eps_4q": 1.86,
            "eps_4q_growth_year": 30.14,
            "roe": 2.58,
            "roe_4q": 3.77,
            "gross_profit": 159660,
            "gross_margin": 38.94,
            "gross_margin_4q_avg": 37.38,
            "net_income": 37367,
            "revenue": 410063,
            "common_shares": 447075,
            "book_valuer_per_share": 25.92,
            "book_valuer_per_share_4q_avg": 21.3,
            "equity": 1335129,
            "current_ratio": 88.16,
            "debt_ratio": 53.26,
            "inventory_turnover_ratio": 73.89,
            "account_receivable_turnover_ratio": 0.86,
            "reinvestment_rate": -316.72,
            "research_to_sale_ratio": 5.6,
            "price_fair": 69.84,
            "eps_avg_yearly": 2,
            "eps_latest_yearly": 3.4,
            "eps_growth_yearly": 136.19
        },
        "20124": {
            "year_quarter": 20124,
            "year": 2012,
            "quarter": 4,
            "eps": 0.15,
            "eps_growth_year": -17.23,
            "eps_4q": 1.69,
            "eps_4q_growth_year": -19.6,
            "roe": -0.32,
            "roe_4q": 3.68,
            "gross_profit": 128297,
            "gross_margin": 34.15,
            "gross_margin_4q_avg": 35.94,
            "net_income": -4299,
            "revenue": 375699,
            "common_shares": 459075,
            "book_valuer_per_share": 25.46,
            "book_valuer_per_share_4q_avg": 22.73,
            "equity": 1364274,
            "current_ratio": 109.46,
            "debt_ratio": 52.66,
            "inventory_turnover_ratio": 30.49,
            "account_receivable_turnover_ratio": 0.81,
            "reinvestment_rate": -378.32,
            "research_to_sale_ratio": 5.45,
            "price_fair": 63.47,
            "eps_avg_yearly": 1.81,
            "eps_latest_yearly": 0.6,
            "eps_growth_yearly": 125.59
        },
        "20131": {
            "year_quarter": 20131,
            "year": 2013,
            "quarter": 1,
            "eps": 0.01,
            "eps_growth_year": -94.12,
            "eps_4q": 1.44,
            "eps_4q_growth_year": -7.46,
            "roe": -0.7,
            "roe_4q": 2.77,
            "gross_profit": 103359,
            "gross_margin": 29.84,
            "gross_margin_4q_avg": 35.43,
            "net_income": -9398,
            "revenue": 346399,
            "common_shares": 459075,
            "book_valuer_per_share": 24.73,
            "book_valuer_per_share_4q_avg": 23.98,
            "equity": 1313976,
            "current_ratio": 111.09,
            "debt_ratio": 49.3,
            "inventory_turnover_ratio": 23.86,
            "account_receivable_turnover_ratio": 0.82,
            "reinvestment_rate": -251.46,
            "research_to_sale_ratio": 5.68,
            "price_fair": 57.26,
            "eps_avg_yearly": 1.64,
            "eps_latest_yearly": 0.04,
            "eps_growth_yearly": 75.7
        },
        "20132": {
            "year_quarter": 20132,
            "year": 2013,
            "quarter": 2,
            "eps": 0.77,
            "eps_growth_year": 168.24,
            "eps_4q": 1.76,
            "eps_4q_growth_year": 120.7,
            "roe": 2.87,
            "roe_4q": 4.43,
            "gross_profit": 175334,
            "gross_margin": 40.14,
            "gross_margin_4q_avg": 35.77,
            "net_income": 37742,
            "revenue": 436825,
            "common_shares": 459075,
            "book_valuer_per_share": 24.77,
            "book_valuer_per_share_4q_avg": 25.22,
            "equity": 1319600,
            "current_ratio": 113.33,
            "debt_ratio": 48.99,
            "inventory_turnover_ratio": 37.95,
            "account_receivable_turnover_ratio": 0.97,
            "reinvestment_rate": -124.7,
            "research_to_sale_ratio": 4.38,
            "price_fair": 61.85,
            "eps_avg_yearly": 1.77,
            "eps_latest_yearly": 3.08,
            "eps_growth_yearly": 2832.46
        },
        "20133": {
            "year_quarter": 20133,
            "year": 2013,
            "quarter": 3,
            "eps": 0.12,
            "eps_growth_year": -85.94,
            "eps_4q": 1.05,
            "eps_4q_growth_year": -43.78,
            "roe": -0.01,
            "roe_4q": 1.84,
            "gross_profit": 139348,
            "gross_margin": 34.07,
            "gross_margin_4q_avg": 34.55,
            "net_income": -148,
            "revenue": 409001,
            "common_shares": 459075,
            "book_valuer_per_share": 24.97,
            "book_valuer_per_share_4q_avg": 24.98,
            "equity": 1398484,
            "current_ratio": 128.35,
            "debt_ratio": 47.39,
            "inventory_turnover_ratio": 50.8,
            "account_receivable_turnover_ratio": 0.87,
            "reinvestment_rate": -183.93,
            "research_to_sale_ratio": 5.88,
            "price_fair": 58.1,
            "eps_avg_yearly": 1.66,
            "eps_latest_yearly": 0.48,
            "eps_growth_yearly": 2568.28
        },
        "20134": {
            "year_quarter": 20134,
            "year": 2013,
            "quarter": 4,
            "eps": 1.03,
            "eps_growth_year": 569.03,
            "eps_4q": 1.93,
            "eps_4q_growth_year": 14.31,
            "roe": 3.33,
            "roe_4q": 5.49,
            "gross_profit": 169594,
            "gross_margin": 38.42,
            "gross_margin_4q_avg": 35.62,
            "net_income": 47685,
            "revenue": 441375,
            "common_shares": 459075,
            "book_valuer_per_share": 26.36,
            "book_valuer_per_share_4q_avg": 25.21,
            "equity": 1463783,
            "current_ratio": 125.42,
            "debt_ratio": 43.59,
            "inventory_turnover_ratio": 71.22,
            "account_receivable_turnover_ratio": 0.97,
            "reinvestment_rate": -64.48,
            "research_to_sale_ratio": 5.38,
            "price_fair": 64.72,
            "eps_avg_yearly": 1.85,
            "eps_latest_yearly": 4.12,
            "eps_growth_yearly": 2604.05
        },
        "20141": {
            "year_quarter": 20141,
            "year": 2014,
            "quarter": 1,
            "eps": 1.25,
            "eps_growth_year": 12400,
            "eps_4q": 3.13,
            "eps_4q_growth_year": 118.13,
            "roe": 3.73,
            "roe_4q": 9.920000000000002,
            "gross_profit": 156608,
            "gross_margin": 38.93,
            "gross_margin_4q_avg": 37.89,
            "net_income": 54259,
            "revenue": 402303,
            "common_shares": 462735,
            "book_valuer_per_share": 27.68,
            "book_valuer_per_share_4q_avg": 25.95,
            "equity": 1447503,
            "current_ratio": 127.2,
            "debt_ratio": 45.46,
            "inventory_turnover_ratio": 124.12,
            "account_receivable_turnover_ratio": 0.9,
            "reinvestment_rate": -60.23,
            "research_to_sale_ratio": 4.65,
            "price_fair": 72.6,
            "eps_avg_yearly": 2.07,
            "eps_latest_yearly": 5,
            "eps_growth_yearly": 2424.15
        },
        "20142": {
            "year_quarter": 20142,
            "year": 2014,
            "quarter": 2,
            "eps": 1.65,
            "eps_growth_year": 114.29,
            "eps_4q": 4.04,
            "eps_4q_growth_year": 128.9,
            "roe": 5.98,
            "roe_4q": 13.030000000000001,
            "gross_profit": 204339,
            "gross_margin": 43.27,
            "gross_margin_4q_avg": 38.67,
            "net_income": 87619,
            "revenue": 472254,
            "common_shares": 459470,
            "book_valuer_per_share": 28.43,
            "book_valuer_per_share_4q_avg": 26.86,
            "equity": 1484945,
            "current_ratio": 122.79,
            "debt_ratio": 45.48,
            "inventory_turnover_ratio": 124.96,
            "account_receivable_turnover_ratio": 1.02,
            "reinvestment_rate": -89.65,
            "research_to_sale_ratio": 4.26,
            "price_fair": 82,
            "eps_avg_yearly": 2.34,
            "eps_latest_yearly": 6.6,
            "eps_growth_yearly": 2389.42
        },
        "20143": {
            "year_quarter": 20143,
            "year": 2014,
            "quarter": 3,
            "eps": 1.6,
            "eps_growth_year": 1233.33,
            "eps_4q": 5.51,
            "eps_4q_growth_year": 426.22,
            "roe": 5.81,
            "roe_4q": 18.85,
            "gross_profit": 211078,
            "gross_margin": 41.83,
            "gross_margin_4q_avg": 40.61,
            "net_income": 89490,
            "revenue": 504605,
            "common_shares": 460240,
            "book_valuer_per_share": 30.37,
            "book_valuer_per_share_4q_avg": 28.21,
            "equity": 1597262,
            "current_ratio": 138.15,
            "debt_ratio": 46.21,
            "inventory_turnover_ratio": 139.71,
            "account_receivable_turnover_ratio": 1.02,
            "reinvestment_rate": -104.94,
            "research_to_sale_ratio": 4.69,
            "price_fair": 92.7,
            "eps_avg_yearly": 2.65,
            "eps_latest_yearly": 6.4,
            "eps_growth_yearly": 2395.79
        },
        "20144": {
            "year_quarter": 20144,
            "year": 2014,
            "quarter": 4,
            "eps": 0.27,
            "eps_growth_year": -73.59,
            "eps_4q": 4.76,
            "eps_4q_growth_year": 146.93,
            "roe": 0.59,
            "roe_4q": 16.11,
            "gross_profit": 130395,
            "gross_margin": 28.12,
            "gross_margin_4q_avg": 38.04,
            "net_income": 9612,
            "revenue": 463768,
            "common_shares": 460240,
            "book_valuer_per_share": 31.44,
            "book_valuer_per_share_4q_avg": 29.48,
            "equity": 1646950,
            "current_ratio": 156.32,
            "debt_ratio": 47.16,
            "inventory_turnover_ratio": 177.99,
            "account_receivable_turnover_ratio": 0.92,
            "reinvestment_rate": -74.03,
            "research_to_sale_ratio": 6.32,
            "price_fair": 89.04,
            "eps_avg_yearly": 2.54,
            "eps_latest_yearly": 1.08,
            "eps_growth_yearly": 2213.91
        },
        "20151": {
            "year_quarter": 20151,
            "year": 2015,
            "quarter": 1,
            "eps": 1.02,
            "eps_growth_year": -18.4,
            "eps_4q": 4.5,
            "eps_4q_growth_year": 43.83,
            "roe": 2.83,
            "roe_4q": 15.21,
            "gross_profit": 170795,
            "gross_margin": 34.49,
            "gross_margin_4q_avg": 36.93,
            "net_income": 47261,
            "revenue": 495238,
            "common_shares": 464040,
            "book_valuer_per_share": 32.18,
            "book_valuer_per_share_4q_avg": 30.61,
            "equity": 1693462,
            "current_ratio": 130.68,
            "debt_ratio": 49.34,
            "inventory_turnover_ratio": 173.22,
            "account_receivable_turnover_ratio": 0.95,
            "reinvestment_rate": -65.64,
            "research_to_sale_ratio": 3.71,
            "price_fair": 92.4,
            "eps_avg_yearly": 2.64,
            "eps_latest_yearly": 4.08,
            "eps_growth_yearly": 2144.98
        },
        "20152": {
            "year_quarter": 20152,
            "year": 2015,
            "quarter": 2,
            "eps": 2.52,
            "eps_growth_year": 52.73,
            "eps_4q": 5.39,
            "eps_4q_growth_year": 33.46,
            "roe": 6.44,
            "roe_4q": 15.669999999999998,
            "gross_profit": 61021,
            "gross_margin": 12.93,
            "gross_margin_4q_avg": 29.34,
            "net_income": 109370,
            "revenue": 472032,
            "common_shares": 464660,
            "book_valuer_per_share": 32.56,
            "book_valuer_per_share_4q_avg": 31.64,
            "equity": 1705235,
            "current_ratio": 119.92,
            "debt_ratio": 54.35,
            "inventory_turnover_ratio": 438.88,
            "account_receivable_turnover_ratio": 0.87,
            "reinvestment_rate": -33.63,
            "research_to_sale_ratio": 9.74,
            "price_fair": 105.35,
            "eps_avg_yearly": 3.01,
            "eps_latest_yearly": 10.08,
            "eps_growth_yearly": 2171.13
        },
        "20153": {
            "year_quarter": 20153,
            "year": 2015,
            "quarter": 3,
            "eps": 2.01,
            "eps_growth_year": 25.62,
            "eps_4q": 5.81,
            "eps_4q_growth_year": 5.41,
            "roe": 3.83,
            "roe_4q": 13.69,
            "gross_profit": 203743,
            "gross_margin": 37.21,
            "gross_margin_4q_avg": 28.19,
            "net_income": 67103,
            "revenue": 547482,
            "common_shares": 464830,
            "book_valuer_per_share": 35.06,
            "book_valuer_per_share_4q_avg": 32.81,
            "equity": 1796110,
            "current_ratio": 107.12,
            "debt_ratio": 49.99,
            "inventory_turnover_ratio": null,
            "account_receivable_turnover_ratio": 0.94,
            "reinvestment_rate": -19.82,
            "research_to_sale_ratio": 5.32,
            "price_fair": 121.63,
            "eps_avg_yearly": 3.48,
            "eps_latest_yearly": 8.04,
            "eps_growth_yearly": 2187.47
        },
        "20154": {
            "year_quarter": 20154,
            "year": 2015,
            "quarter": 4,
            "eps": 1.45,
            "eps_growth_year": 430.1,
            "eps_4q": 6.94,
            "eps_4q_growth_year": 45.91,
            "roe": 2.19,
            "roe_4q": 15.290000000000001,
            "gross_profit": 150149,
            "gross_margin": 29.71,
            "gross_margin_4q_avg": 28.59,
            "net_income": 40032,
            "revenue": 505340,
            "common_shares": 464830,
            "book_valuer_per_share": 36.87,
            "book_valuer_per_share_4q_avg": 34.17,
            "equity": 1854296,
            "current_ratio": 127.57,
            "debt_ratio": 52.08,
            "inventory_turnover_ratio": null,
            "account_receivable_turnover_ratio": 0.76,
            "reinvestment_rate": 22.63,
            "research_to_sale_ratio": 5,
            "price_fair": 132.65,
            "eps_avg_yearly": 3.79,
            "eps_latest_yearly": 5.8,
            "eps_growth_yearly": 2173.83
        },
        "20161": {
            "year_quarter": 20161,
            "year": 2016,
            "quarter": 1,
            "eps": 1.61,
            "eps_growth_year": 57.84,
            "eps_4q": 7.11,
            "eps_4q_growth_year": 57.76,
            "roe": 2.68,
            "roe_4q": 15.14,
            "gross_profit": 187632,
            "gross_margin": 33.73,
            "gross_margin_4q_avg": 28.4,
            "net_income": 54308,
            "revenue": 556219,
            "common_shares": 505311,
            "book_valuer_per_share": 41.25,
            "book_valuer_per_share_4q_avg": 36.44,
            "equity": 2199722,
            "current_ratio": 120.09,
            "debt_ratio": 43.99,
            "inventory_turnover_ratio": null,
            "account_receivable_turnover_ratio": 0.78,
            "reinvestment_rate": 45.24,
            "research_to_sale_ratio": 3.42,
            "price_fair": 145.25,
            "eps_avg_yearly": 4.15,
            "eps_latest_yearly": 6.44,
            "eps_growth_yearly": 2179.22
        },
        "20162": {
            "year_quarter": 20162,
            "year": 2016,
            "quarter": 2,
            "eps": 1.7,
            "eps_growth_year": -32.54,
            "eps_4q": 6.44,
            "eps_4q_growth_year": 19.57,
            "roe": 2.86,
            "roe_4q": 11.56,
            "gross_profit": 195064,
            "gross_margin": 32.02,
            "gross_margin_4q_avg": 33.17,
            "net_income": 61819,
            "revenue": 609266,
            "common_shares": 510431,
            "book_valuer_per_share": 37.35,
            "book_valuer_per_share_4q_avg": 37.63,
            "equity": 2121835,
            "current_ratio": 128.77,
            "debt_ratio": 50.44,
            "inventory_turnover_ratio": null,
            "account_receivable_turnover_ratio": 0.79,
            "reinvestment_rate": 55.22,
            "research_to_sale_ratio": 3.39,
            "price_fair": 157.59,
            "eps_avg_yearly": 4.5,
            "eps_latest_yearly": 6.8,
            "eps_growth_yearly": 2162.98
        },
        "20163": {
            "year_quarter": 20163,
            "year": 2016,
            "quarter": 3,
            "eps": 0.84,
            "eps_growth_year": -58.21,
            "eps_4q": 5.37,
            "eps_4q_growth_year": -7.53,
            "roe": 1.13,
            "roe_4q": 8.86,
            "gross_profit": 162519,
            "gross_margin": 27.41,
            "gross_margin_4q_avg": 30.72,
            "net_income": 24204,
            "revenue": 592894,
            "common_shares": 517783,
            "book_valuer_per_share": 38.23,
            "book_valuer_per_share_4q_avg": 38.43,
            "equity": 2177322,
            "current_ratio": 103.13,
            "debt_ratio": 54.27,
            "inventory_turnover_ratio": null,
            "account_receivable_turnover_ratio": 0.72,
            "reinvestment_rate": 86.31,
            "research_to_sale_ratio": 3.92,
            "price_fair": 157.5,
            "eps_avg_yearly": 4.5,
            "eps_latest_yearly": 3.36,
            "eps_growth_yearly": 2102.05
        },
        "20164": {
            "year_quarter": 20164,
            "year": 2016,
            "quarter": 4,
            "eps": 0.39,
            "eps_growth_year": -72.76,
            "eps_4q": 4.41,
            "eps_4q_growth_year": -36.42,
            "roe": 0.61,
            "roe_4q": 7.279999999999999,
            "gross_profit": 154891,
            "gross_margin": 26.47,
            "gross_margin_4q_avg": 29.91,
            "net_income": 13482,
            "revenue": 585163,
            "common_shares": 523783,
            "book_valuer_per_share": 39.85,
            "book_valuer_per_share_4q_avg": 39.17,
            "equity": 2277681,
            "current_ratio": 131.99,
            "debt_ratio": 55.77,
            "inventory_turnover_ratio": null,
            "account_receivable_turnover_ratio": 0.76,
            "reinvestment_rate": 134.27,
            "research_to_sale_ratio": 6,
            "price_fair": 159.6,
            "eps_avg_yearly": 4.56,
            "eps_latest_yearly": 1.56,
            "eps_growth_yearly": 2109.25
        },
        "20171": {
            "year_quarter": 20171,
            "year": 2017,
            "quarter": 1,
            "eps": 0.55,
            "eps_growth_year": -65.84,
            "eps_4q": 2.94,
            "eps_4q_growth_year": -58.62,
            "roe": 0.42,
            "roe_4q": 5.02,
            "gross_profit": 167818,
            "gross_margin": 27.96,
            "gross_margin_4q_avg": 28.47,
            "net_income": 11368,
            "revenue": 600212,
            "common_shares": 624929,
            "book_valuer_per_share": 46.87,
            "book_valuer_per_share_4q_avg": 40.58,
            "equity": 3096999,
            "current_ratio": 108.18,
            "debt_ratio": 47.51,
            "inventory_turnover_ratio": null,
            "account_receivable_turnover_ratio": 0.87,
            "reinvestment_rate": 257.7,
            "research_to_sale_ratio": 4.61,
            "price_fair": 164.33,
            "eps_avg_yearly": 4.7,
            "eps_latest_yearly": 2.2,
            "eps_growth_yearly": 2142.84
        },
        "20172": {
            "year_quarter": 20172,
            "year": 2017,
            "quarter": 2,
            "eps": 1.14,
            "eps_growth_year": -32.94,
            "eps_4q": 2.69,
            "eps_4q_growth_year": -58.25,
            "roe": 1.47,
            "roe_4q": 3.63,
            "gross_profit": 210574,
            "gross_margin": 29.34,
            "gross_margin_4q_avg": 27.8,
            "net_income": 45069,
            "revenue": 717824,
            "common_shares": 625284,
            "book_valuer_per_share": 46.34,
            "book_valuer_per_share_4q_avg": 42.82,
            "equity": 3042540,
            "current_ratio": 110.32,
            "debt_ratio": 54.95,
            "inventory_turnover_ratio": null,
            "account_receivable_turnover_ratio": 0.93,
            "reinvestment_rate": 280.76,
            "research_to_sale_ratio": 4.31,
            "price_fair": 167.56,
            "eps_avg_yearly": 4.79,
            "eps_latest_yearly": 4.56,
            "eps_growth_yearly": 269.66
        },
        "20173": {
            "year_quarter": 20173,
            "year": 2017,
            "quarter": 3,
            "eps": 0.52,
            "eps_growth_year": -38.1,
            "eps_4q": 2.5,
            "eps_4q_growth_year": -53.44,
            "roe": 0.77,
            "roe_4q": 3.27,
            "gross_profit": 213999,
            "gross_margin": 30.43,
            "gross_margin_4q_avg": 28.55,
            "net_income": 23611,
            "revenue": 703306,
            "common_shares": 630064,
            "book_valuer_per_share": 47.35,
            "book_valuer_per_share_4q_avg": 45.1,
            "equity": 3119853,
            "current_ratio": 70.16,
            "debt_ratio": 59.88,
            "inventory_turnover_ratio": null,
            "account_receivable_turnover_ratio": 0.78,
            "reinvestment_rate": 293.57,
            "research_to_sale_ratio": 4.94,
            "price_fair": 171.06,
            "eps_avg_yearly": 4.89,
            "eps_latest_yearly": 2.08,
            "eps_growth_yearly": 277.16
        },
        "20174": {
            "year_quarter": 20174,
            "year": 2017,
            "quarter": 4,
            "eps": 0.85,
            "eps_growth_year": 114.56,
            "eps_4q": 3,
            "eps_4q_growth_year": -31.94,
            "roe": 1.25,
            "roe_4q": 3.91,
            "gross_profit": 223956,
            "gross_margin": 27.9,
            "gross_margin_4q_avg": 28.91,
            "net_income": 39980,
            "revenue": 802566,
            "common_shares": 635017,
            "book_valuer_per_share": 49.93,
            "book_valuer_per_share_4q_avg": 47.62,
            "equity": 3293228,
            "current_ratio": 111.19,
            "debt_ratio": 63.41,
            "inventory_turnover_ratio": null,
            "account_receivable_turnover_ratio": 0.81,
            "reinvestment_rate": 394.76,
            "research_to_sale_ratio": 4.21,
            "price_fair": 169.49,
            "eps_avg_yearly": 4.84,
            "eps_latest_yearly": 3.4,
            "eps_growth_yearly": 103.45
        },
        "20181": {
            "year_quarter": 20181,
            "year": 2018,
            "quarter": 1,
            "eps": 0.34,
            "eps_growth_year": -38.18,
            "eps_4q": 2.81,
            "eps_4q_growth_year": -4.43,
            "roe": 0.07,
            "roe_4q": 3.5599999999999996,
            "gross_profit": 163373,
            "gross_margin": 22.06,
            "gross_margin_4q_avg": 27.43,
            "net_income": 2277,
            "revenue": 740667,
            "common_shares": 635751,
            "book_valuer_per_share": 50.64,
            "book_valuer_per_share_4q_avg": 48.57,
            "equity": 3345791,
            "current_ratio": 104.87,
            "debt_ratio": 62.04,
            "inventory_turnover_ratio": null,
            "account_receivable_turnover_ratio": 0.74,
            "reinvestment_rate": 449.44,
            "research_to_sale_ratio": 4.52,
            "price_fair": 161.53,
            "eps_avg_yearly": 4.62,
            "eps_latest_yearly": 1.36,
            "eps_growth_yearly": 83.11
        },
        "20182": {
            "year_quarter": 20182,
            "year": 2018,
            "quarter": 2,
            "eps": 0.31,
            "eps_growth_year": -72.81,
            "eps_4q": 2,
            "eps_4q_growth_year": -25.48,
            "roe": -0.04,
            "roe_4q": 2.05,
            "gross_profit": 194212,
            "gross_margin": 22.82,
            "gross_margin_4q_avg": 25.8,
            "net_income": -1212,
            "revenue": 850971,
            "common_shares": 635751,
            "book_valuer_per_share": 50.06,
            "book_valuer_per_share_4q_avg": 49.5,
            "equity": 3288320,
            "current_ratio": 111.97,
            "debt_ratio": 64.73,
            "inventory_turnover_ratio": null,
            "account_receivable_turnover_ratio": 0.82,
            "reinvestment_rate": 522.23,
            "research_to_sale_ratio": 4.41,
            "price_fair": 149.8,
            "eps_avg_yearly": 4.28,
            "eps_latest_yearly": 1.24,
            "eps_growth_yearly": 72.9
        },
        "20183": {
            "year_quarter": 20183,
            "year": 2018,
            "quarter": 3,
            "eps": -0.63,
            "eps_growth_year": -221.15,
            "eps_4q": 0.86,
            "eps_4q_growth_year": -65.57,
            "roe": -1.72,
            "roe_4q": -0.43999999999999995,
            "gross_profit": 114644,
            "gross_margin": 14.9,
            "gross_margin_4q_avg": 21.92,
            "net_income": -55887,
            "revenue": 769615,
            "common_shares": 635751,
            "book_valuer_per_share": 48.92,
            "book_valuer_per_share_4q_avg": 49.89,
            "equity": 3192274,
            "current_ratio": 119.58,
            "debt_ratio": 65.58,
            "inventory_turnover_ratio": null,
            "account_receivable_turnover_ratio": 0.68,
            "reinvestment_rate": 633.14,
            "research_to_sale_ratio": 4.56,
            "price_fair": 144.85,
            "eps_avg_yearly": 4.14,
            "eps_latest_yearly": 1.24,
            "eps_growth_yearly": 78.57
        },
        "20184": {
            "year_quarter": 20184,
            "year": 2018,
            "quarter": 4,
            "eps": -3,
            "eps_growth_year": -455.28,
            "eps_4q": -2.99,
            "eps_4q_growth_year": -199.42,
            "roe": -8.1,
            "roe_4q": -9.79,
            "gross_profit": -334,
            "gross_margin": -0.05,
            "gross_margin_4q_avg": 14.93,
            "net_income": -248839,
            "revenue": 661734,
            "common_shares": 635751,
            "book_valuer_per_share": 46.1,
            "book_valuer_per_share_4q_avg": 48.93,
            "equity": 2955069,
            "current_ratio": 83.46,
            "debt_ratio": 67.61,
            "inventory_turnover_ratio": null,
            "account_receivable_turnover_ratio": 0.61,
            "reinvestment_rate": 882.15,
            "research_to_sale_ratio": 3.84,
            "price_fair": 152.5,
            "eps_avg_yearly": 4.36,
            "eps_latest_yearly": 1.24,
            "eps_growth_yearly": 107.93
        },
        "20191": {
            "year_quarter": 20191,
            "year": 2019,
            "quarter": 1,
            "eps": -1.77,
            "eps_growth_year": -620.59,
            "eps_4q": -5.09,
            "eps_4q_growth_year": -281.24,
            "roe": -4.29,
            "roe_4q": -14.15,
            "gross_profit": 64603,
            "gross_margin": 9.55,
            "gross_margin_4q_avg": 11.81,
            "net_income": -125085,
            "revenue": 676545,
            "common_shares": 635751,
            "book_valuer_per_share": 44.59,
            "book_valuer_per_share_4q_avg": 47.42,
            "equity": 2873865,
            "current_ratio": 71.26,
            "debt_ratio": 69.45,
            "inventory_turnover_ratio": null,
            "account_receivable_turnover_ratio": 0.69,
            "reinvestment_rate": 1207.56,
            "research_to_sale_ratio": 5.06,
            "price_fair": 153.25,
            "eps_avg_yearly": 4.38,
            "eps_latest_yearly": 1.24,
            "eps_growth_yearly": 30.76
        },
        "20192": {
            "year_quarter": 20192,
            "year": 2019,
            "quarter": 2,
            "eps": 0.01,
            "eps_growth_year": -96.77,
            "eps_4q": -5.4,
            "eps_4q_growth_year": -369.3,
            "roe": -0.52,
            "roe_4q": -14.63,
            "gross_profit": 139171,
            "gross_margin": 16.55,
            "gross_margin_4q_avg": 10.24,
            "net_income": -14958,
            "revenue": 841011,
            "common_shares": 635751,
            "book_valuer_per_share": 44.31,
            "book_valuer_per_share_4q_avg": 45.98,
            "equity": 2841730,
            "current_ratio": 71.63,
            "debt_ratio": 69.16,
            "inventory_turnover_ratio": null,
            "account_receivable_turnover_ratio": 0.89,
            "reinvestment_rate": 1617.3,
            "research_to_sale_ratio": 4.84,
            "price_fair": 11.71,
            "eps_avg_yearly": 3.9,
            "eps_latest_yearly": 1.24,
            "eps_growth_yearly": -15.69
        },
        "20193": {
            "year_quarter": 20193,
            "year": 2019,
            "quarter": 3,
            "eps": 0.24,
            "eps_growth_year": null,
            "eps_4q": -3.82,
            "eps_4q_growth_year": -543.2,
            "roe": 0.28,
            "roe_4q": -12.629999999999999,
            "gross_profit": 204842,
            "gross_margin": 21.52,
            "gross_margin_4q_avg": 11.89,
            "net_income": 8234,
            "revenue": 951922,
            "common_shares": 635751,
            "book_valuer_per_share": 43.86,
            "book_valuer_per_share_4q_avg": 44.72,
            "equity": 2948178,
            "current_ratio": 83.08,
            "debt_ratio": 68.52,
            "inventory_turnover_ratio": null,
            "account_receivable_turnover_ratio": 0.91,
            "reinvestment_rate": 2072.19,
            "research_to_sale_ratio": 4.43,
            "price_fair": 115.97,
            "eps_avg_yearly": 3.31,
            "eps_latest_yearly": 0.96,
            "eps_growth_yearly": 757.72
        },
        "20194": {
            "year_quarter": 20194,
            "year": 2019,
            "quarter": 4,
            "eps": 1.85,
            "eps_growth_year": null,
            "eps_4q": 0.82,
            "eps_4q_growth_year": null,
            "roe": 4.83,
            "roe_4q": 0.2999999999999998,
            "gross_profit": -6239,
            "gross_margin": -12.37,
            "gross_margin_4q_avg": 8.81,
            "net_income": 170927,
            "revenue": 50447,
            "common_shares": 935751,
            "book_valuer_per_share": 43.44,
            "book_valuer_per_share_4q_avg": 44.05,
            "equity": 4131538,
            "current_ratio": 99.58,
            "debt_ratio": 53.39,
            "inventory_turnover_ratio": null,
            "account_receivable_turnover_ratio": 0.05,
            "reinvestment_rate": 972.72,
            "research_to_sale_ratio": -44.96,
            "price_fair": 120.63,
            "eps_avg_yearly": 3.45,
            "eps_latest_yearly": 7.4,
            "eps_growth_yearly": 990.62
        },
        "20201": {
            "year_quarter": 20201,
            "year": 2020,
            "quarter": 1,
            "eps": 0.75,
            "eps_growth_year": null,
            "eps_4q": 2.77,
            "eps_4q_growth_year": null,
            "roe": 1.47,
            "roe_4q": 6.0600000000000005,
            "gross_profit": 220881,
            "gross_margin": 29.73,
            "gross_margin_4q_avg": 13.86,
            "net_income": 61252,
            "revenue": 742906,
            "common_shares": 935751,
            "book_valuer_per_share": 44.18,
            "book_valuer_per_share_4q_avg": 43.95,
            "equity": 4194151,
            "current_ratio": 107.31,
            "debt_ratio": 51.79,
            "inventory_turnover_ratio": null,
            "account_receivable_turnover_ratio": 0.78,
            "reinvestment_rate": 950.52,
            "research_to_sale_ratio": 3.26,
            "price_fair": 110.6,
            "eps_avg_yearly": 3.16,
            "eps_latest_yearly": 3,
            "eps_growth_yearly": 967.12
        },
        "20202": {
            "year_quarter": 20202,
            "year": 2020,
            "quarter": 2,
            "eps": 0.8,
            "eps_growth_year": 7900,
            "eps_4q": 3.57,
            "eps_4q_growth_year": null,
            "roe": 1.59,
            "roe_4q": 8.17,
            "gross_profit": 215195,
            "gross_margin": 28.34,
            "gross_margin_4q_avg": 16.81,
            "net_income": 65449,
            "revenue": 759373,
            "common_shares": 935751,
            "book_valuer_per_share": 42.83,
            "book_valuer_per_share_4q_avg": 43.58,
            "equity": 4055101,
            "current_ratio": 120.15,
            "debt_ratio": 53.07,
            "inventory_turnover_ratio": null,
            "account_receivable_turnover_ratio": 0.75,
            "reinvestment_rate": 885.96,
            "research_to_sale_ratio": 3.84,
            "price_fair": 100.1,
            "eps_avg_yearly": 2.86,
            "eps_latest_yearly": 3.2,
            "eps_growth_yearly": 967.48
        },
        "20203": {
            "year_quarter": 20203,
            "year": 2020,
            "quarter": 3,
            "eps": 0.9,
            "eps_growth_year": 275,
            "eps_4q": 4.31,
            "eps_4q_growth_year": null,
            "roe": 1.89,
            "roe_4q": 9.780000000000001,
            "gross_profit": 215249,
            "gross_margin": 27.97,
            "gross_margin_4q_avg": 18.42,
            "net_income": 76204,
            "revenue": 769495,
            "common_shares": 935751,
            "book_valuer_per_share": 42.3,
            "book_valuer_per_share_4q_avg": 43.19,
            "equity": 3987786,
            "current_ratio": 114.52,
            "debt_ratio": 53.34,
            "inventory_turnover_ratio": null,
            "account_receivable_turnover_ratio": 0.72,
            "reinvestment_rate": 686.02,
            "research_to_sale_ratio": 4.04,
            "price_fair": 100.8,
            "eps_avg_yearly": 2.88,
            "eps_latest_yearly": 3.6,
            "eps_growth_yearly": 988.51
        },
        "20204": {
            "year_quarter": 20204,
            "year": 2020,
            "quarter": 4,
            "eps": 0.35,
            "eps_growth_year": -81.19,
            "eps_4q": 2.8,
            "eps_4q_growth_year": 240.67,
            "roe": 0.68,
            "roe_4q": 5.63,
            "gross_profit": 187621,
            "gross_margin": 24.33,
            "gross_margin_4q_avg": 27.59,
            "net_income": 27102,
            "revenue": 771089,
            "common_shares": 935751,
            "book_valuer_per_share": 41.76,
            "book_valuer_per_share_4q_avg": 42.77,
            "equity": 3931727,
            "current_ratio": 141.13,
            "debt_ratio": 46.72,
            "inventory_turnover_ratio": null,
            "account_receivable_turnover_ratio": 0.71,
            "reinvestment_rate": 507.32,
            "research_to_sale_ratio": 3.39,
            "price_fair": 100.33,
            "eps_avg_yearly": 2.87,
            "eps_latest_yearly": 1.4,
            "eps_growth_yearly": 985.99
        },
        "20211": {
            "year_quarter": 20211,
            "year": 2021,
            "quarter": 1,
            "eps": 0.58,
            "eps_growth_year": -22.67,
            "eps_4q": 2.63,
            "eps_4q_growth_year": -5.04,
            "roe": 0.93,
            "roe_4q": 5.09,
            "gross_profit": 206906,
            "gross_margin": 27.62,
            "gross_margin_4q_avg": 27.07,
            "net_income": 37262,
            "revenue": 749142,
            "common_shares": 935751,
            "book_valuer_per_share": 42.26,
            "book_valuer_per_share_4q_avg": 42.29,
            "equity": 4101672,
            "current_ratio": 144.36,
            "debt_ratio": 43.33,
            "inventory_turnover_ratio": null,
            "account_receivable_turnover_ratio": 0.72,
            "reinvestment_rate": 161.4,
            "research_to_sale_ratio": 3.85,
            "price_fair": 100.68,
            "eps_avg_yearly": 2.88,
            "eps_latest_yearly": 2.32,
            "eps_growth_yearly": 994.22
        },
        "20212": {
            "year_quarter": 20212,
            "year": 2021,
            "quarter": 2,
            "eps": 0.4,
            "eps_growth_year": -50,
            "eps_4q": 2.23,
            "eps_4q_growth_year": -37.41,
            "roe": 0.41,
            "roe_4q": 3.91,
            "gross_profit": 180636,
            "gross_margin": 23.42,
            "gross_margin_4q_avg": 25.84,
            "net_income": 16285,
            "revenue": 771296,
            "common_shares": 935751,
            "book_valuer_per_share": 40.38,
            "book_valuer_per_share_4q_avg": 41.68,
            "equity": 3904535,
            "current_ratio": 125.07,
            "debt_ratio": 45.5,
            "inventory_turnover_ratio": null,
            "account_receivable_turnover_ratio": 0.72,
            "reinvestment_rate": 84.98,
            "research_to_sale_ratio": 3.73,
            "price_fair": 92.05,
            "eps_avg_yearly": 2.63,
            "eps_latest_yearly": 1.6,
            "eps_growth_yearly": 948.12
        },
        "20213": {
            "year_quarter": 20213,
            "year": 2021,
            "quarter": 3,
            "eps": 0.6,
            "eps_growth_year": -33.33,
            "eps_4q": 2.12,
            "eps_4q_growth_year": -50.85,
            "roe": 1.07,
            "roe_4q": 3.0900000000000003,
            "gross_profit": 186736,
            "gross_margin": 22.88,
            "gross_margin_4q_avg": 24.56,
            "net_income": 40085,
            "revenue": 816028,
            "common_shares": 885751,
            "book_valuer_per_share": 40.54,
            "book_valuer_per_share_4q_avg": 41.24,
            "equity": 3562686,
            "current_ratio": 126.58,
            "debt_ratio": 51.02,
            "inventory_turnover_ratio": null,
            "account_receivable_turnover_ratio": 0.68,
            "reinvestment_rate": 30.56,
            "research_to_sale_ratio": 3.39,
            "price_fair": 92.98,
            "eps_avg_yearly": 2.66,
            "eps_latest_yearly": 2.4,
            "eps_growth_yearly": 982.92
        },
        "20214": {
            "year_quarter": 20214,
            "year": 2021,
            "quarter": 4,
            "eps": 0.42,
            "eps_growth_year": 19.87,
            "eps_4q": 2.25,
            "eps_4q_growth_year": -19.57,
            "roe": 0.86,
            "roe_4q": 3.2700000000000005,
            "gross_profit": 227434,
            "gross_margin": 25.92,
            "gross_margin_4q_avg": 24.96,
            "net_income": 29537,
            "revenue": 877322,
            "common_shares": 797751,
            "book_valuer_per_share": 40.14,
            "book_valuer_per_share_4q_avg": 40.83,
            "equity": 3324681,
            "current_ratio": 123.46,
            "debt_ratio": 53.96,
            "inventory_turnover_ratio": null,
            "account_receivable_turnover_ratio": 0.7,
            "reinvestment_rate": -215.5,
            "research_to_sale_ratio": 3.64,
            "price_fair": 87.97,
            "eps_avg_yearly": 2.51,
            "eps_latest_yearly": 1.68,
            "eps_growth_yearly": 951.76
        },
        "20221": {
            "year_quarter": 20221,
            "year": 2022,
            "quarter": 1,
            "eps": 1.03,
            "eps_growth_year": 77.59,
            "eps_4q": 2.66,
            "eps_4q_growth_year": 1.1,
            "roe": 2.38,
            "roe_4q": 4.72,
            "gross_profit": 240874,
            "gross_margin": 27.54,
            "gross_margin_4q_avg": 24.94,
            "net_income": 79144,
            "revenue": 874771,
            "common_shares": 797751,
            "book_valuer_per_share": 41.11,
            "book_valuer_per_share_4q_avg": 40.54,
            "equity": 3320526,
            "current_ratio": 118.91,
            "debt_ratio": 55.03,
            "inventory_turnover_ratio": null,
            "account_receivable_turnover_ratio": 0.69,
            "reinvestment_rate": -251.36,
            "research_to_sale_ratio": 3.21,
            "price_fair": 96.02,
            "eps_avg_yearly": 2.74,
            "eps_latest_yearly": 4.12,
            "eps_growth_yearly": 1020.17
        },
        "20222": {
            "year_quarter": 20222,
            "year": 2022,
            "quarter": 2,
            "eps": 1.22,
            "eps_growth_year": 205,
            "eps_4q": 3.49,
            "eps_4q_growth_year": 56.24,
            "roe": 2.68,
            "roe_4q": 6.990000000000001,
            "gross_profit": 238317,
            "gross_margin": 26.16,
            "gross_margin_4q_avg": 25.63,
            "net_income": 87885,
            "revenue": 910982,
            "common_shares": 747751,
            "book_valuer_per_share": 41.84,
            "book_valuer_per_share_4q_avg": 40.91,
            "equity": 3244732,
            "current_ratio": 114.51,
            "debt_ratio": 56.1,
            "inventory_turnover_ratio": null,
            "account_receivable_turnover_ratio": 0.71,
            "reinvestment_rate": -252.64,
            "research_to_sale_ratio": 3.29,
            "price_fair": 106.63,
            "eps_avg_yearly": 3.05,
            "eps_latest_yearly": 4.88,
            "eps_growth_yearly": 1029.26
        },
        "20223": {
            "year_quarter": 20223,
            "year": 2022,
            "quarter": 3,
            "eps": 1.83,
            "eps_growth_year": 205,
            "eps_4q": 4.59,
            "eps_4q_growth_year": 116.76,
            "roe": 3.96,
            "roe_4q": 9.879999999999999,
            "gross_profit": 303288,
            "gross_margin": 31.1,
            "gross_margin_4q_avg": 27.68,
            "net_income": 131273,
            "revenue": 975153,
            "common_shares": 747751,
            "book_valuer_per_share": 43.81,
            "book_valuer_per_share_4q_avg": 41.73,
            "equity": 3387097,
            "current_ratio": 117.25,
            "debt_ratio": 55.18,
            "inventory_turnover_ratio": null,
            "account_receivable_turnover_ratio": 0.79,
            "reinvestment_rate": -238.15,
            "research_to_sale_ratio": 3.38,
            "price_fair": 118.14,
            "eps_avg_yearly": 3.38,
            "eps_latest_yearly": 7.32,
            "eps_growth_yearly": 965.48
        },
        "20224": {
            "year_quarter": 20224,
            "year": 2022,
            "quarter": 4,
            "eps": 1.28,
            "eps_growth_year": 205.46,
            "eps_4q": 5.42,
            "eps_4q_growth_year": 140.52,
            "roe": 2.6,
            "roe_4q": 11.620000000000001,
            "gross_profit": 233343,
            "gross_margin": 23.77,
            "gross_margin_4q_avg": 27.14,
            "net_income": 88200,
            "revenue": 981776,
            "common_shares": 747751,
            "book_valuer_per_share": 44.11,
            "book_valuer_per_share_4q_avg": 42.72,
            "equity": 3402193,
            "current_ratio": 116.52,
            "debt_ratio": 54.17,
            "inventory_turnover_ratio": null,
            "account_receivable_turnover_ratio": 0.76,
            "reinvestment_rate": -186.34,
            "research_to_sale_ratio": 3.68,
            "price_fair": 122.5,
            "eps_avg_yearly": 3.5,
            "eps_latest_yearly": 5.12,
            "eps_growth_yearly": 887.93
        },
        "20231": {
            "year_quarter": 20231,
            "year": 2023,
            "quarter": 1,
            "eps": 1.31,
            "eps_growth_year": 27.18,
            "eps_4q": 5.64,
            "eps_4q_growth_year": 111.7,
            "roe": 2.22,
            "roe_4q": 11.46,
            "gross_profit": 279580,
            "gross_margin": 28.49,
            "gross_margin_4q_avg": 27.38,
            "net_income": 75814,
            "revenue": 981318,
            "common_shares": 747751,
            "book_valuer_per_share": 44.64,
            "book_valuer_per_share_4q_avg": 43.6,
            "equity": 3420032,
            "current_ratio": 112.03,
            "debt_ratio": 53.78,
            "inventory_turnover_ratio": null,
            "account_receivable_turnover_ratio": 0.74,
            "reinvestment_rate": -135.03,
            "research_to_sale_ratio": 3.6,
            "price_fair": 126.56,
            "eps_avg_yearly": 3.62,
            "eps_latest_yearly": 5.24,
            "eps_growth_yearly": 829.36
        }
    },
    "months": {
        "2004-03": {
            "month": "2004-03",
            "price": "94.92",
            "revenue": 32268
        },
        "2004-04": {
            "month": "2004-04",
            "price": "92.30",
            "revenue": 32838
        },
        "2004-05": {
            "month": "2004-05",
            "price": "80.00",
            "revenue": 35117
        },
        "2004-06": {
            "month": "2004-06",
            "price": "75.07",
            "revenue": 41480
        },
        "2004-07": {
            "month": "2004-07",
            "price": "62.92",
            "revenue": 36058
        },
        "2004-08": {
            "month": "2004-08",
            "price": "52.57",
            "revenue": 42219
        },
        "2004-09": {
            "month": "2004-09",
            "price": "57.50",
            "revenue": 37987
        },
        "2004-10": {
            "month": "2004-10",
            "price": "60.53",
            "revenue": 42743
        },
        "2004-11": {
            "month": "2004-11",
            "price": "58.15",
            "revenue": 42435
        },
        "2004-12": {
            "month": "2004-12",
            "price": "41.88",
            "revenue": 49249
        },
        "2005-01": {
            "month": "2005-01",
            "price": "41.84",
            "revenue": 43594
        },
        "2005-02": {
            "month": "2005-02",
            "price": "47.88",
            "revenue": 34540
        },
        "2005-03": {
            "month": "2005-03",
            "price": "51.27",
            "revenue": 50623
        },
        "2005-04": {
            "month": "2005-04",
            "price": "50.58",
            "revenue": 42013
        },
        "2005-05": {
            "month": "2005-05",
            "price": "46.37",
            "revenue": 42269
        },
        "2005-06": {
            "month": "2005-06",
            "price": "47.36",
            "revenue": 47530
        },
        "2005-07": {
            "month": "2005-07",
            "price": "57.93",
            "revenue": 0
        },
        "2005-08": {
            "month": "2005-08",
            "price": "60.58",
            "revenue": 0
        },
        "2005-09": {
            "month": "2005-09",
            "price": "55.41",
            "revenue": 0
        },
        "2005-10": {
            "month": "2005-10",
            "price": "58.22",
            "revenue": 0
        },
        "2005-11": {
            "month": "2005-11",
            "price": "54.55",
            "revenue": 0
        },
        "2005-12": {
            "month": "2005-12",
            "price": "60.06",
            "revenue": 73463
        },
        "2006-01": {
            "month": "2006-01",
            "price": "57.54",
            "revenue": 73284
        },
        "2006-02": {
            "month": "2006-02",
            "price": "54.64",
            "revenue": 70332
        },
        "2006-03": {
            "month": "2006-03",
            "price": "55.56",
            "revenue": 82504
        },
        "2006-04": {
            "month": "2006-04",
            "price": "62.75",
            "revenue": 87323
        },
        "2006-05": {
            "month": "2006-05",
            "price": "73.09",
            "revenue": 88489
        },
        "2006-06": {
            "month": "2006-06",
            "price": "64.22",
            "revenue": 113834
        },
        "2006-07": {
            "month": "2006-07",
            "price": "69.30",
            "revenue": 119693
        },
        "2006-08": {
            "month": "2006-08",
            "price": "71.02",
            "revenue": 111604
        },
        "2006-09": {
            "month": "2006-09",
            "price": "68.09",
            "revenue": 127134
        },
        "2006-10": {
            "month": "2006-10",
            "price": "70.91",
            "revenue": 121845
        },
        "2006-11": {
            "month": "2006-11",
            "price": "78.16",
            "revenue": 113051
        },
        "2006-12": {
            "month": "2006-12",
            "price": "83.70",
            "revenue": 144719
        },
        "2007-01": {
            "month": "2007-01",
            "price": "88.84",
            "revenue": 115618
        },
        "2007-02": {
            "month": "2007-02",
            "price": "88.57",
            "revenue": 92792
        },
        "2007-03": {
            "month": "2007-03",
            "price": "88.29",
            "revenue": 131972
        },
        "2007-04": {
            "month": "2007-04",
            "price": "91.21",
            "revenue": 122197
        },
        "2007-05": {
            "month": "2007-05",
            "price": "86.83",
            "revenue": 128377
        },
        "2007-06": {
            "month": "2007-06",
            "price": "86.03",
            "revenue": 117345
        },
        "2007-07": {
            "month": "2007-07",
            "price": "89.53",
            "revenue": 117429
        },
        "2007-08": {
            "month": "2007-08",
            "price": "76.69",
            "revenue": 133007
        },
        "2007-09": {
            "month": "2007-09",
            "price": "68.84",
            "revenue": 126250
        },
        "2007-10": {
            "month": "2007-10",
            "price": "67.71",
            "revenue": 139556
        },
        "2007-11": {
            "month": "2007-11",
            "price": "61.70",
            "revenue": 154339
        },
        "2007-12": {
            "month": "2007-12",
            "price": "54.82",
            "revenue": 175033
        },
        "2008-01": {
            "month": "2008-01",
            "price": "47.04",
            "revenue": 152095
        },
        "2008-02": {
            "month": "2008-02",
            "price": "44.45",
            "revenue": 89627
        },
        "2008-03": {
            "month": "2008-03",
            "price": "48.42",
            "revenue": 128818
        },
        "2008-04": {
            "month": "2008-04",
            "price": "52.53",
            "revenue": 127677
        },
        "2008-05": {
            "month": "2008-05",
            "price": "52.96",
            "revenue": 134190
        },
        "2008-06": {
            "month": "2008-06",
            "price": "48.79",
            "revenue": 129931
        },
        "2008-07": {
            "month": "2008-07",
            "price": "43.34",
            "revenue": 136315
        },
        "2008-08": {
            "month": "2008-08",
            "price": "45.44",
            "revenue": 131711
        },
        "2008-09": {
            "month": "2008-09",
            "price": "38.49",
            "revenue": 127190
        },
        "2008-10": {
            "month": "2008-10",
            "price": "33.39",
            "revenue": 128360
        },
        "2008-11": {
            "month": "2008-11",
            "price": "25.70",
            "revenue": 119869
        },
        "2008-12": {
            "month": "2008-12",
            "price": "23.04",
            "revenue": 119476
        },
        "2009-01": {
            "month": "2009-01",
            "price": "23.61",
            "revenue": 44887
        },
        "2009-02": {
            "month": "2009-02",
            "price": "24.39",
            "revenue": 50114
        },
        "2009-03": {
            "month": "2009-03",
            "price": "27.37",
            "revenue": 52786
        },
        "2009-04": {
            "month": "2009-04",
            "price": "34.43",
            "revenue": 60627
        },
        "2009-05": {
            "month": "2009-05",
            "price": "35.54",
            "revenue": 55414
        },
        "2009-06": {
            "month": "2009-06",
            "price": "34.97",
            "revenue": 60728
        },
        "2009-07": {
            "month": "2009-07",
            "price": "33.87",
            "revenue": 62159
        },
        "2009-08": {
            "month": "2009-08",
            "price": "31.50",
            "revenue": 61244
        },
        "2009-09": {
            "month": "2009-09",
            "price": "26.88",
            "revenue": 58035
        },
        "2009-10": {
            "month": "2009-10",
            "price": "27.60",
            "revenue": 60347
        },
        "2009-11": {
            "month": "2009-11",
            "price": "26.58",
            "revenue": 60015
        },
        "2009-12": {
            "month": "2009-12",
            "price": "29.28",
            "revenue": 60026
        },
        "2010-01": {
            "month": "2010-01",
            "price": "29.61",
            "revenue": 107767
        },
        "2010-02": {
            "month": "2010-02",
            "price": "25.54",
            "revenue": 88785
        },
        "2010-03": {
            "month": "2010-03",
            "price": "28.32",
            "revenue": 116536
        },
        "2010-04": {
            "month": "2010-04",
            "price": "36.89",
            "revenue": 114864
        },
        "2010-05": {
            "month": "2010-05",
            "price": "34.35",
            "revenue": 119444
        },
        "2010-06": {
            "month": "2010-06",
            "price": "31.86",
            "revenue": 126619
        },
        "2010-07": {
            "month": "2010-07",
            "price": "30.80",
            "revenue": 121693
        },
        "2010-08": {
            "month": "2010-08",
            "price": "31.30",
            "revenue": 120436
        },
        "2010-09": {
            "month": "2010-09",
            "price": "31.16",
            "revenue": 122206
        },
        "2010-10": {
            "month": "2010-10",
            "price": "31.22",
            "revenue": 112154
        },
        "2010-11": {
            "month": "2010-11",
            "price": "27.13",
            "revenue": 109053
        },
        "2010-12": {
            "month": "2010-12",
            "price": "28.22",
            "revenue": 118411
        },
        "2011-01": {
            "month": "2011-01",
            "price": "27.69",
            "revenue": 112740
        },
        "2011-02": {
            "month": "2011-02",
            "price": "27.00",
            "revenue": 95751
        },
        "2011-03": {
            "month": "2011-03",
            "price": "28.67",
            "revenue": 147903
        },
        "2011-04": {
            "month": "2011-04",
            "price": "32.12",
            "revenue": 118311
        },
        "2011-05": {
            "month": "2011-05",
            "price": "33.01",
            "revenue": 117992
        },
        "2011-06": {
            "month": "2011-06",
            "price": "31.47",
            "revenue": 138399
        },
        "2011-07": {
            "month": "2011-07",
            "price": "31.65",
            "revenue": 116222
        },
        "2011-08": {
            "month": "2011-08",
            "price": "29.12",
            "revenue": 125619
        },
        "2011-09": {
            "month": "2011-09",
            "price": "28.67",
            "revenue": 112238
        },
        "2011-10": {
            "month": "2011-10",
            "price": "24.96",
            "revenue": 102833
        },
        "2011-11": {
            "month": "2011-11",
            "price": "19.97",
            "revenue": 119174
        },
        "2011-12": {
            "month": "2011-12",
            "price": "19.02",
            "revenue": 121026
        },
        "2012-01": {
            "month": "2012-01",
            "price": "19.48",
            "revenue": 93797
        },
        "2012-02": {
            "month": "2012-02",
            "price": "23.74",
            "revenue": 113142
        },
        "2012-03": {
            "month": "2012-03",
            "price": "26.75",
            "revenue": 130528
        },
        "2012-04": {
            "month": "2012-04",
            "price": "22.70",
            "revenue": 122515
        },
        "2012-05": {
            "month": "2012-05",
            "price": "20.79",
            "revenue": 129266
        },
        "2012-06": {
            "month": "2012-06",
            "price": "18.43",
            "revenue": 133705
        },
        "2012-07": {
            "month": "2012-07",
            "price": "19.05",
            "revenue": 136056
        },
        "2012-08": {
            "month": "2012-08",
            "price": "19.36",
            "revenue": 138068
        },
        "2012-09": {
            "month": "2012-09",
            "price": "19.08",
            "revenue": 136242
        },
        "2012-10": {
            "month": "2012-10",
            "price": "19.78",
            "revenue": 120644
        },
        "2012-11": {
            "month": "2012-11",
            "price": "24.22",
            "revenue": 130352
        },
        "2012-12": {
            "month": "2012-12",
            "price": "25.76",
            "revenue": 123489
        },
        "2013-01": {
            "month": "2013-01",
            "price": "25.79",
            "revenue": 121534
        },
        "2013-02": {
            "month": "2013-02",
            "price": "27.18",
            "revenue": 99672
        },
        "2013-03": {
            "month": "2013-03",
            "price": "28.12",
            "revenue": 125193
        },
        "2013-04": {
            "month": "2013-04",
            "price": "26.50",
            "revenue": 153196
        },
        "2013-05": {
            "month": "2013-05",
            "price": "26.23",
            "revenue": 135270
        },
        "2013-06": {
            "month": "2013-06",
            "price": "24.12",
            "revenue": 148345
        },
        "2013-07": {
            "month": "2013-07",
            "price": "24.27",
            "revenue": 142004
        },
        "2013-08": {
            "month": "2013-08",
            "price": "25.08",
            "revenue": 124950
        },
        "2013-09": {
            "month": "2013-09",
            "price": "24.54",
            "revenue": 142050
        },
        "2013-10": {
            "month": "2013-10",
            "price": "25.23",
            "revenue": 148145
        },
        "2013-11": {
            "month": "2013-11",
            "price": "24.96",
            "revenue": 142821
        },
        "2013-12": {
            "month": "2013-12",
            "price": "26.79",
            "revenue": 146658
        },
        "2014-01": {
            "month": "2014-01",
            "price": "33.59",
            "revenue": 126780
        },
        "2014-02": {
            "month": "2014-02",
            "price": "38.18",
            "revenue": 122194
        },
        "2014-03": {
            "month": "2014-03",
            "price": "49.15",
            "revenue": 153320
        },
        "2014-04": {
            "month": "2014-04",
            "price": "59.73",
            "revenue": 150680
        },
        "2014-05": {
            "month": "2014-05",
            "price": "69.11",
            "revenue": 153850
        },
        "2014-06": {
            "month": "2014-06",
            "price": "81.52",
            "revenue": 167725
        },
        "2014-07": {
            "month": "2014-07",
            "price": "88.99",
            "revenue": 168702
        },
        "2014-08": {
            "month": "2014-08",
            "price": "83.66",
            "revenue": 168751
        },
        "2014-09": {
            "month": "2014-09",
            "price": "83.10",
            "revenue": 167141
        },
        "2014-10": {
            "month": "2014-10",
            "price": "75.05",
            "revenue": 146047
        },
        "2014-11": {
            "month": "2014-11",
            "price": "64.45",
            "revenue": 154441
        },
        "2014-12": {
            "month": "2014-12",
            "price": "73.86",
            "revenue": 163278
        },
        "2015-01": {
            "month": "2015-01",
            "price": "81.28",
            "revenue": 166211
        },
        "2015-02": {
            "month": "2015-02",
            "price": "81.60",
            "revenue": 148887
        },
        "2015-03": {
            "month": "2015-03",
            "price": "88.60",
            "revenue": 180140
        },
        "2015-04": {
            "month": "2015-04",
            "price": "92.32",
            "revenue": 155698
        },
        "2015-05": {
            "month": "2015-05",
            "price": "86.23",
            "revenue": 157320
        },
        "2015-06": {
            "month": "2015-06",
            "price": "85.55",
            "revenue": 158983
        },
        "2015-07": {
            "month": "2015-07",
            "price": "97.22",
            "revenue": 186590
        },
        "2015-08": {
            "month": "2015-08",
            "price": "77.73",
            "revenue": 188194
        },
        "2015-09": {
            "month": "2015-09",
            "price": "86.44",
            "revenue": 172659
        },
        "2015-10": {
            "month": "2015-10",
            "price": "94.78",
            "revenue": 161822
        },
        "2015-11": {
            "month": "2015-11",
            "price": "87.74",
            "revenue": 161014
        },
        "2015-12": {
            "month": "2015-12",
            "price": "92.57",
            "revenue": 182479
        },
        "2016-01": {
            "month": "2016-01",
            "price": "86.94",
            "revenue": 184427
        },
        "2016-02": {
            "month": "2016-02",
            "price": "106.39",
            "revenue": 150942
        },
        "2016-03": {
            "month": "2016-03",
            "price": "109.02",
            "revenue": 220850
        },
        "2016-04": {
            "month": "2016-04",
            "price": "121.00",
            "revenue": 189556
        },
        "2016-05": {
            "month": "2016-05",
            "price": "115.48",
            "revenue": 198135
        },
        "2016-06": {
            "month": "2016-06",
            "price": "117.10",
            "revenue": 221597
        },
        "2016-07": {
            "month": "2016-07",
            "price": "120.62",
            "revenue": 195437
        },
        "2016-08": {
            "month": "2016-08",
            "price": "117.54",
            "revenue": 196301
        },
        "2016-09": {
            "month": "2016-09",
            "price": "104.18",
            "revenue": 201134
        },
        "2016-10": {
            "month": "2016-10",
            "price": "95.80",
            "revenue": 186639
        },
        "2016-11": {
            "month": "2016-11",
            "price": "94.52",
            "revenue": 192991
        },
        "2016-12": {
            "month": "2016-12",
            "price": "104.30",
            "revenue": 204033
        },
        "2017-01": {
            "month": "2017-01",
            "price": "96.89",
            "revenue": 192156
        },
        "2017-02": {
            "month": "2017-02",
            "price": "102.88",
            "revenue": 164676
        },
        "2017-03": {
            "month": "2017-03",
            "price": "101.90",
            "revenue": 243380
        },
        "2017-04": {
            "month": "2017-04",
            "price": "101.75",
            "revenue": 225853
        },
        "2017-05": {
            "month": "2017-05",
            "price": "100.09",
            "revenue": 221189
        },
        "2017-06": {
            "month": "2017-06",
            "price": "107.91",
            "revenue": 270782
        },
        "2017-07": {
            "month": "2017-07",
            "price": "110.86",
            "revenue": 231434
        },
        "2017-08": {
            "month": "2017-08",
            "price": "113.98",
            "revenue": 226404
        },
        "2017-09": {
            "month": "2017-09",
            "price": "111.18",
            "revenue": 245468
        },
        "2017-10": {
            "month": "2017-10",
            "price": "118.39",
            "revenue": 249755
        },
        "2017-11": {
            "month": "2017-11",
            "price": "114.14",
            "revenue": 258044
        },
        "2017-12": {
            "month": "2017-12",
            "price": "113.71",
            "revenue": 294767
        },
        "2018-01": {
            "month": "2018-01",
            "price": "113.05",
            "revenue": 237830
        },
        "2018-02": {
            "month": "2018-02",
            "price": "95.32",
            "revenue": 238220
        },
        "2018-03": {
            "month": "2018-03",
            "price": "93.23",
            "revenue": 264617
        },
        "2018-04": {
            "month": "2018-04",
            "price": "86.62",
            "revenue": 279443
        },
        "2018-05": {
            "month": "2018-05",
            "price": "75.76",
            "revenue": 284269
        },
        "2018-06": {
            "month": "2018-06",
            "price": "73.98",
            "revenue": 287259
        },
        "2018-07": {
            "month": "2018-07",
            "price": "72.03",
            "revenue": 254693
        },
        "2018-08": {
            "month": "2018-08",
            "price": "63.12",
            "revenue": 270920
        },
        "2018-09": {
            "month": "2018-09",
            "price": "53.90",
            "revenue": 244002
        },
        "2018-10": {
            "month": "2018-10",
            "price": "39.98",
            "revenue": 213201
        },
        "2018-11": {
            "month": "2018-11",
            "price": "35.22",
            "revenue": 215056
        },
        "2018-12": {
            "month": "2018-12",
            "price": "47.07",
            "revenue": 233477
        },
        "2019-01": {
            "month": "2019-01",
            "price": "42.89",
            "revenue": 215056
        },
        "2019-02": {
            "month": "2019-02",
            "price": "42.07",
            "revenue": 201819
        },
        "2019-03": {
            "month": "2019-03",
            "price": "39.59",
            "revenue": 259670
        },
        "2019-04": {
            "month": "2019-04",
            "price": "42.60",
            "revenue": 261784
        },
        "2019-05": {
            "month": "2019-05",
            "price": "39.29",
            "revenue": 278176
        },
        "2019-06": {
            "month": "2019-06",
            "price": "39.71",
            "revenue": 301051
        },
        "2019-07": {
            "month": "2019-07",
            "price": "44.42",
            "revenue": 301308
        },
        "2019-08": {
            "month": "2019-08",
            "price": "44.62",
            "revenue": 303251
        },
        "2019-09": {
            "month": "2019-09",
            "price": "41.84",
            "revenue": 347363
        },
        "2019-10": {
            "month": "2019-10",
            "price": "42.07",
            "revenue": 300338
        },
        "2019-11": {
            "month": "2019-11",
            "price": "42.03",
            "revenue": 305534
        },
        "2019-12": {
            "month": "2019-12",
            "price": "44.67",
            "revenue": 272615
        },
        "2020-01": {
            "month": "2020-01",
            "price": "44.71",
            "revenue": 220354
        },
        "2020-02": {
            "month": "2020-02",
            "price": "39.96",
            "revenue": 255227
        },
        "2020-03": {
            "month": "2020-03",
            "price": "34.31",
            "revenue": 267325
        },
        "2020-04": {
            "month": "2020-04",
            "price": "39.60",
            "revenue": 243568
        },
        "2020-05": {
            "month": "2020-05",
            "price": "49.38",
            "revenue": 251645
        },
        "2020-06": {
            "month": "2020-06",
            "price": "54.54",
            "revenue": 264160
        },
        "2020-07": {
            "month": "2020-07",
            "price": "67.64",
            "revenue": 250466
        },
        "2020-08": {
            "month": "2020-08",
            "price": "63.80",
            "revenue": 254839
        },
        "2020-09": {
            "month": "2020-09",
            "price": "60.33",
            "revenue": 264190
        },
        "2020-10": {
            "month": "2020-10",
            "price": "54.54",
            "revenue": 250240
        },
        "2020-11": {
            "month": "2020-11",
            "price": "54.82",
            "revenue": 254560
        },
        "2020-12": {
            "month": "2020-12",
            "price": "55.24",
            "revenue": 266289
        },
        "2021-01": {
            "month": "2021-01",
            "price": "56.38",
            "revenue": 256764
        },
        "2021-02": {
            "month": "2021-02",
            "price": "52.63",
            "revenue": 203200
        },
        "2021-03": {
            "month": "2021-03",
            "price": "51.71",
            "revenue": 289178
        },
        "2021-04": {
            "month": "2021-04",
            "price": "55.61",
            "revenue": 267197
        },
        "2021-05": {
            "month": "2021-05",
            "price": "48.20",
            "revenue": 264786
        },
        "2021-06": {
            "month": "2021-06",
            "price": "51.68",
            "revenue": 239313
        },
        "2021-07": {
            "month": "2021-07",
            "price": "52.84",
            "revenue": 262836
        },
        "2021-08": {
            "month": "2021-08",
            "price": "49.67",
            "revenue": 273460
        },
        "2021-09": {
            "month": "2021-09",
            "price": "49.70",
            "revenue": 279732
        },
        "2021-10": {
            "month": "2021-10",
            "price": "49.05",
            "revenue": 285250
        },
        "2021-11": {
            "month": "2021-11",
            "price": "54.70",
            "revenue": 289972
        },
        "2021-12": {
            "month": "2021-12",
            "price": "52.99",
            "revenue": 302100
        },
        "2022-01": {
            "month": "2022-01",
            "price": "51.13",
            "revenue": 285938
        },
        "2022-02": {
            "month": "2022-02",
            "price": "49.90",
            "revenue": 284390
        },
        "2022-03": {
            "month": "2022-03",
            "price": "50.65",
            "revenue": 304443
        },
        "2022-04": {
            "month": "2022-04",
            "price": "52.06",
            "revenue": 284771
        },
        "2022-05": {
            "month": "2022-05",
            "price": "49.87",
            "revenue": 308985
        },
        "2022-06": {
            "month": "2022-06",
            "price": "51.45",
            "revenue": 317226
        },
        "2022-07": {
            "month": "2022-07",
            "price": "49.95",
            "revenue": 321573
        },
        "2022-08": {
            "month": "2022-08",
            "price": "57.56",
            "revenue": 326245
        },
        "2022-09": {
            "month": "2022-09",
            "price": "70.73",
            "revenue": 327335
        },
        "2022-10": {
            "month": "2022-10",
            "price": "72.04",
            "revenue": 328160
        },
        "2022-11": {
            "month": "2022-11",
            "price": "80.32",
            "revenue": 320380
        },
        "2022-12": {
            "month": "2022-12",
            "price": "78.99",
            "revenue": 333236
        },
        "2023-01": {
            "month": "2023-01",
            "price": "77.02",
            "revenue": 334888
        },
        "2023-02": {
            "month": "2023-02",
            "price": "87.46",
            "revenue": 332313
        },
        "2023-03": {
            "month": "2023-03",
            "price": "90.95",
            "revenue": 314117
        },
        "2023-04": {
            "month": "2023-04",
            "price": "86.12",
            "revenue": 300437
        },
        "2023-05": {
            "month": "2023-05",
            "price": "83.00",
            "revenue": 335977
        }
    }
}
