{
    "summary": {
        "stock_name": "東浦",
        "stock_id": "3290",
        "category": "電子零組件",
        "main_business": "各種塑膠製品及模具製造、加工及買賣業務<br>電子零組件製造加工及買賣業務<br>有線通信機械器材製造及電信器材批發、零售",
        "website_url": "http://www.donpon.com",
        "ceo": "戴建樟",
        "pe_ratio": 17,
        "report_year_from": 2002,
        "report_year_to": 2023,
        "age": 22,
        "eps_negative_percentage": 14,
        "eps_growth_avg": {
            "last_all": -3.65,
            "last_2y": 22.71,
            "last_4y": 15.66,
            "last_8y": 26.07,
            "last_12y": 5.14,
            "last_16y": 6.66,
            "last_20y": null,
            "at_2006_last_3y": null,
            "at_2007_last_3y": -80.97,
            "at_2008_last_3y": -56.67,
            "at_2009_last_3y": -30.9,
            "at_2010_last_3y": 12.74,
            "at_2011_last_3y": 12.03,
            "at_2012_last_3y": -9.64,
            "at_2013_last_3y": 3.3,
            "at_2014_last_3y": -57.65,
            "at_2015_last_3y": -33.28,
            "at_2016_last_3y": -21.59,
            "at_2017_last_3y": -6.64,
            "at_2018_last_3y": 39.08,
            "at_2019_last_3y": -4.13,
            "at_2020_last_3y": 37.1,
            "at_2021_last_3y": 33.59,
            "at_2022_last_3y": 21.9,
            "at_2023_last_3y": 42.03,
            "at_2024_last_3y": 42.03,
            "at_2006_last_all": -80.97,
            "at_2007_last_all": -80.97,
            "at_2008_last_all": -58.42,
            "at_2009_last_all": -55.93,
            "at_2010_last_all": -24.75,
            "at_2011_last_all": -18.97,
            "at_2012_last_all": -30.55,
            "at_2013_last_all": -30.55,
            "at_2014_last_all": -37.08,
            "at_2015_last_all": -23.74,
            "at_2016_last_all": -27.86,
            "at_2017_last_all": -21.85,
            "at_2018_last_all": -11.7,
            "at_2019_last_all": -17.71,
            "at_2020_last_all": -9.3,
            "at_2021_last_all": -7.07,
            "at_2022_last_all": -3.3,
            "at_2023_last_all": -3.65,
            "at_2024_last_all": -3.65
        },
        "latest_eps": 1.46,
        "latest_price": 25.4,
        "latest_roe": 9.57,
        "latest_gross_margin": 30.35,
        "latest_equity": 1773988,
        "latest_revenue": 497294,
        "latest_gross_profit": 150914,
        "latest_net_income": 60092,
        "latest_debt_ratio": 46.37,
        "latest_current_ratio": 202.75,
        "latest_account_receivable_turnover_ratio": 0.67,
        "latest_inventory_turnover_ratio": 1.74,
        "latest_reinvestment_rate": 23.08,
        "latest_research_to_sale_ratio": 2.49
    },
    "eps_dividends": {
        "2001": {
            "cash": 0,
            "stock": 0,
            "eps": 0
        },
        "2002": {
            "cash": 0,
            "stock": 0,
            "eps": 0
        },
        "2003": {
            "cash": 0,
            "stock": 0,
            "eps": 3.1
        },
        "2004": {
            "cash": 0,
            "stock": 1.5,
            "eps": 1.18
        },
        "2005": {
            "cash": 0.78,
            "stock": 0.39,
            "eps": -5.31
        },
        "2006": {
            "cash": 0,
            "stock": 0,
            "eps": -2.81
        },
        "2007": {
            "cash": 0,
            "stock": 0,
            "eps": 1.5
        },
        "2008": {
            "cash": 0,
            "stock": 0,
            "eps": 1.3
        },
        "2009": {
            "cash": 0.5,
            "stock": 0,
            "eps": 0.67
        },
        "2010": {
            "cash": 0.5,
            "stock": 0,
            "eps": 2.02
        },
        "2011": {
            "cash": 0.5,
            "stock": 0,
            "eps": 2.22
        },
        "2012": {
            "cash": 0.5,
            "stock": 0,
            "eps": -1.9
        },
        "2013": {
            "cash": 0,
            "stock": 0,
            "eps": 3.09
        },
        "2014": {
            "cash": 1.5,
            "stock": 0.5,
            "eps": 0.53
        },
        "2015": {
            "cash": 0.5,
            "stock": 0,
            "eps": 0.97
        },
        "2016": {
            "cash": 1,
            "stock": 0,
            "eps": 0.34
        },
        "2017": {
            "cash": 0.3,
            "stock": 0,
            "eps": 0.47
        },
        "2018": {
            "cash": 0.3,
            "stock": 0,
            "eps": 1.67
        },
        "2019": {
            "cash": 1,
            "stock": 0,
            "eps": 0.17
        },
        "2020": {
            "cash": 0.5,
            "stock": 0,
            "eps": 0.62
        },
        "2021": {
            "cash": 0.2,
            "stock": 0,
            "eps": 0.77
        },
        "2022": {
            "cash": 0.5,
            "stock": 0,
            "eps": 1.18
        },
        "2023": {
            "cash": 0.6,
            "stock": 0,
            "eps": 1.07
        }
    },
    "dividends": {
        "2004-05-19": {
            "cash": 0,
            "stock": 1.5
        },
        "2005-04-08": {
            "cash": 0.78,
            "stock": 0.39
        },
        "2009-04-02": {
            "cash": 0.5,
            "stock": 0
        },
        "2010-02-10": {
            "cash": 0.5,
            "stock": 0
        },
        "2011-03-29": {
            "cash": 0.5,
            "stock": 0
        },
        "2012-04-19": {
            "cash": 0.5,
            "stock": 0
        },
        "2014-09-02": {
            "cash": 1.5,
            "stock": 0.5
        },
        "2015-09-29": {
            "cash": 0.5,
            "stock": 0
        },
        "2016-07-28": {
            "cash": 1,
            "stock": 0
        },
        "2017-07-27": {
            "cash": 0.3,
            "stock": 0
        },
        "2018-08-28": {
            "cash": 0.3,
            "stock": 0
        },
        "2019-07-31": {
            "cash": 1,
            "stock": 0
        },
        "2020-10-15": {
            "cash": 0.5,
            "stock": 0
        },
        "2021-09-24": {
            "cash": 0.2,
            "stock": 0
        },
        "2022-10-25": {
            "cash": 0.5,
            "stock": 0
        },
        "2023-07-25": {
            "cash": 0.6,
            "stock": 0
        }
    },
    "prices": {
        "200101": "無",
        "200102": "無",
        "200103": "無",
        "200104": "無",
        "200105": "無",
        "200106": "無",
        "200107": "無",
        "200108": "無",
        "200109": "無",
        "200110": "無",
        "200111": "無",
        "200112": "無",
        "200201": "無",
        "200202": "無",
        "200203": "無",
        "200204": "無",
        "200205": "無",
        "200206": "無",
        "200207": "無",
        "200208": "無",
        "200209": "無",
        "200210": "無",
        "200211": "無",
        "200212": "無",
        "200301": "無",
        "200302": "無",
        "200303": "無",
        "200304": "無",
        "200305": "無",
        "200306": "無",
        "200307": "無",
        "200308": "無",
        "200309": "無",
        "200310": "無",
        "200311": "無",
        "200312": "無",
        "200401": "無",
        "200402": "無",
        "200403": "無",
        "200404": "40.00",
        "200405": "42.34",
        "200406": "36.00",
        "200407": "39.00",
        "200408": "30.71",
        "200409": "29.41",
        "200410": "25.00",
        "200411": "26.68",
        "200412": "23.89",
        "200501": "20.62",
        "200502": "20.10",
        "200503": "20.62",
        "200504": "21.59",
        "200505": "18.44",
        "200506": "16.13",
        "200507": "14.97",
        "200508": "12.41",
        "200509": "11.10",
        "200510": "10.11",
        "200511": "7.83",
        "200512": "8.45",
        "200601": "8.64",
        "200602": "7.63",
        "200603": "8.55",
        "200604": "9.77",
        "200605": "9.66",
        "200606": "9.26",
        "200607": "8.58",
        "200608": "7.50",
        "200609": "6.28",
        "200610": "6.07",
        "200611": "5.98",
        "200612": "6.81",
        "200701": "6.87",
        "200702": "6.81",
        "200703": "7.58",
        "200704": "8.17",
        "200705": "9.08",
        "200706": "9.64",
        "200707": "9.47",
        "200708": "8.12",
        "200709": "8.03",
        "200710": "7.72",
        "200711": "7.26",
        "200712": "7.43",
        "200801": "7.79",
        "200802": "8.14",
        "200803": "8.51",
        "200804": "8.85",
        "200805": "10.86",
        "200806": "9.59",
        "200807": "8.03",
        "200808": "8.46",
        "200809": "9.53",
        "200810": "9.55",
        "200811": "8.37",
        "200812": "7.32",
        "200901": "6.75",
        "200902": "6.58",
        "200903": "7.48",
        "200904": "8.08",
        "200905": "7.94",
        "200906": "7.92",
        "200907": "7.76",
        "200908": "8.38",
        "200909": "8.03",
        "200910": "9.28",
        "200911": "9.07",
        "200912": "9.40",
        "201001": "10.48",
        "201002": "9.50",
        "201003": "12.07",
        "201004": "15.45",
        "201005": "18.56",
        "201006": "18.30",
        "201007": "17.98",
        "201008": "19.08",
        "201009": "20.15",
        "201010": "19.63",
        "201011": "19.08",
        "201012": "24.20",
        "201101": "23.28",
        "201102": "23.76",
        "201103": "23.93",
        "201104": "26.05",
        "201105": "26.36",
        "201106": "30.73",
        "201107": "31.60",
        "201108": "29.20",
        "201109": "25.64",
        "201110": "23.23",
        "201111": "20.88",
        "201112": "16.16",
        "201201": "15.88",
        "201202": "19.88",
        "201203": "21.44",
        "201204": "17.68",
        "201205": "15.18",
        "201206": "13.86",
        "201207": "13.09",
        "201208": "12.83",
        "201209": "10.82",
        "201210": "10.72",
        "201211": "10.21",
        "201212": "11.26",
        "201301": "13.64",
        "201302": "13.15",
        "201303": "18.08",
        "201304": "22.41",
        "201305": "21.61",
        "201306": "22.88",
        "201307": "22.84",
        "201308": "23.41",
        "201309": "24.58",
        "201310": "31.90",
        "201311": "30.52",
        "201312": "31.79",
        "201401": "30.78",
        "201402": "30.13",
        "201403": "31.70",
        "201404": "31.49",
        "201405": "28.23",
        "201406": "26.11",
        "201407": "25.17",
        "201408": "19.87",
        "201409": "18.94",
        "201410": "17.97",
        "201411": "16.84",
        "201412": "16.64",
        "201501": "18.90",
        "201502": "18.62",
        "201503": "20.29",
        "201504": "19.68",
        "201505": "18.83",
        "201506": "18.72",
        "201507": "17.28",
        "201508": "15.93",
        "201509": "15.56",
        "201510": "15.95",
        "201511": "15.35",
        "201512": "14.33",
        "201601": "13.47",
        "201602": "13.41",
        "201603": "14.45",
        "201604": "14.09",
        "201605": "13.32",
        "201606": "13.05",
        "201607": "12.42",
        "201608": "12.46",
        "201609": "12.44",
        "201610": "12.98",
        "201611": "14.30",
        "201612": "15.61",
        "201701": "15.76",
        "201702": "16.69",
        "201703": "16.94",
        "201704": "15.84",
        "201705": "16.78",
        "201706": "16.65",
        "201707": "16.57",
        "201708": "15.73",
        "201709": "16.40",
        "201710": "16.19",
        "201711": "15.23",
        "201712": "14.85",
        "201801": "15.74",
        "201802": "14.85",
        "201803": "14.91",
        "201804": "14.74",
        "201805": "15.03",
        "201806": "16.94",
        "201807": "17.73",
        "201808": "20.26",
        "201809": "20.05",
        "201810": "19.22",
        "201811": "19.51",
        "201812": "18.52",
        "201901": "19.01",
        "201902": "20.57",
        "201903": "21.18",
        "201904": "24.05",
        "201905": "26.80",
        "201906": "25.72",
        "201907": "23.83",
        "201908": "22.80",
        "201909": "21.95",
        "201910": "19.27",
        "201911": "17.59",
        "201912": "16.68",
        "202001": "16.25",
        "202002": "14.36",
        "202003": "12.36",
        "202004": "12.72",
        "202005": "13.32",
        "202006": "13.92",
        "202007": "13.99",
        "202008": "13.56",
        "202009": "14.32",
        "202010": "14.89",
        "202011": "15.26",
        "202012": "16.03",
        "202101": "15.04",
        "202102": "14.43",
        "202103": "14.92",
        "202104": "15.02",
        "202105": "13.04",
        "202106": "12.84",
        "202107": "13.23",
        "202108": "12.88",
        "202109": "12.94",
        "202110": "14.64",
        "202111": "16.36",
        "202112": "22.50",
        "202201": "24.06",
        "202202": "24.10",
        "202203": "20.98",
        "202204": "21.59",
        "202205": "19.30",
        "202206": "21.34",
        "202207": "20.05",
        "202208": "21.41",
        "202209": "20.99",
        "202210": "19.89",
        "202211": "22.50",
        "202212": "22.54",
        "202301": "22.03",
        "202302": "25.33",
        "202303": "27.98",
        "202304": "28.55",
        "202305": "28.42",
        "202306": "26.92",
        "202307": "26.28",
        "202308": "25.29",
        "202309": "25.65",
        "202310": "25.86",
        "202311": "27.56",
        "202312": "27.23"
    },
    "quarters": {
        "20011": {
            "year_quarter": 20011,
            "year": 2001,
            "quarter": 1,
            "eps": null,
            "eps_growth_year": null,
            "eps_4q": null,
            "eps_4q_growth_year": null,
            "roe": null,
            "roe_4q": 0,
            "gross_profit": null,
            "gross_margin": null,
            "gross_margin_4q_avg": 0,
            "net_income": null,
            "net_income_4q": null,
            "revenue": null,
            "revenue_4q": null,
            "common_shares": null,
            "book_valuer_per_share": null,
            "book_valuer_per_share_4q_avg": 0,
            "equity": null,
            "current_ratio": null,
            "debt_ratio": null,
            "inventory_turnover_ratio": null,
            "account_receivable_turnover_ratio": null,
            "reinvestment_rate": null,
            "research_to_sale_ratio": null,
            "price_fair": 0,
            "eps_avg_yearly": 0,
            "eps_latest_yearly": 0,
            "eps_growth_yearly": 0
        },
        "20012": {
            "year_quarter": 20012,
            "year": 2001,
            "quarter": 2,
            "eps": null,
            "eps_growth_year": null,
            "eps_4q": null,
            "eps_4q_growth_year": null,
            "roe": null,
            "roe_4q": 0,
            "gross_profit": null,
            "gross_margin": null,
            "gross_margin_4q_avg": 0,
            "net_income": null,
            "net_income_4q": null,
            "revenue": null,
            "revenue_4q": null,
            "common_shares": null,
            "book_valuer_per_share": null,
            "book_valuer_per_share_4q_avg": 0,
            "equity": null,
            "current_ratio": null,
            "debt_ratio": null,
            "inventory_turnover_ratio": null,
            "account_receivable_turnover_ratio": null,
            "reinvestment_rate": null,
            "research_to_sale_ratio": null,
            "price_fair": 0,
            "eps_avg_yearly": 0,
            "eps_latest_yearly": 0,
            "eps_growth_yearly": 0
        },
        "20013": {
            "year_quarter": 20013,
            "year": 2001,
            "quarter": 3,
            "eps": null,
            "eps_growth_year": null,
            "eps_4q": null,
            "eps_4q_growth_year": null,
            "roe": null,
            "roe_4q": 0,
            "gross_profit": null,
            "gross_margin": null,
            "gross_margin_4q_avg": 0,
            "net_income": null,
            "net_income_4q": null,
            "revenue": null,
            "revenue_4q": null,
            "common_shares": null,
            "book_valuer_per_share": null,
            "book_valuer_per_share_4q_avg": 0,
            "equity": null,
            "current_ratio": null,
            "debt_ratio": null,
            "inventory_turnover_ratio": null,
            "account_receivable_turnover_ratio": null,
            "reinvestment_rate": null,
            "research_to_sale_ratio": null,
            "price_fair": 0,
            "eps_avg_yearly": 0,
            "eps_latest_yearly": 0,
            "eps_growth_yearly": 0
        },
        "20014": {
            "year_quarter": 20014,
            "year": 2001,
            "quarter": 4,
            "eps": null,
            "eps_growth_year": null,
            "eps_4q": null,
            "eps_4q_growth_year": null,
            "roe": null,
            "roe_4q": 0,
            "gross_profit": null,
            "gross_margin": null,
            "gross_margin_4q_avg": 0,
            "net_income": null,
            "net_income_4q": null,
            "revenue": null,
            "revenue_4q": null,
            "common_shares": 320280,
            "book_valuer_per_share": 13.05,
            "book_valuer_per_share_4q_avg": 3.26,
            "equity": 417871,
            "current_ratio": 116.72,
            "debt_ratio": 51.16,
            "inventory_turnover_ratio": null,
            "account_receivable_turnover_ratio": null,
            "reinvestment_rate": null,
            "research_to_sale_ratio": null,
            "price_fair": 0,
            "eps_avg_yearly": 0,
            "eps_latest_yearly": 0,
            "eps_growth_yearly": 0
        },
        "20021": {
            "year_quarter": 20021,
            "year": 2002,
            "quarter": 1,
            "eps": null,
            "eps_growth_year": null,
            "eps_4q": null,
            "eps_4q_growth_year": null,
            "roe": null,
            "roe_4q": 0,
            "gross_profit": null,
            "gross_margin": null,
            "gross_margin_4q_avg": 0,
            "net_income": null,
            "net_income_4q": null,
            "revenue": null,
            "revenue_4q": null,
            "common_shares": null,
            "book_valuer_per_share": null,
            "book_valuer_per_share_4q_avg": 3.26,
            "equity": null,
            "current_ratio": null,
            "debt_ratio": null,
            "inventory_turnover_ratio": null,
            "account_receivable_turnover_ratio": null,
            "reinvestment_rate": null,
            "research_to_sale_ratio": null,
            "price_fair": 0,
            "eps_avg_yearly": 0,
            "eps_latest_yearly": 0,
            "eps_growth_yearly": 0
        },
        "20022": {
            "year_quarter": 20022,
            "year": 2002,
            "quarter": 2,
            "eps": null,
            "eps_growth_year": null,
            "eps_4q": null,
            "eps_4q_growth_year": null,
            "roe": null,
            "roe_4q": 0,
            "gross_profit": null,
            "gross_margin": null,
            "gross_margin_4q_avg": 0,
            "net_income": null,
            "net_income_4q": null,
            "revenue": null,
            "revenue_4q": null,
            "common_shares": null,
            "book_valuer_per_share": null,
            "book_valuer_per_share_4q_avg": 3.26,
            "equity": null,
            "current_ratio": null,
            "debt_ratio": null,
            "inventory_turnover_ratio": null,
            "account_receivable_turnover_ratio": null,
            "reinvestment_rate": null,
            "research_to_sale_ratio": null,
            "price_fair": 0,
            "eps_avg_yearly": 0,
            "eps_latest_yearly": 0,
            "eps_growth_yearly": 0
        },
        "20023": {
            "year_quarter": 20023,
            "year": 2002,
            "quarter": 3,
            "eps": null,
            "eps_growth_year": null,
            "eps_4q": null,
            "eps_4q_growth_year": null,
            "roe": null,
            "roe_4q": 0,
            "gross_profit": null,
            "gross_margin": null,
            "gross_margin_4q_avg": 0,
            "net_income": null,
            "net_income_4q": null,
            "revenue": null,
            "revenue_4q": null,
            "common_shares": null,
            "book_valuer_per_share": null,
            "book_valuer_per_share_4q_avg": 3.26,
            "equity": null,
            "current_ratio": null,
            "debt_ratio": null,
            "inventory_turnover_ratio": null,
            "account_receivable_turnover_ratio": null,
            "reinvestment_rate": null,
            "research_to_sale_ratio": null,
            "price_fair": 0,
            "eps_avg_yearly": 0,
            "eps_latest_yearly": 0,
            "eps_growth_yearly": 0
        },
        "20024": {
            "year_quarter": 20024,
            "year": 2002,
            "quarter": 4,
            "eps": null,
            "eps_growth_year": null,
            "eps_4q": null,
            "eps_4q_growth_year": null,
            "roe": null,
            "roe_4q": 0,
            "gross_profit": null,
            "gross_margin": null,
            "gross_margin_4q_avg": 0,
            "net_income": null,
            "net_income_4q": null,
            "revenue": null,
            "revenue_4q": null,
            "common_shares": 369000,
            "book_valuer_per_share": 11.85,
            "book_valuer_per_share_4q_avg": 2.96,
            "equity": 437311,
            "current_ratio": 117.33,
            "debt_ratio": 55.56,
            "inventory_turnover_ratio": null,
            "account_receivable_turnover_ratio": null,
            "reinvestment_rate": null,
            "research_to_sale_ratio": null,
            "price_fair": 0,
            "eps_avg_yearly": 0,
            "eps_latest_yearly": 0,
            "eps_growth_yearly": 0
        },
        "20031": {
            "year_quarter": 20031,
            "year": 2003,
            "quarter": 1,
            "eps": null,
            "eps_growth_year": null,
            "eps_4q": null,
            "eps_4q_growth_year": null,
            "roe": null,
            "roe_4q": 0,
            "gross_profit": null,
            "gross_margin": null,
            "gross_margin_4q_avg": 0,
            "net_income": null,
            "net_income_4q": null,
            "revenue": null,
            "revenue_4q": null,
            "common_shares": null,
            "book_valuer_per_share": null,
            "book_valuer_per_share_4q_avg": 2.96,
            "equity": null,
            "current_ratio": null,
            "debt_ratio": null,
            "inventory_turnover_ratio": null,
            "account_receivable_turnover_ratio": null,
            "reinvestment_rate": null,
            "research_to_sale_ratio": null,
            "price_fair": 0,
            "eps_avg_yearly": 0,
            "eps_latest_yearly": 0,
            "eps_growth_yearly": 0
        },
        "20032": {
            "year_quarter": 20032,
            "year": 2003,
            "quarter": 2,
            "eps": null,
            "eps_growth_year": null,
            "eps_4q": null,
            "eps_4q_growth_year": null,
            "roe": null,
            "roe_4q": 0,
            "gross_profit": null,
            "gross_margin": null,
            "gross_margin_4q_avg": 0,
            "net_income": null,
            "net_income_4q": null,
            "revenue": null,
            "revenue_4q": null,
            "common_shares": null,
            "book_valuer_per_share": null,
            "book_valuer_per_share_4q_avg": 2.96,
            "equity": null,
            "current_ratio": null,
            "debt_ratio": null,
            "inventory_turnover_ratio": null,
            "account_receivable_turnover_ratio": null,
            "reinvestment_rate": null,
            "research_to_sale_ratio": null,
            "price_fair": 0,
            "eps_avg_yearly": 0,
            "eps_latest_yearly": 0,
            "eps_growth_yearly": 0
        },
        "20033": {
            "year_quarter": 20033,
            "year": 2003,
            "quarter": 3,
            "eps": 1.04,
            "eps_growth_year": null,
            "eps_4q": null,
            "eps_4q_growth_year": null,
            "roe": 7.21,
            "roe_4q": 7.21,
            "gross_profit": 40400,
            "gross_margin": 18.1,
            "gross_margin_4q_avg": 4.53,
            "net_income": 39943,
            "net_income_4q": null,
            "revenue": 223228,
            "revenue_4q": null,
            "common_shares": 399000,
            "book_valuer_per_share": 13.88,
            "book_valuer_per_share_4q_avg": 6.43,
            "equity": 553833,
            "current_ratio": 106.92,
            "debt_ratio": 48.44,
            "inventory_turnover_ratio": 14.3,
            "account_receivable_turnover_ratio": null,
            "reinvestment_rate": null,
            "research_to_sale_ratio": null,
            "price_fair": 0,
            "eps_avg_yearly": 0,
            "eps_latest_yearly": 0,
            "eps_growth_yearly": 0
        },
        "20034": {
            "year_quarter": 20034,
            "year": 2003,
            "quarter": 4,
            "eps": 2.06,
            "eps_growth_year": null,
            "eps_4q": null,
            "eps_4q_growth_year": null,
            "roe": 11.17,
            "roe_4q": 18.38,
            "gross_profit": 51340,
            "gross_margin": 19.01,
            "gross_margin_4q_avg": 9.28,
            "net_income": 80061,
            "net_income_4q": null,
            "revenue": 270129,
            "revenue_4q": null,
            "common_shares": 469000,
            "book_valuer_per_share": 18.75,
            "book_valuer_per_share_4q_avg": 8.16,
            "equity": 879550,
            "current_ratio": 172.62,
            "debt_ratio": 49.55,
            "inventory_turnover_ratio": 2.61,
            "account_receivable_turnover_ratio": null,
            "reinvestment_rate": null,
            "research_to_sale_ratio": null,
            "price_fair": 288.4,
            "eps_avg_yearly": 8.24,
            "eps_latest_yearly": 8.24,
            "eps_growth_yearly": 392.31
        },
        "20041": {
            "year_quarter": 20041,
            "year": 2004,
            "quarter": 1,
            "eps": null,
            "eps_growth_year": null,
            "eps_4q": null,
            "eps_4q_growth_year": null,
            "roe": null,
            "roe_4q": 18.38,
            "gross_profit": null,
            "gross_margin": null,
            "gross_margin_4q_avg": 9.28,
            "net_income": null,
            "net_income_4q": null,
            "revenue": null,
            "revenue_4q": null,
            "common_shares": null,
            "book_valuer_per_share": null,
            "book_valuer_per_share_4q_avg": 8.16,
            "equity": null,
            "current_ratio": null,
            "debt_ratio": null,
            "inventory_turnover_ratio": null,
            "account_receivable_turnover_ratio": null,
            "reinvestment_rate": null,
            "research_to_sale_ratio": null,
            "price_fair": 288.4,
            "eps_avg_yearly": 8.24,
            "eps_latest_yearly": 8.24,
            "eps_growth_yearly": 392.31
        },
        "20042": {
            "year_quarter": 20042,
            "year": 2004,
            "quarter": 2,
            "eps": null,
            "eps_growth_year": null,
            "eps_4q": null,
            "eps_4q_growth_year": null,
            "roe": null,
            "roe_4q": 18.38,
            "gross_profit": null,
            "gross_margin": null,
            "gross_margin_4q_avg": 9.28,
            "net_income": null,
            "net_income_4q": null,
            "revenue": null,
            "revenue_4q": null,
            "common_shares": null,
            "book_valuer_per_share": null,
            "book_valuer_per_share_4q_avg": 8.16,
            "equity": null,
            "current_ratio": null,
            "debt_ratio": null,
            "inventory_turnover_ratio": null,
            "account_receivable_turnover_ratio": null,
            "reinvestment_rate": null,
            "research_to_sale_ratio": null,
            "price_fair": 288.4,
            "eps_avg_yearly": 8.24,
            "eps_latest_yearly": 8.24,
            "eps_growth_yearly": 392.31
        },
        "20043": {
            "year_quarter": 20043,
            "year": 2004,
            "quarter": 3,
            "eps": 0.53,
            "eps_growth_year": -49.04,
            "eps_4q": null,
            "eps_4q_growth_year": null,
            "roe": 2.95,
            "roe_4q": 14.120000000000001,
            "gross_profit": 51363,
            "gross_margin": 18.54,
            "gross_margin_4q_avg": 9.39,
            "net_income": 29241,
            "net_income_4q": null,
            "revenue": 277058,
            "revenue_4q": null,
            "common_shares": 552800,
            "book_valuer_per_share": 17.96,
            "book_valuer_per_share_4q_avg": 9.18,
            "equity": 992800,
            "current_ratio": 207.54,
            "debt_ratio": 24.33,
            "inventory_turnover_ratio": 24.35,
            "account_receivable_turnover_ratio": null,
            "reinvestment_rate": null,
            "research_to_sale_ratio": null,
            "price_fair": 288.4,
            "eps_avg_yearly": 8.24,
            "eps_latest_yearly": 8.24,
            "eps_growth_yearly": 392.31
        },
        "20044": {
            "year_quarter": 20044,
            "year": 2004,
            "quarter": 4,
            "eps": 0.65,
            "eps_growth_year": -68.45,
            "eps_4q": null,
            "eps_4q_growth_year": null,
            "roe": 3.54,
            "roe_4q": 6.49,
            "gross_profit": 34843,
            "gross_margin": 16.91,
            "gross_margin_4q_avg": 8.86,
            "net_income": 35742,
            "net_income_4q": null,
            "revenue": 205993,
            "revenue_4q": null,
            "common_shares": 552800,
            "book_valuer_per_share": 18.61,
            "book_valuer_per_share_4q_avg": 9.14,
            "equity": 1028542,
            "current_ratio": 185.43,
            "debt_ratio": 39.86,
            "inventory_turnover_ratio": 2.54,
            "account_receivable_turnover_ratio": null,
            "reinvestment_rate": null,
            "research_to_sale_ratio": null,
            "price_fair": 189.7,
            "eps_avg_yearly": 5.42,
            "eps_latest_yearly": 2.6,
            "eps_growth_yearly": 241.44
        },
        "20051": {
            "year_quarter": 20051,
            "year": 2005,
            "quarter": 1,
            "eps": -1.46,
            "eps_growth_year": null,
            "eps_4q": null,
            "eps_4q_growth_year": null,
            "roe": -8.19,
            "roe_4q": -1.6999999999999993,
            "gross_profit": 24334,
            "gross_margin": 17.49,
            "gross_margin_4q_avg": 13.24,
            "net_income": -80904,
            "net_income_4q": null,
            "revenue": 139102,
            "revenue_4q": null,
            "common_shares": 552800,
            "book_valuer_per_share": 17.14,
            "book_valuer_per_share_4q_avg": 13.43,
            "equity": 947638,
            "current_ratio": 158.62,
            "debt_ratio": 29.68,
            "inventory_turnover_ratio": 1.67,
            "account_receivable_turnover_ratio": null,
            "reinvestment_rate": null,
            "research_to_sale_ratio": null,
            "price_fair": 189.7,
            "eps_avg_yearly": 5.42,
            "eps_latest_yearly": 2.6,
            "eps_growth_yearly": 241.44
        },
        "20052": {
            "year_quarter": 20052,
            "year": 2005,
            "quarter": 2,
            "eps": -2.08,
            "eps_growth_year": null,
            "eps_4q": -2.36,
            "eps_4q_growth_year": null,
            "roe": -13.31,
            "roe_4q": -15.010000000000002,
            "gross_profit": 19976,
            "gross_margin": 14.69,
            "gross_margin_4q_avg": 16.91,
            "net_income": -114782,
            "net_income_4q": null,
            "revenue": 136026,
            "revenue_4q": null,
            "common_shares": 552800,
            "book_valuer_per_share": 14.06,
            "book_valuer_per_share_4q_avg": 16.94,
            "equity": 777010,
            "current_ratio": 123.96,
            "debt_ratio": 36.67,
            "inventory_turnover_ratio": 9.39,
            "account_receivable_turnover_ratio": null,
            "reinvestment_rate": null,
            "research_to_sale_ratio": null,
            "price_fair": 189.7,
            "eps_avg_yearly": 5.42,
            "eps_latest_yearly": 2.6,
            "eps_growth_yearly": 241.44
        },
        "20053": {
            "year_quarter": 20053,
            "year": 2005,
            "quarter": 3,
            "eps": -0.74,
            "eps_growth_year": -239.62,
            "eps_4q": -3.42,
            "eps_4q_growth_year": null,
            "roe": -5.64,
            "roe_4q": -23.6,
            "gross_profit": 26378,
            "gross_margin": 17.37,
            "gross_margin_4q_avg": 16.62,
            "net_income": -42984,
            "net_income_4q": null,
            "revenue": 151861,
            "revenue_4q": null,
            "common_shares": 593190,
            "book_valuer_per_share": 12.6,
            "book_valuer_per_share_4q_avg": 15.6,
            "equity": 747127,
            "current_ratio": 127.36,
            "debt_ratio": 35.7,
            "inventory_turnover_ratio": 11.57,
            "account_receivable_turnover_ratio": null,
            "reinvestment_rate": null,
            "research_to_sale_ratio": null,
            "price_fair": 189.7,
            "eps_avg_yearly": 5.42,
            "eps_latest_yearly": 2.6,
            "eps_growth_yearly": 241.44
        },
        "20054": {
            "year_quarter": 20054,
            "year": 2005,
            "quarter": 4,
            "eps": -1.03,
            "eps_growth_year": -258.46,
            "eps_4q": -5.11,
            "eps_4q_growth_year": null,
            "roe": -8.42,
            "roe_4q": -35.559999999999995,
            "gross_profit": 31692,
            "gross_margin": 15.95,
            "gross_margin_4q_avg": 16.38,
            "net_income": -60377,
            "net_income_4q": null,
            "revenue": 198697,
            "revenue_4q": null,
            "common_shares": 593190,
            "book_valuer_per_share": 11.58,
            "book_valuer_per_share_4q_avg": 13.85,
            "equity": 686750,
            "current_ratio": 61.01,
            "debt_ratio": 62.79,
            "inventory_turnover_ratio": 2.54,
            "account_receivable_turnover_ratio": null,
            "reinvestment_rate": null,
            "research_to_sale_ratio": null,
            "price_fair": 189.7,
            "eps_avg_yearly": 5.42,
            "eps_latest_yearly": 2.6,
            "eps_growth_yearly": 241.44
        },
        "20061": {
            "year_quarter": 20061,
            "year": 2006,
            "quarter": 1,
            "eps": -0.55,
            "eps_growth_year": null,
            "eps_4q": -4.23,
            "eps_4q_growth_year": null,
            "roe": -4.87,
            "roe_4q": -32.24,
            "gross_profit": 20558,
            "gross_margin": 17.47,
            "gross_margin_4q_avg": 16.37,
            "net_income": -32644,
            "net_income_4q": null,
            "revenue": 117680,
            "revenue_4q": null,
            "common_shares": 593190,
            "book_valuer_per_share": 11.03,
            "book_valuer_per_share_4q_avg": 12.32,
            "equity": 654106,
            "current_ratio": 63.23,
            "debt_ratio": 43.77,
            "inventory_turnover_ratio": 1.5,
            "account_receivable_turnover_ratio": null,
            "reinvestment_rate": null,
            "research_to_sale_ratio": null,
            "price_fair": 189.7,
            "eps_avg_yearly": 5.42,
            "eps_latest_yearly": 2.6,
            "eps_growth_yearly": 241.44
        },
        "20062": {
            "year_quarter": 20062,
            "year": 2006,
            "quarter": 2,
            "eps": -1.57,
            "eps_growth_year": null,
            "eps_4q": -3.12,
            "eps_4q_growth_year": null,
            "roe": -14.61,
            "roe_4q": -33.54,
            "gross_profit": 35614,
            "gross_margin": 20.9,
            "gross_margin_4q_avg": 17.92,
            "net_income": -95926,
            "net_income_4q": null,
            "revenue": 170433,
            "revenue_4q": null,
            "common_shares": 743190,
            "book_valuer_per_share": 8.87,
            "book_valuer_per_share_4q_avg": 11.02,
            "equity": 659430,
            "current_ratio": 85.6,
            "debt_ratio": 33.03,
            "inventory_turnover_ratio": 13.91,
            "account_receivable_turnover_ratio": null,
            "reinvestment_rate": null,
            "research_to_sale_ratio": null,
            "price_fair": 189.7,
            "eps_avg_yearly": 5.42,
            "eps_latest_yearly": 2.6,
            "eps_growth_yearly": 241.44
        },
        "20063": {
            "year_quarter": 20063,
            "year": 2006,
            "quarter": 3,
            "eps": -0.46,
            "eps_growth_year": null,
            "eps_4q": -2.94,
            "eps_4q_growth_year": null,
            "roe": -4.64,
            "roe_4q": -32.54,
            "gross_profit": 33913,
            "gross_margin": 18.7,
            "gross_margin_4q_avg": 18.26,
            "net_income": -29900,
            "net_income_4q": null,
            "revenue": 181396,
            "revenue_4q": null,
            "common_shares": 743190,
            "book_valuer_per_share": 8.47,
            "book_valuer_per_share_4q_avg": 9.99,
            "equity": 629530,
            "current_ratio": 90.99,
            "debt_ratio": 33.45,
            "inventory_turnover_ratio": 12.51,
            "account_receivable_turnover_ratio": null,
            "reinvestment_rate": null,
            "research_to_sale_ratio": null,
            "price_fair": 189.7,
            "eps_avg_yearly": 5.42,
            "eps_latest_yearly": 2.6,
            "eps_growth_yearly": 241.44
        },
        "20064": {
            "year_quarter": 20064,
            "year": 2006,
            "quarter": 4,
            "eps": -0.23,
            "eps_growth_year": null,
            "eps_4q": -2.56,
            "eps_4q_growth_year": null,
            "roe": -2.47,
            "roe_4q": -26.59,
            "gross_profit": 33184,
            "gross_margin": 20.61,
            "gross_margin_4q_avg": 19.42,
            "net_income": -15351,
            "net_income_4q": null,
            "revenue": 161044,
            "revenue_4q": null,
            "common_shares": 743190,
            "book_valuer_per_share": 8.26,
            "book_valuer_per_share_4q_avg": 9.16,
            "equity": 614179,
            "current_ratio": 60.05,
            "debt_ratio": 59.62,
            "inventory_turnover_ratio": 1.83,
            "account_receivable_turnover_ratio": null,
            "reinvestment_rate": null,
            "research_to_sale_ratio": null,
            "price_fair": 189.7,
            "eps_avg_yearly": 5.42,
            "eps_latest_yearly": 2.6,
            "eps_growth_yearly": 241.44
        },
        "20071": {
            "year_quarter": 20071,
            "year": 2007,
            "quarter": 1,
            "eps": -0.06,
            "eps_growth_year": null,
            "eps_4q": -1.98,
            "eps_4q_growth_year": null,
            "roe": -0.72,
            "roe_4q": -22.439999999999998,
            "gross_profit": 21801,
            "gross_margin": 18.7,
            "gross_margin_4q_avg": 19.73,
            "net_income": -4416,
            "net_income_4q": null,
            "revenue": 116565,
            "revenue_4q": null,
            "common_shares": 743190,
            "book_valuer_per_share": 8.2,
            "book_valuer_per_share_4q_avg": 8.45,
            "equity": 609763,
            "current_ratio": 98.54,
            "debt_ratio": 28.22,
            "inventory_turnover_ratio": 1.37,
            "account_receivable_turnover_ratio": null,
            "reinvestment_rate": null,
            "research_to_sale_ratio": null,
            "price_fair": 189.7,
            "eps_avg_yearly": 5.42,
            "eps_latest_yearly": 2.6,
            "eps_growth_yearly": 241.44
        },
        "20072": {
            "year_quarter": 20072,
            "year": 2007,
            "quarter": 2,
            "eps": -0.4,
            "eps_growth_year": null,
            "eps_4q": -1.07,
            "eps_4q_growth_year": null,
            "roe": -4.97,
            "roe_4q": -12.8,
            "gross_profit": 26940,
            "gross_margin": 19.63,
            "gross_margin_4q_avg": 19.41,
            "net_income": -29587,
            "net_income_4q": null,
            "revenue": 137263,
            "revenue_4q": null,
            "common_shares": 743190,
            "book_valuer_per_share": 7.81,
            "book_valuer_per_share_4q_avg": 8.19,
            "equity": 580176,
            "current_ratio": 104.19,
            "debt_ratio": 29.71,
            "inventory_turnover_ratio": 12,
            "account_receivable_turnover_ratio": null,
            "reinvestment_rate": null,
            "research_to_sale_ratio": null,
            "price_fair": 189.7,
            "eps_avg_yearly": 5.42,
            "eps_latest_yearly": 2.6,
            "eps_growth_yearly": 241.44
        },
        "20073": {
            "year_quarter": 20073,
            "year": 2007,
            "quarter": 3,
            "eps": 0.35,
            "eps_growth_year": null,
            "eps_4q": -0.32,
            "eps_4q_growth_year": null,
            "roe": 4.36,
            "roe_4q": -3.8,
            "gross_profit": 9266,
            "gross_margin": 10.06,
            "gross_margin_4q_avg": 17.25,
            "net_income": 25888,
            "net_income_4q": null,
            "revenue": 92087,
            "revenue_4q": null,
            "common_shares": 743190,
            "book_valuer_per_share": 8.15,
            "book_valuer_per_share_4q_avg": 8.11,
            "equity": 606064,
            "current_ratio": 104.17,
            "debt_ratio": 25.31,
            "inventory_turnover_ratio": 7.75,
            "account_receivable_turnover_ratio": null,
            "reinvestment_rate": null,
            "research_to_sale_ratio": null,
            "price_fair": 189.7,
            "eps_avg_yearly": 5.42,
            "eps_latest_yearly": 2.6,
            "eps_growth_yearly": 241.44
        },
        "20074": {
            "year_quarter": 20074,
            "year": 2007,
            "quarter": 4,
            "eps": 1.61,
            "eps_growth_year": null,
            "eps_4q": 1.5,
            "eps_4q_growth_year": null,
            "roe": 17.99,
            "roe_4q": 16.66,
            "gross_profit": -1119,
            "gross_margin": -0.92,
            "gross_margin_4q_avg": 11.87,
            "net_income": 119806,
            "net_income_4q": null,
            "revenue": 121019,
            "revenue_4q": null,
            "common_shares": 743190,
            "book_valuer_per_share": 9.77,
            "book_valuer_per_share_4q_avg": 8.48,
            "equity": 725870,
            "current_ratio": 91.53,
            "debt_ratio": 56.23,
            "inventory_turnover_ratio": 1.82,
            "account_receivable_turnover_ratio": null,
            "reinvestment_rate": null,
            "research_to_sale_ratio": null,
            "price_fair": 158.2,
            "eps_avg_yearly": 4.52,
            "eps_latest_yearly": 6.44,
            "eps_growth_yearly": 765.28
        },
        "20081": {
            "year_quarter": 20081,
            "year": 2008,
            "quarter": 1,
            "eps": 0.32,
            "eps_growth_year": null,
            "eps_4q": 1.87,
            "eps_4q_growth_year": null,
            "roe": 3.28,
            "roe_4q": 20.66,
            "gross_profit": 96343,
            "gross_margin": 32.19,
            "gross_margin_4q_avg": 15.24,
            "net_income": 23985,
            "net_income_4q": null,
            "revenue": 299282,
            "revenue_4q": null,
            "common_shares": 743190,
            "book_valuer_per_share": 9.91,
            "book_valuer_per_share_4q_avg": 8.91,
            "equity": 736584,
            "current_ratio": 99.33,
            "debt_ratio": 46.43,
            "inventory_turnover_ratio": 1.7,
            "account_receivable_turnover_ratio": null,
            "reinvestment_rate": null,
            "research_to_sale_ratio": null,
            "price_fair": 120.4,
            "eps_avg_yearly": 3.44,
            "eps_latest_yearly": 1.28,
            "eps_growth_yearly": 403.36
        },
        "20082": {
            "year_quarter": 20082,
            "year": 2008,
            "quarter": 2,
            "eps": 0.14,
            "eps_growth_year": null,
            "eps_4q": 2.41,
            "eps_4q_growth_year": null,
            "roe": 1.41,
            "roe_4q": 27.04,
            "gross_profit": 71741,
            "gross_margin": 24.05,
            "gross_margin_4q_avg": 16.35,
            "net_income": 10480,
            "net_income_4q": null,
            "revenue": 298282,
            "revenue_4q": null,
            "common_shares": 743190,
            "book_valuer_per_share": 10.15,
            "book_valuer_per_share_4q_avg": 9.5,
            "equity": 754547,
            "current_ratio": 103.8,
            "debt_ratio": 44.31,
            "inventory_turnover_ratio": 1.87,
            "account_receivable_turnover_ratio": null,
            "reinvestment_rate": null,
            "research_to_sale_ratio": null,
            "price_fair": 95.2,
            "eps_avg_yearly": 2.72,
            "eps_latest_yearly": 0.56,
            "eps_growth_yearly": 246.27
        },
        "20083": {
            "year_quarter": 20083,
            "year": 2008,
            "quarter": 3,
            "eps": 0.85,
            "eps_growth_year": 142.86,
            "eps_4q": 2.93,
            "eps_4q_growth_year": null,
            "roe": 7.91,
            "roe_4q": 30.589999999999996,
            "gross_profit": 136837,
            "gross_margin": 29.32,
            "gross_margin_4q_avg": 21.16,
            "net_income": 63191,
            "net_income_4q": null,
            "revenue": 466652,
            "revenue_4q": null,
            "common_shares": 743190,
            "book_valuer_per_share": 11.33,
            "book_valuer_per_share_4q_avg": 10.29,
            "equity": 842334,
            "current_ratio": 113.92,
            "debt_ratio": 45.17,
            "inventory_turnover_ratio": 2.57,
            "account_receivable_turnover_ratio": null,
            "reinvestment_rate": null,
            "research_to_sale_ratio": null,
            "price_fair": 99.96,
            "eps_avg_yearly": 2.86,
            "eps_latest_yearly": 3.4,
            "eps_growth_yearly": 602.73
        },
        "20084": {
            "year_quarter": 20084,
            "year": 2008,
            "quarter": 4,
            "eps": -0.01,
            "eps_growth_year": -100.62,
            "eps_4q": 1.31,
            "eps_4q_growth_year": -12.72,
            "roe": -0.05,
            "roe_4q": 12.549999999999999,
            "gross_profit": 89651,
            "gross_margin": 24.52,
            "gross_margin_4q_avg": 27.52,
            "net_income": -413,
            "net_income_4q": null,
            "revenue": 365683,
            "revenue_4q": null,
            "common_shares": 743190,
            "book_valuer_per_share": 11.49,
            "book_valuer_per_share_4q_avg": 10.72,
            "equity": 853724,
            "current_ratio": 113.95,
            "debt_ratio": 46.33,
            "inventory_turnover_ratio": 2.13,
            "account_receivable_turnover_ratio": 1.73,
            "reinvestment_rate": null,
            "research_to_sale_ratio": null,
            "price_fair": 102.2,
            "eps_avg_yearly": 2.92,
            "eps_latest_yearly": 3.4,
            "eps_growth_yearly": 730.77
        },
        "20091": {
            "year_quarter": 20091,
            "year": 2009,
            "quarter": 1,
            "eps": 0.06,
            "eps_growth_year": -81.25,
            "eps_4q": 0.97,
            "eps_4q_growth_year": -48,
            "roe": 0.56,
            "roe_4q": 9.83,
            "gross_profit": 63816,
            "gross_margin": 23.47,
            "gross_margin_4q_avg": 25.34,
            "net_income": 4820,
            "net_income_4q": null,
            "revenue": 271855,
            "revenue_4q": null,
            "common_shares": 743190,
            "book_valuer_per_share": 11.75,
            "book_valuer_per_share_4q_avg": 11.18,
            "equity": 873406,
            "current_ratio": 118.72,
            "debt_ratio": 40.14,
            "inventory_turnover_ratio": 1.84,
            "account_receivable_turnover_ratio": 0.77,
            "reinvestment_rate": null,
            "research_to_sale_ratio": null,
            "price_fair": 102.2,
            "eps_avg_yearly": 2.92,
            "eps_latest_yearly": 3.4,
            "eps_growth_yearly": 730.77
        },
        "20092": {
            "year_quarter": 20092,
            "year": 2009,
            "quarter": 2,
            "eps": 0.05,
            "eps_growth_year": -64.29,
            "eps_4q": 0.89,
            "eps_4q_growth_year": -62.87,
            "roe": 0.47,
            "roe_4q": 8.89,
            "gross_profit": 65601,
            "gross_margin": 24.3,
            "gross_margin_4q_avg": 25.4,
            "net_income": 4006,
            "net_income_4q": null,
            "revenue": 269909,
            "revenue_4q": null,
            "common_shares": 743190,
            "book_valuer_per_share": 11.11,
            "book_valuer_per_share_4q_avg": 11.42,
            "equity": 825898,
            "current_ratio": 124.8,
            "debt_ratio": 41.28,
            "inventory_turnover_ratio": 2.13,
            "account_receivable_turnover_ratio": 0.91,
            "reinvestment_rate": null,
            "research_to_sale_ratio": null,
            "price_fair": 83.16,
            "eps_avg_yearly": 2.38,
            "eps_latest_yearly": 0.2,
            "eps_growth_yearly": 571.28
        },
        "20093": {
            "year_quarter": 20093,
            "year": 2009,
            "quarter": 3,
            "eps": 0.05,
            "eps_growth_year": -94.12,
            "eps_4q": 0.16,
            "eps_4q_growth_year": -94.5,
            "roe": 0.46,
            "roe_4q": 1.44,
            "gross_profit": 85258,
            "gross_margin": 24.41,
            "gross_margin_4q_avg": 24.18,
            "net_income": 3796,
            "net_income_4q": null,
            "revenue": 349215,
            "revenue_4q": null,
            "common_shares": 743190,
            "book_valuer_per_share": 11.03,
            "book_valuer_per_share_4q_avg": 11.35,
            "equity": 820089,
            "current_ratio": 127.96,
            "debt_ratio": 43.5,
            "inventory_turnover_ratio": 2.46,
            "account_receivable_turnover_ratio": 1.03,
            "reinvestment_rate": null,
            "research_to_sale_ratio": null,
            "price_fair": 70.47,
            "eps_avg_yearly": 2.01,
            "eps_latest_yearly": 0.2,
            "eps_growth_yearly": 476.07
        },
        "20094": {
            "year_quarter": 20094,
            "year": 2009,
            "quarter": 4,
            "eps": 0.51,
            "eps_growth_year": null,
            "eps_4q": 0.68,
            "eps_4q_growth_year": -48.23,
            "roe": 4.51,
            "roe_4q": 6,
            "gross_profit": 121521,
            "gross_margin": 32.31,
            "gross_margin_4q_avg": 26.12,
            "net_income": 37783,
            "net_income_4q": null,
            "revenue": 376089,
            "revenue_4q": null,
            "common_shares": 743190,
            "book_valuer_per_share": 11.49,
            "book_valuer_per_share_4q_avg": 11.35,
            "equity": 853918,
            "current_ratio": 132.62,
            "debt_ratio": 43.72,
            "inventory_turnover_ratio": 2.14,
            "account_receivable_turnover_ratio": 1.63,
            "reinvestment_rate": 355.62,
            "research_to_sale_ratio": null,
            "price_fair": 70.6,
            "eps_avg_yearly": 2.02,
            "eps_latest_yearly": 2.04,
            "eps_growth_yearly": 933.77
        },
        "20101": {
            "year_quarter": 20101,
            "year": 2010,
            "quarter": 1,
            "eps": 0.45,
            "eps_growth_year": 650,
            "eps_4q": 1.06,
            "eps_4q_growth_year": 9.18,
            "roe": 3.83,
            "roe_4q": 9.270000000000001,
            "gross_profit": 104154,
            "gross_margin": 27.34,
            "gross_margin_4q_avg": 27.09,
            "net_income": 33277,
            "net_income_4q": null,
            "revenue": 380927,
            "revenue_4q": null,
            "common_shares": 743190,
            "book_valuer_per_share": 11.89,
            "book_valuer_per_share_4q_avg": 11.38,
            "equity": 883409,
            "current_ratio": 136.19,
            "debt_ratio": 45.48,
            "inventory_turnover_ratio": 2.17,
            "account_receivable_turnover_ratio": 0.81,
            "reinvestment_rate": 854.74,
            "research_to_sale_ratio": 1.37,
            "price_fair": 69.65,
            "eps_avg_yearly": 1.99,
            "eps_latest_yearly": 1.8,
            "eps_growth_yearly": 811.17
        },
        "20102": {
            "year_quarter": 20102,
            "year": 2010,
            "quarter": 2,
            "eps": 0.82,
            "eps_growth_year": 1540.36,
            "eps_4q": 1.83,
            "eps_4q_growth_year": 104.47,
            "roe": 6.76,
            "roe_4q": 15.56,
            "gross_profit": 134361,
            "gross_margin": 30.68,
            "gross_margin_4q_avg": 28.69,
            "net_income": 60955,
            "net_income_4q": null,
            "revenue": 437966,
            "revenue_4q": null,
            "common_shares": 743190,
            "book_valuer_per_share": 12.38,
            "book_valuer_per_share_4q_avg": 11.7,
            "equity": 920066,
            "current_ratio": 156.82,
            "debt_ratio": 48.26,
            "inventory_turnover_ratio": 2.18,
            "account_receivable_turnover_ratio": 0.76,
            "reinvestment_rate": 474.71,
            "research_to_sale_ratio": 0.68,
            "price_fair": 74.67,
            "eps_avg_yearly": 2.13,
            "eps_latest_yearly": 3.28,
            "eps_growth_yearly": 757.58
        },
        "20103": {
            "year_quarter": 20103,
            "year": 2010,
            "quarter": 3,
            "eps": 0.76,
            "eps_growth_year": 1412.13,
            "eps_4q": 2.53,
            "eps_4q_growth_year": 1474.73,
            "roe": 5.97,
            "roe_4q": 21.07,
            "gross_profit": 128330,
            "gross_margin": 27.7,
            "gross_margin_4q_avg": 29.51,
            "net_income": 56190,
            "net_income_4q": null,
            "revenue": 463203,
            "revenue_4q": null,
            "common_shares": 743190,
            "book_valuer_per_share": 12.95,
            "book_valuer_per_share_4q_avg": 12.18,
            "equity": 962219,
            "current_ratio": 171.43,
            "debt_ratio": 45.4,
            "inventory_turnover_ratio": 2.36,
            "account_receivable_turnover_ratio": 0.71,
            "reinvestment_rate": 380.38,
            "research_to_sale_ratio": 0.92,
            "price_fair": 77.84,
            "eps_avg_yearly": 2.22,
            "eps_latest_yearly": 3.04,
            "eps_growth_yearly": 678.9
        },
        "20104": {
            "year_quarter": 20104,
            "year": 2010,
            "quarter": 4,
            "eps": -0.01,
            "eps_growth_year": -101.71,
            "eps_4q": 2.02,
            "eps_4q_growth_year": 197.14,
            "roe": -0.07,
            "roe_4q": 16.490000000000002,
            "gross_profit": 92384,
            "gross_margin": 23.1,
            "gross_margin_4q_avg": 27.21,
            "net_income": -650,
            "net_income_4q": null,
            "revenue": 399856,
            "revenue_4q": null,
            "common_shares": 743190,
            "book_valuer_per_share": 12.31,
            "book_valuer_per_share_4q_avg": 12.38,
            "equity": 914748,
            "current_ratio": 167.86,
            "debt_ratio": 45.91,
            "inventory_turnover_ratio": 2.14,
            "account_receivable_turnover_ratio": 0.65,
            "reinvestment_rate": 189.99,
            "research_to_sale_ratio": -0.39,
            "price_fair": 77.84,
            "eps_avg_yearly": 2.22,
            "eps_latest_yearly": 3.04,
            "eps_growth_yearly": 678.9
        },
        "20111": {
            "year_quarter": 20111,
            "year": 2011,
            "quarter": 1,
            "eps": 0.79,
            "eps_growth_year": 75.56,
            "eps_4q": 2.36,
            "eps_4q_growth_year": 122.62,
            "roe": 6.21,
            "roe_4q": 18.869999999999997,
            "gross_profit": 134629,
            "gross_margin": 25.7,
            "gross_margin_4q_avg": 26.8,
            "net_income": 59067,
            "net_income_4q": null,
            "revenue": 523773,
            "revenue_4q": null,
            "common_shares": 743190,
            "book_valuer_per_share": 13.28,
            "book_valuer_per_share_4q_avg": 12.73,
            "equity": 986655,
            "current_ratio": 160.45,
            "debt_ratio": 50.74,
            "inventory_turnover_ratio": 2.24,
            "account_receivable_turnover_ratio": 0.8,
            "reinvestment_rate": 377.26,
            "research_to_sale_ratio": 0.63,
            "price_fair": 77.84,
            "eps_avg_yearly": 2.22,
            "eps_latest_yearly": 3.04,
            "eps_growth_yearly": 678.9
        },
        "20112": {
            "year_quarter": 20112,
            "year": 2011,
            "quarter": 2,
            "eps": 0.63,
            "eps_growth_year": -22.82,
            "eps_4q": 2.18,
            "eps_4q_growth_year": 19.03,
            "roe": 4.69,
            "roe_4q": 16.8,
            "gross_profit": 161142,
            "gross_margin": 27.35,
            "gross_margin_4q_avg": 25.96,
            "net_income": 47046,
            "net_income_4q": null,
            "revenue": 589080,
            "revenue_4q": null,
            "common_shares": 743190,
            "book_valuer_per_share": 13.28,
            "book_valuer_per_share_4q_avg": 12.96,
            "equity": 1018137,
            "current_ratio": 161.68,
            "debt_ratio": 56.28,
            "inventory_turnover_ratio": 2.09,
            "account_receivable_turnover_ratio": 0.78,
            "reinvestment_rate": 369.89,
            "research_to_sale_ratio": 1.13,
            "price_fair": 78.78,
            "eps_avg_yearly": 2.25,
            "eps_latest_yearly": 2.52,
            "eps_growth_yearly": 609.81
        },
        "20113": {
            "year_quarter": 20113,
            "year": 2011,
            "quarter": 3,
            "eps": 0.72,
            "eps_growth_year": -4.53,
            "eps_4q": 2.14,
            "eps_4q_growth_year": -15.46,
            "roe": 5.02,
            "roe_4q": 15.850000000000001,
            "gross_profit": 167805,
            "gross_margin": 25.14,
            "gross_margin_4q_avg": 25.32,
            "net_income": 54220,
            "net_income_4q": null,
            "revenue": 667549,
            "revenue_4q": null,
            "common_shares": 743190,
            "book_valuer_per_share": 14.93,
            "book_valuer_per_share_4q_avg": 13.45,
            "equity": 1143689,
            "current_ratio": 144.79,
            "debt_ratio": 56.77,
            "inventory_turnover_ratio": 2.37,
            "account_receivable_turnover_ratio": 0.77,
            "reinvestment_rate": 409.93,
            "research_to_sale_ratio": 0.82,
            "price_fair": 80.62,
            "eps_avg_yearly": 2.3,
            "eps_latest_yearly": 2.88,
            "eps_growth_yearly": 563.76
        },
        "20114": {
            "year_quarter": 20114,
            "year": 2011,
            "quarter": 4,
            "eps": 0.08,
            "eps_growth_year": null,
            "eps_4q": 2.23,
            "eps_4q_growth_year": 10.48,
            "roe": 0.46,
            "roe_4q": 16.38,
            "gross_profit": 81111,
            "gross_margin": 17.06,
            "gross_margin_4q_avg": 23.81,
            "net_income": 5321,
            "net_income_4q": null,
            "revenue": 475413,
            "revenue_4q": null,
            "common_shares": 743190,
            "book_valuer_per_share": 15,
            "book_valuer_per_share_4q_avg": 14.12,
            "equity": 1148648,
            "current_ratio": 150.11,
            "debt_ratio": 54.8,
            "inventory_turnover_ratio": 1.65,
            "account_receivable_turnover_ratio": 0.56,
            "reinvestment_rate": 350.47,
            "research_to_sale_ratio": 0.86,
            "price_fair": 62.77,
            "eps_avg_yearly": 1.79,
            "eps_latest_yearly": 0.32,
            "eps_growth_yearly": 414.13
        },
        "20121": {
            "year_quarter": 20121,
            "year": 2012,
            "quarter": 1,
            "eps": -0.28,
            "eps_growth_year": -135.44,
            "eps_4q": 1.16,
            "eps_4q_growth_year": -51.09,
            "roe": -1.83,
            "roe_4q": 8.34,
            "gross_profit": 77460,
            "gross_margin": 16.72,
            "gross_margin_4q_avg": 21.57,
            "net_income": -20569,
            "net_income_4q": null,
            "revenue": 463184,
            "revenue_4q": null,
            "common_shares": 743190,
            "book_valuer_per_share": 14.34,
            "book_valuer_per_share_4q_avg": 14.39,
            "equity": 1098811,
            "current_ratio": 144,
            "debt_ratio": 52.43,
            "inventory_turnover_ratio": 1.46,
            "account_receivable_turnover_ratio": 0.64,
            "reinvestment_rate": 379.85,
            "research_to_sale_ratio": 1.31,
            "price_fair": 64.4,
            "eps_avg_yearly": 1.84,
            "eps_latest_yearly": 0.32,
            "eps_growth_yearly": 480.91
        },
        "20122": {
            "year_quarter": 20122,
            "year": 2012,
            "quarter": 2,
            "eps": -0.99,
            "eps_growth_year": -256.17,
            "eps_4q": -0.47,
            "eps_4q_growth_year": -121.43,
            "roe": -6.88,
            "roe_4q": -3.2300000000000004,
            "gross_profit": 52723,
            "gross_margin": 10.37,
            "gross_margin_4q_avg": 17.32,
            "net_income": -72004,
            "net_income_4q": null,
            "revenue": 508267,
            "revenue_4q": null,
            "common_shares": 743190,
            "book_valuer_per_share": 12.91,
            "book_valuer_per_share_4q_avg": 14.3,
            "equity": 994088,
            "current_ratio": 131.33,
            "debt_ratio": 58.45,
            "inventory_turnover_ratio": 1.87,
            "account_receivable_turnover_ratio": 0.7,
            "reinvestment_rate": 475.58,
            "research_to_sale_ratio": 0.64,
            "price_fair": 68.88,
            "eps_avg_yearly": 1.97,
            "eps_latest_yearly": 0.32,
            "eps_growth_yearly": 551.5
        },
        "20123": {
            "year_quarter": 20123,
            "year": 2012,
            "quarter": 3,
            "eps": 0.03,
            "eps_growth_year": -95.82,
            "eps_4q": -1.16,
            "eps_4q_growth_year": -154.08,
            "roe": 0.22,
            "roe_4q": -8.03,
            "gross_profit": 96874,
            "gross_margin": 18.26,
            "gross_margin_4q_avg": 15.6,
            "net_income": 2130,
            "net_income_4q": null,
            "revenue": 530574,
            "revenue_4q": null,
            "common_shares": 743190,
            "book_valuer_per_share": 12.77,
            "book_valuer_per_share_4q_avg": 13.76,
            "equity": 983525,
            "current_ratio": 145.09,
            "debt_ratio": 57.11,
            "inventory_turnover_ratio": 1.85,
            "account_receivable_turnover_ratio": 0.7,
            "reinvestment_rate": 556.37,
            "research_to_sale_ratio": 2.06,
            "price_fair": 63.31,
            "eps_avg_yearly": 1.81,
            "eps_latest_yearly": 0.32,
            "eps_growth_yearly": 387.39
        },
        "20124": {
            "year_quarter": 20124,
            "year": 2012,
            "quarter": 4,
            "eps": -0.66,
            "eps_growth_year": -953.54,
            "eps_4q": -1.89,
            "eps_4q_growth_year": -184.9,
            "roe": -4.92,
            "roe_4q": -13.41,
            "gross_profit": 49564,
            "gross_margin": 10.78,
            "gross_margin_4q_avg": 14.03,
            "net_income": -47162,
            "net_income_4q": null,
            "revenue": 459913,
            "revenue_4q": null,
            "common_shares": 743190,
            "book_valuer_per_share": 12.09,
            "book_valuer_per_share_4q_avg": 13.03,
            "equity": 934151,
            "current_ratio": 138.66,
            "debt_ratio": 58.16,
            "inventory_turnover_ratio": 1.64,
            "account_receivable_turnover_ratio": 0.63,
            "reinvestment_rate": 633.1,
            "research_to_sale_ratio": 2.16,
            "price_fair": 63.31,
            "eps_avg_yearly": 1.81,
            "eps_latest_yearly": 0.32,
            "eps_growth_yearly": 387.39
        },
        "20131": {
            "year_quarter": 20131,
            "year": 2013,
            "quarter": 1,
            "eps": 1.78,
            "eps_growth_year": null,
            "eps_4q": 0.18,
            "eps_4q_growth_year": -83.99,
            "roe": 13.08,
            "roe_4q": 1.5000000000000009,
            "gross_profit": 60534,
            "gross_margin": 11.02,
            "gross_margin_4q_avg": 12.61,
            "net_income": 135747,
            "net_income_4q": null,
            "revenue": 549184,
            "revenue_4q": null,
            "common_shares": 770603,
            "book_valuer_per_share": 14.22,
            "book_valuer_per_share_4q_avg": 13,
            "equity": 1141265,
            "current_ratio": 168.81,
            "debt_ratio": 56.52,
            "inventory_turnover_ratio": 1.94,
            "account_receivable_turnover_ratio": 0.73,
            "reinvestment_rate": 28.12,
            "research_to_sale_ratio": 1.44,
            "price_fair": 63.31,
            "eps_avg_yearly": 1.81,
            "eps_latest_yearly": 0.32,
            "eps_growth_yearly": 387.39
        },
        "20132": {
            "year_quarter": 20132,
            "year": 2013,
            "quarter": 2,
            "eps": 0.03,
            "eps_growth_year": null,
            "eps_4q": 1.11,
            "eps_4q_growth_year": null,
            "roe": 0.03,
            "roe_4q": 8.41,
            "gross_profit": 72338,
            "gross_margin": 15.19,
            "gross_margin_4q_avg": 13.81,
            "net_income": 298,
            "net_income_4q": null,
            "revenue": 476312,
            "revenue_4q": null,
            "common_shares": 804239,
            "book_valuer_per_share": 14.41,
            "book_valuer_per_share_4q_avg": 13.37,
            "equity": 1203275,
            "current_ratio": 133.9,
            "debt_ratio": 54.42,
            "inventory_turnover_ratio": 1.6,
            "account_receivable_turnover_ratio": 0.6,
            "reinvestment_rate": 41.98,
            "research_to_sale_ratio": 2.23,
            "price_fair": 63,
            "eps_avg_yearly": 1.8,
            "eps_latest_yearly": 0.12,
            "eps_growth_yearly": 351.1
        },
        "20133": {
            "year_quarter": 20133,
            "year": 2013,
            "quarter": 3,
            "eps": 0.31,
            "eps_growth_year": 928.06,
            "eps_4q": 1.33,
            "eps_4q_growth_year": null,
            "roe": 1.84,
            "roe_4q": 10.03,
            "gross_profit": 126566,
            "gross_margin": 15.49,
            "gross_margin_4q_avg": 13.12,
            "net_income": 22751,
            "net_income_4q": null,
            "revenue": 816952,
            "revenue_4q": null,
            "common_shares": 848085,
            "book_valuer_per_share": 14.48,
            "book_valuer_per_share_4q_avg": 13.8,
            "equity": 1268993,
            "current_ratio": 134.7,
            "debt_ratio": 58.91,
            "inventory_turnover_ratio": 2.19,
            "account_receivable_turnover_ratio": 0.92,
            "reinvestment_rate": 55.02,
            "research_to_sale_ratio": 1.94,
            "price_fair": 67.04,
            "eps_avg_yearly": 1.92,
            "eps_latest_yearly": 1.24,
            "eps_growth_yearly": 765.91
        },
        "20134": {
            "year_quarter": 20134,
            "year": 2013,
            "quarter": 4,
            "eps": 0.97,
            "eps_growth_year": null,
            "eps_4q": 2.68,
            "eps_4q_growth_year": null,
            "roe": 6.33,
            "roe_4q": 21.28,
            "gross_profit": 240747,
            "gross_margin": 17.07,
            "gross_margin_4q_avg": 14.69,
            "net_income": 92679,
            "net_income_4q": null,
            "revenue": 1410519,
            "revenue_4q": null,
            "common_shares": 948085,
            "book_valuer_per_share": 17.04,
            "book_valuer_per_share_4q_avg": 15.04,
            "equity": 1657609,
            "current_ratio": 164.39,
            "debt_ratio": 56.94,
            "inventory_turnover_ratio": 3.2,
            "account_receivable_turnover_ratio": 1.2,
            "reinvestment_rate": -168.65,
            "research_to_sale_ratio": 0.83,
            "price_fair": 74.2,
            "eps_avg_yearly": 2.12,
            "eps_latest_yearly": 3.88,
            "eps_growth_yearly": 451.65
        },
        "20141": {
            "year_quarter": 20141,
            "year": 2014,
            "quarter": 1,
            "eps": -0.14,
            "eps_growth_year": -107.87,
            "eps_4q": 1.12,
            "eps_4q_growth_year": 506.26,
            "roe": -0.86,
            "roe_4q": 7.34,
            "gross_profit": 91917,
            "gross_margin": 10.61,
            "gross_margin_4q_avg": 14.59,
            "net_income": -14247,
            "net_income_4q": null,
            "revenue": 866652,
            "revenue_4q": null,
            "common_shares": 948085,
            "book_valuer_per_share": 16.97,
            "book_valuer_per_share_4q_avg": 15.73,
            "equity": 1649814,
            "current_ratio": 170.18,
            "debt_ratio": 54.77,
            "inventory_turnover_ratio": 2.06,
            "account_receivable_turnover_ratio": 0.74,
            "reinvestment_rate": -191.14,
            "research_to_sale_ratio": 1.44,
            "price_fair": 75.6,
            "eps_avg_yearly": 2.16,
            "eps_latest_yearly": 3.88,
            "eps_growth_yearly": 513.99
        },
        "20142": {
            "year_quarter": 20142,
            "year": 2014,
            "quarter": 2,
            "eps": -0.94,
            "eps_growth_year": -3233.33,
            "eps_4q": 0.15,
            "eps_4q_growth_year": -86.6,
            "roe": -6.02,
            "roe_4q": 1.2900000000000003,
            "gross_profit": 23302,
            "gross_margin": 3.53,
            "gross_margin_4q_avg": 11.68,
            "net_income": -91463,
            "net_income_4q": null,
            "revenue": 660231,
            "revenue_4q": null,
            "common_shares": 948085,
            "book_valuer_per_share": 14.25,
            "book_valuer_per_share_4q_avg": 15.69,
            "equity": 1389443,
            "current_ratio": 162.33,
            "debt_ratio": 59.53,
            "inventory_turnover_ratio": 1.6,
            "account_receivable_turnover_ratio": 0.72,
            "reinvestment_rate": -345.13,
            "research_to_sale_ratio": 2.37,
            "price_fair": 70,
            "eps_avg_yearly": 2,
            "eps_latest_yearly": 3.88,
            "eps_growth_yearly": 540.43
        },
        "20143": {
            "year_quarter": 20143,
            "year": 2014,
            "quarter": 3,
            "eps": 0.42,
            "eps_growth_year": 35.48,
            "eps_4q": 0.31,
            "eps_4q_growth_year": -76.7,
            "roe": 2.99,
            "roe_4q": 2.440000000000001,
            "gross_profit": 86280,
            "gross_margin": 9.85,
            "gross_margin_4q_avg": 10.27,
            "net_income": 42722,
            "net_income_4q": null,
            "revenue": 876148,
            "revenue_4q": null,
            "common_shares": 995489,
            "book_valuer_per_share": 14.3,
            "book_valuer_per_share_4q_avg": 15.64,
            "equity": 1464216,
            "current_ratio": 159.29,
            "debt_ratio": 59.29,
            "inventory_turnover_ratio": 2.06,
            "account_receivable_turnover_ratio": 0.93,
            "reinvestment_rate": -338.18,
            "research_to_sale_ratio": 1.74,
            "price_fair": 63.93,
            "eps_avg_yearly": 1.83,
            "eps_latest_yearly": 3.88,
            "eps_growth_yearly": 635.38
        },
        "20144": {
            "year_quarter": 20144,
            "year": 2014,
            "quarter": 4,
            "eps": 1.19,
            "eps_growth_year": 22.43,
            "eps_4q": 0.58,
            "eps_4q_growth_year": -78.53,
            "roe": 7.78,
            "roe_4q": 3.89,
            "gross_profit": 122573,
            "gross_margin": 14.31,
            "gross_margin_4q_avg": 9.58,
            "net_income": 120781,
            "net_income_4q": null,
            "revenue": 856681,
            "revenue_4q": null,
            "common_shares": 995489,
            "book_valuer_per_share": 16.02,
            "book_valuer_per_share_4q_avg": 15.39,
            "equity": 1639390,
            "current_ratio": 153.25,
            "debt_ratio": 55.58,
            "inventory_turnover_ratio": 2.12,
            "account_receivable_turnover_ratio": 0.78,
            "reinvestment_rate": -229.67,
            "research_to_sale_ratio": 1.73,
            "price_fair": 78.6,
            "eps_avg_yearly": 2.25,
            "eps_latest_yearly": 4.76,
            "eps_growth_yearly": 649.37
        },
        "20151": {
            "year_quarter": 20151,
            "year": 2015,
            "quarter": 1,
            "eps": 0.39,
            "eps_growth_year": null,
            "eps_4q": 1.1,
            "eps_4q_growth_year": -1.63,
            "roe": 2.3,
            "roe_4q": 7.050000000000001,
            "gross_profit": 151127,
            "gross_margin": 19.53,
            "gross_margin_4q_avg": 11.81,
            "net_income": 37975,
            "net_income_4q": null,
            "revenue": 773980,
            "revenue_4q": null,
            "common_shares": 995489,
            "book_valuer_per_share": 16.26,
            "book_valuer_per_share_4q_avg": 15.21,
            "equity": 1661763,
            "current_ratio": 153.9,
            "debt_ratio": 53.91,
            "inventory_turnover_ratio": 1.92,
            "account_receivable_turnover_ratio": 0.69,
            "reinvestment_rate": -272.6,
            "research_to_sale_ratio": 1.23,
            "price_fair": 75.6,
            "eps_avg_yearly": 2.16,
            "eps_latest_yearly": 1.56,
            "eps_growth_yearly": 534.59
        },
        "20152": {
            "year_quarter": 20152,
            "year": 2015,
            "quarter": 2,
            "eps": 0.51,
            "eps_growth_year": null,
            "eps_4q": 2.51,
            "eps_4q_growth_year": 1581.31,
            "roe": 3.11,
            "roe_4q": 16.18,
            "gross_profit": 67074,
            "gross_margin": 11.23,
            "gross_margin_4q_avg": 13.73,
            "net_income": 51318,
            "net_income_4q": null,
            "revenue": 597482,
            "revenue_4q": null,
            "common_shares": 995489,
            "book_valuer_per_share": 16.05,
            "book_valuer_per_share_4q_avg": 15.66,
            "equity": 1640185,
            "current_ratio": 146.75,
            "debt_ratio": 52.6,
            "inventory_turnover_ratio": 1.69,
            "account_receivable_turnover_ratio": 0.62,
            "reinvestment_rate": -344.55,
            "research_to_sale_ratio": 0.49,
            "price_fair": 73.5,
            "eps_avg_yearly": 2.1,
            "eps_latest_yearly": 2.04,
            "eps_growth_yearly": 560.1
        },
        "20153": {
            "year_quarter": 20153,
            "year": 2015,
            "quarter": 3,
            "eps": 0.22,
            "eps_growth_year": -47.62,
            "eps_4q": 2.32,
            "eps_4q_growth_year": 646.2,
            "roe": 1.22,
            "roe_4q": 14.41,
            "gross_profit": 116114,
            "gross_margin": 15.61,
            "gross_margin_4q_avg": 15.17,
            "net_income": 20682,
            "net_income_4q": null,
            "revenue": 744030,
            "revenue_4q": null,
            "common_shares": 995489,
            "book_valuer_per_share": 17.03,
            "book_valuer_per_share_4q_avg": 16.34,
            "equity": 1738947,
            "current_ratio": 155.64,
            "debt_ratio": 52.79,
            "inventory_turnover_ratio": 2.1,
            "account_receivable_turnover_ratio": 0.73,
            "reinvestment_rate": -475.51,
            "research_to_sale_ratio": 2.81,
            "price_fair": 64.75,
            "eps_avg_yearly": 1.85,
            "eps_latest_yearly": 0.88,
            "eps_growth_yearly": 524.52
        },
        "20154": {
            "year_quarter": 20154,
            "year": 2015,
            "quarter": 4,
            "eps": -0.15,
            "eps_growth_year": -112.39,
            "eps_4q": 0.97,
            "eps_4q_growth_year": 69.33,
            "roe": -0.93,
            "roe_4q": 5.699999999999999,
            "gross_profit": 87205,
            "gross_margin": 13.82,
            "gross_margin_4q_avg": 15.05,
            "net_income": -15947,
            "net_income_4q": null,
            "revenue": 630972,
            "revenue_4q": null,
            "common_shares": 995489,
            "book_valuer_per_share": 16.46,
            "book_valuer_per_share_4q_avg": 16.45,
            "equity": 1679042,
            "current_ratio": 161.49,
            "debt_ratio": 48.87,
            "inventory_turnover_ratio": 1.85,
            "account_receivable_turnover_ratio": 0.59,
            "reinvestment_rate": -530.14,
            "research_to_sale_ratio": 0.76,
            "price_fair": 72.4,
            "eps_avg_yearly": 2.07,
            "eps_latest_yearly": 0.88,
            "eps_growth_yearly": 650.25
        },
        "20161": {
            "year_quarter": 20161,
            "year": 2016,
            "quarter": 1,
            "eps": -0.31,
            "eps_growth_year": -179.49,
            "eps_4q": 0.27,
            "eps_4q_growth_year": -75.14,
            "roe": -1.8,
            "roe_4q": 1.5999999999999999,
            "gross_profit": 57775,
            "gross_margin": 10.87,
            "gross_margin_4q_avg": 12.88,
            "net_income": -29941,
            "net_income_4q": null,
            "revenue": 531697,
            "revenue_4q": null,
            "common_shares": 995489,
            "book_valuer_per_share": 16.21,
            "book_valuer_per_share_4q_avg": 16.44,
            "equity": 1654903,
            "current_ratio": 179.44,
            "debt_ratio": 43.07,
            "inventory_turnover_ratio": 1.54,
            "account_receivable_turnover_ratio": 0.58,
            "reinvestment_rate": -519.96,
            "research_to_sale_ratio": 1.82,
            "price_fair": 72.4,
            "eps_avg_yearly": 2.07,
            "eps_latest_yearly": 0.88,
            "eps_growth_yearly": 650.25
        },
        "20162": {
            "year_quarter": 20162,
            "year": 2016,
            "quarter": 2,
            "eps": -0.18,
            "eps_growth_year": -135.29,
            "eps_4q": -0.41,
            "eps_4q_growth_year": -116.33,
            "roe": -1.19,
            "roe_4q": -2.7,
            "gross_profit": 83725,
            "gross_margin": 14.61,
            "gross_margin_4q_avg": 13.73,
            "net_income": -18774,
            "net_income_4q": null,
            "revenue": 573129,
            "revenue_4q": null,
            "common_shares": 995489,
            "book_valuer_per_share": 14.71,
            "book_valuer_per_share_4q_avg": 16.1,
            "equity": 1503400,
            "current_ratio": 173.33,
            "debt_ratio": 45.48,
            "inventory_turnover_ratio": 1.57,
            "account_receivable_turnover_ratio": 0.68,
            "reinvestment_rate": -439.92,
            "research_to_sale_ratio": 1.48,
            "price_fair": 72.4,
            "eps_avg_yearly": 2.07,
            "eps_latest_yearly": 0.88,
            "eps_growth_yearly": 650.25
        },
        "20163": {
            "year_quarter": 20163,
            "year": 2016,
            "quarter": 3,
            "eps": 0.06,
            "eps_growth_year": -72.73,
            "eps_4q": -0.57,
            "eps_4q_growth_year": -124.81,
            "roe": 0.27,
            "roe_4q": -3.65,
            "gross_profit": 92880,
            "gross_margin": 14.86,
            "gross_margin_4q_avg": 13.54,
            "net_income": 3964,
            "net_income_4q": null,
            "revenue": 624960,
            "revenue_4q": null,
            "common_shares": 995489,
            "book_valuer_per_share": 14.21,
            "book_valuer_per_share_4q_avg": 15.4,
            "equity": 1450025,
            "current_ratio": 186.28,
            "debt_ratio": 48.03,
            "inventory_turnover_ratio": 1.74,
            "account_receivable_turnover_ratio": 0.68,
            "reinvestment_rate": -434.54,
            "research_to_sale_ratio": 1.47,
            "price_fair": 72.4,
            "eps_avg_yearly": 2.07,
            "eps_latest_yearly": 0.88,
            "eps_growth_yearly": 650.25
        },
        "20164": {
            "year_quarter": 20164,
            "year": 2016,
            "quarter": 4,
            "eps": 0.77,
            "eps_growth_year": null,
            "eps_4q": 0.35,
            "eps_4q_growth_year": -64.3,
            "roe": 5.11,
            "roe_4q": 2.3900000000000015,
            "gross_profit": 173464,
            "gross_margin": 21.27,
            "gross_margin_4q_avg": 15.4,
            "net_income": 75910,
            "net_income_4q": null,
            "revenue": 815716,
            "revenue_4q": null,
            "common_shares": 995489,
            "book_valuer_per_share": 14.93,
            "book_valuer_per_share_4q_avg": 15.02,
            "equity": 1520667,
            "current_ratio": 175.51,
            "debt_ratio": 50.09,
            "inventory_turnover_ratio": 1.96,
            "account_receivable_turnover_ratio": 0.77,
            "reinvestment_rate": -290.23,
            "research_to_sale_ratio": 1.28,
            "price_fair": 76.83,
            "eps_avg_yearly": 2.2,
            "eps_latest_yearly": 3.08,
            "eps_growth_yearly": 1160.63
        },
        "20171": {
            "year_quarter": 20171,
            "year": 2017,
            "quarter": 1,
            "eps": 0.15,
            "eps_growth_year": null,
            "eps_4q": 0.8,
            "eps_4q_growth_year": 192.17,
            "roe": 0.86,
            "roe_4q": 5.050000000000001,
            "gross_profit": 110284,
            "gross_margin": 17.29,
            "gross_margin_4q_avg": 17.01,
            "net_income": 12715,
            "net_income_4q": null,
            "revenue": 637959,
            "revenue_4q": null,
            "common_shares": 995489,
            "book_valuer_per_share": 14.15,
            "book_valuer_per_share_4q_avg": 14.5,
            "equity": 1439418,
            "current_ratio": 171.34,
            "debt_ratio": 47.83,
            "inventory_turnover_ratio": 1.52,
            "account_receivable_turnover_ratio": 0.59,
            "reinvestment_rate": 0.99,
            "research_to_sale_ratio": 1.49,
            "price_fair": 70.62,
            "eps_avg_yearly": 2.02,
            "eps_latest_yearly": 0.6,
            "eps_growth_yearly": 995.89
        },
        "20172": {
            "year_quarter": 20172,
            "year": 2017,
            "quarter": 2,
            "eps": 0.1,
            "eps_growth_year": null,
            "eps_4q": 0.99,
            "eps_4q_growth_year": null,
            "roe": 0.14,
            "roe_4q": 6.380000000000001,
            "gross_profit": 123867,
            "gross_margin": 18.58,
            "gross_margin_4q_avg": 18,
            "net_income": 1963,
            "net_income_4q": null,
            "revenue": 666791,
            "revenue_4q": null,
            "common_shares": 995489,
            "book_valuer_per_share": 14.11,
            "book_valuer_per_share_4q_avg": 14.35,
            "equity": 1436404,
            "current_ratio": 174.91,
            "debt_ratio": 49.19,
            "inventory_turnover_ratio": 1.45,
            "account_receivable_turnover_ratio": 0.64,
            "reinvestment_rate": -10.05,
            "research_to_sale_ratio": 3.71,
            "price_fair": 71.71,
            "eps_avg_yearly": 2.05,
            "eps_latest_yearly": 0.4,
            "eps_growth_yearly": 1024.77
        },
        "20173": {
            "year_quarter": 20173,
            "year": 2017,
            "quarter": 3,
            "eps": 0.12,
            "eps_growth_year": 100,
            "eps_4q": 1.05,
            "eps_4q_growth_year": null,
            "roe": 1,
            "roe_4q": 7.11,
            "gross_profit": 121748,
            "gross_margin": 15.73,
            "gross_margin_4q_avg": 18.22,
            "net_income": 14461,
            "net_income_4q": null,
            "revenue": 773894,
            "revenue_4q": null,
            "common_shares": 995489,
            "book_valuer_per_share": 14.36,
            "book_valuer_per_share_4q_avg": 14.39,
            "equity": 1456520,
            "current_ratio": 140.79,
            "debt_ratio": 51.45,
            "inventory_turnover_ratio": 1.56,
            "account_receivable_turnover_ratio": 0.72,
            "reinvestment_rate": 12.78,
            "research_to_sale_ratio": 1.18,
            "price_fair": 68.76,
            "eps_avg_yearly": 1.96,
            "eps_latest_yearly": 0.48,
            "eps_growth_yearly": 618.84
        },
        "20174": {
            "year_quarter": 20174,
            "year": 2017,
            "quarter": 4,
            "eps": 0.1,
            "eps_growth_year": -87.72,
            "eps_4q": 0.37,
            "eps_4q_growth_year": 6.48,
            "roe": 0.74,
            "roe_4q": 2.7399999999999998,
            "gross_profit": 132961,
            "gross_margin": 14.83,
            "gross_margin_4q_avg": 16.61,
            "net_income": 10781,
            "net_income_4q": null,
            "revenue": 896665,
            "revenue_4q": null,
            "common_shares": 995489,
            "book_valuer_per_share": 14.46,
            "book_valuer_per_share_4q_avg": 14.27,
            "equity": 1467469,
            "current_ratio": 137.7,
            "debt_ratio": 54.74,
            "inventory_turnover_ratio": 1.88,
            "account_receivable_turnover_ratio": 0.74,
            "reinvestment_rate": 111.33,
            "research_to_sale_ratio": 1.08,
            "price_fair": 55.22,
            "eps_avg_yearly": 1.58,
            "eps_latest_yearly": 0.4,
            "eps_growth_yearly": 516.81
        },
        "20181": {
            "year_quarter": 20181,
            "year": 2018,
            "quarter": 1,
            "eps": -0.28,
            "eps_growth_year": -286.67,
            "eps_4q": -0.05,
            "eps_4q_growth_year": -106.84,
            "roe": -2.01,
            "roe_4q": -0.12999999999999978,
            "gross_profit": 56610,
            "gross_margin": 11.32,
            "gross_margin_4q_avg": 15.12,
            "net_income": -29386,
            "net_income_4q": null,
            "revenue": 500224,
            "revenue_4q": null,
            "common_shares": 995489,
            "book_valuer_per_share": 14.39,
            "book_valuer_per_share_4q_avg": 14.33,
            "equity": 1459374,
            "current_ratio": 146.96,
            "debt_ratio": 48.22,
            "inventory_turnover_ratio": 1.14,
            "account_receivable_turnover_ratio": 0.46,
            "reinvestment_rate": 110.43,
            "research_to_sale_ratio": 1.43,
            "price_fair": 55.22,
            "eps_avg_yearly": 1.58,
            "eps_latest_yearly": 0.4,
            "eps_growth_yearly": 516.81
        },
        "20182": {
            "year_quarter": 20182,
            "year": 2018,
            "quarter": 2,
            "eps": 0.19,
            "eps_growth_year": 90,
            "eps_4q": 0.12,
            "eps_4q_growth_year": -87.76,
            "roe": 1.32,
            "roe_4q": 1.0500000000000003,
            "gross_profit": 99691,
            "gross_margin": 17.82,
            "gross_margin_4q_avg": 14.93,
            "net_income": 19124,
            "net_income_4q": null,
            "revenue": 559450,
            "revenue_4q": null,
            "common_shares": 995489,
            "book_valuer_per_share": 14.14,
            "book_valuer_per_share_4q_avg": 14.34,
            "equity": 1435101,
            "current_ratio": 180.5,
            "debt_ratio": 47.35,
            "inventory_turnover_ratio": 1.17,
            "account_receivable_turnover_ratio": 0.64,
            "reinvestment_rate": 57.56,
            "research_to_sale_ratio": 1.64,
            "price_fair": 55.22,
            "eps_avg_yearly": 1.58,
            "eps_latest_yearly": 0.4,
            "eps_growth_yearly": 516.81
        },
        "20183": {
            "year_quarter": 20183,
            "year": 2018,
            "quarter": 3,
            "eps": 1.02,
            "eps_growth_year": 750,
            "eps_4q": 1.02,
            "eps_4q_growth_year": -2.64,
            "roe": 7.09,
            "roe_4q": 7.140000000000001,
            "gross_profit": 208221,
            "gross_margin": 25.15,
            "gross_margin_4q_avg": 17.28,
            "net_income": 103296,
            "net_income_4q": null,
            "revenue": 828013,
            "revenue_4q": null,
            "common_shares": 995489,
            "book_valuer_per_share": 14.56,
            "book_valuer_per_share_4q_avg": 14.39,
            "equity": 1477061,
            "current_ratio": 172.73,
            "debt_ratio": 49.66,
            "inventory_turnover_ratio": 1.69,
            "account_receivable_turnover_ratio": 0.8,
            "reinvestment_rate": 8.46,
            "research_to_sale_ratio": 1.18,
            "price_fair": 63.98,
            "eps_avg_yearly": 1.83,
            "eps_latest_yearly": 4.08,
            "eps_growth_yearly": 639.87
        },
        "20184": {
            "year_quarter": 20184,
            "year": 2018,
            "quarter": 4,
            "eps": 0.74,
            "eps_growth_year": 680.32,
            "eps_4q": 1.67,
            "eps_4q_growth_year": 350.63,
            "roe": 4.91,
            "roe_4q": 11.31,
            "gross_profit": 186739,
            "gross_margin": 23.1,
            "gross_margin_4q_avg": 19.35,
            "net_income": 74785,
            "net_income_4q": null,
            "revenue": 808318,
            "revenue_4q": null,
            "common_shares": 995489,
            "book_valuer_per_share": 15.48,
            "book_valuer_per_share_4q_avg": 14.64,
            "equity": 1570088,
            "current_ratio": 166.74,
            "debt_ratio": 50.07,
            "inventory_turnover_ratio": 2.01,
            "account_receivable_turnover_ratio": 0.66,
            "reinvestment_rate": -34.04,
            "research_to_sale_ratio": 1.33,
            "price_fair": 57.68,
            "eps_avg_yearly": 1.65,
            "eps_latest_yearly": 2.96,
            "eps_growth_yearly": 555.55
        },
        "20191": {
            "year_quarter": 20191,
            "year": 2019,
            "quarter": 1,
            "eps": 0.3,
            "eps_growth_year": null,
            "eps_4q": 2.25,
            "eps_4q_growth_year": null,
            "roe": 1.98,
            "roe_4q": 15.3,
            "gross_profit": 133805,
            "gross_margin": 25.16,
            "gross_margin_4q_avg": 22.81,
            "net_income": 31929,
            "net_income_4q": null,
            "revenue": 531742,
            "revenue_4q": null,
            "common_shares": 995489,
            "book_valuer_per_share": 16.24,
            "book_valuer_per_share_4q_avg": 15.11,
            "equity": 1648056,
            "current_ratio": 172.63,
            "debt_ratio": 47.59,
            "inventory_turnover_ratio": 1.29,
            "account_receivable_turnover_ratio": 0.5,
            "reinvestment_rate": -40.26,
            "research_to_sale_ratio": 1.81,
            "price_fair": 56.42,
            "eps_avg_yearly": 1.61,
            "eps_latest_yearly": 1.2,
            "eps_growth_yearly": 558.66
        },
        "20192": {
            "year_quarter": 20192,
            "year": 2019,
            "quarter": 2,
            "eps": 0.4,
            "eps_growth_year": 110.53,
            "eps_4q": 2.46,
            "eps_4q_growth_year": 1933.99,
            "roe": 2.49,
            "roe_4q": 16.47,
            "gross_profit": 143694,
            "gross_margin": 20.45,
            "gross_margin_4q_avg": 23.47,
            "net_income": 39923,
            "net_income_4q": null,
            "revenue": 702696,
            "revenue_4q": null,
            "common_shares": 995489,
            "book_valuer_per_share": 15.4,
            "book_valuer_per_share_4q_avg": 15.42,
            "equity": 1564556,
            "current_ratio": 143.96,
            "debt_ratio": 49.56,
            "inventory_turnover_ratio": 1.77,
            "account_receivable_turnover_ratio": 0.74,
            "reinvestment_rate": -37.62,
            "research_to_sale_ratio": 1.42,
            "price_fair": 54.88,
            "eps_avg_yearly": 1.57,
            "eps_latest_yearly": 1.6,
            "eps_growth_yearly": 559.69
        },
        "20193": {
            "year_quarter": 20193,
            "year": 2019,
            "quarter": 3,
            "eps": 0.22,
            "eps_growth_year": -78.43,
            "eps_4q": 1.66,
            "eps_4q_growth_year": 62.62,
            "roe": 1.43,
            "roe_4q": 10.81,
            "gross_profit": 99290,
            "gross_margin": 15.17,
            "gross_margin_4q_avg": 20.97,
            "net_income": 21799,
            "net_income_4q": null,
            "revenue": 654689,
            "revenue_4q": null,
            "common_shares": 995489,
            "book_valuer_per_share": 14.84,
            "book_valuer_per_share_4q_avg": 15.49,
            "equity": 1477330,
            "current_ratio": 139,
            "debt_ratio": 51.84,
            "inventory_turnover_ratio": 2.1,
            "account_receivable_turnover_ratio": 0.7,
            "reinvestment_rate": -74.95,
            "research_to_sale_ratio": 1.34,
            "price_fair": 54.88,
            "eps_avg_yearly": 1.57,
            "eps_latest_yearly": 0.88,
            "eps_growth_yearly": 564.43
        },
        "20194": {
            "year_quarter": 20194,
            "year": 2019,
            "quarter": 4,
            "eps": -0.75,
            "eps_growth_year": -200.56,
            "eps_4q": 0.17,
            "eps_4q_growth_year": -89.57,
            "roe": -5.2,
            "roe_4q": 0.6999999999999997,
            "gross_profit": 54821,
            "gross_margin": 11.7,
            "gross_margin_4q_avg": 18.12,
            "net_income": -74257,
            "net_income_4q": null,
            "revenue": 468619,
            "revenue_4q": null,
            "common_shares": 995489,
            "book_valuer_per_share": 13.87,
            "book_valuer_per_share_4q_avg": 15.09,
            "equity": 1380423,
            "current_ratio": 146.92,
            "debt_ratio": 49.19,
            "inventory_turnover_ratio": 1.77,
            "account_receivable_turnover_ratio": 0.65,
            "reinvestment_rate": -122.41,
            "research_to_sale_ratio": 1.76,
            "price_fair": 54.88,
            "eps_avg_yearly": 1.57,
            "eps_latest_yearly": 0.88,
            "eps_growth_yearly": 564.43
        },
        "20201": {
            "year_quarter": 20201,
            "year": 2020,
            "quarter": 1,
            "eps": 0.09,
            "eps_growth_year": -70,
            "eps_4q": -0.03,
            "eps_4q_growth_year": -101.5,
            "roe": 0.68,
            "roe_4q": -0.6000000000000005,
            "gross_profit": 28887,
            "gross_margin": 12.07,
            "gross_margin_4q_avg": 14.85,
            "net_income": 9318,
            "net_income_4q": null,
            "revenue": 239348,
            "revenue_4q": null,
            "common_shares": 995489,
            "book_valuer_per_share": 13.57,
            "book_valuer_per_share_4q_avg": 14.42,
            "equity": 1350567,
            "current_ratio": 150.89,
            "debt_ratio": 47.75,
            "inventory_turnover_ratio": 0.9,
            "account_receivable_turnover_ratio": 0.47,
            "reinvestment_rate": -109.15,
            "research_to_sale_ratio": 1.49,
            "price_fair": 54.88,
            "eps_avg_yearly": 1.57,
            "eps_latest_yearly": 0.88,
            "eps_growth_yearly": 564.43
        },
        "20202": {
            "year_quarter": 20202,
            "year": 2020,
            "quarter": 2,
            "eps": 0.37,
            "eps_growth_year": -7.5,
            "eps_4q": -0.07,
            "eps_4q_growth_year": -102.83,
            "roe": 2.73,
            "roe_4q": -0.3600000000000001,
            "gross_profit": 81825,
            "gross_margin": 21.81,
            "gross_margin_4q_avg": 15.19,
            "net_income": 36250,
            "net_income_4q": null,
            "revenue": 375139,
            "revenue_4q": null,
            "common_shares": 995489,
            "book_valuer_per_share": 13.11,
            "book_valuer_per_share_4q_avg": 13.85,
            "equity": 1305369,
            "current_ratio": 147.24,
            "debt_ratio": 49.72,
            "inventory_turnover_ratio": 1.25,
            "account_receivable_turnover_ratio": 0.75,
            "reinvestment_rate": -63.43,
            "research_to_sale_ratio": 1.07,
            "price_fair": 54.6,
            "eps_avg_yearly": 1.56,
            "eps_latest_yearly": 1.48,
            "eps_growth_yearly": 626.25
        },
        "20203": {
            "year_quarter": 20203,
            "year": 2020,
            "quarter": 3,
            "eps": 0.36,
            "eps_growth_year": 63.64,
            "eps_4q": 0.07,
            "eps_4q_growth_year": -95.94,
            "roe": 2.65,
            "roe_4q": 0.8599999999999994,
            "gross_profit": 131535,
            "gross_margin": 25.35,
            "gross_margin_4q_avg": 17.73,
            "net_income": 35398,
            "net_income_4q": null,
            "revenue": 518946,
            "revenue_4q": null,
            "common_shares": 995489,
            "book_valuer_per_share": 13.75,
            "book_valuer_per_share_4q_avg": 13.58,
            "equity": 1368994,
            "current_ratio": 147.36,
            "debt_ratio": 54.98,
            "inventory_turnover_ratio": 1.58,
            "account_receivable_turnover_ratio": 0.77,
            "reinvestment_rate": 15.06,
            "research_to_sale_ratio": 1.59,
            "price_fair": 54.25,
            "eps_avg_yearly": 1.55,
            "eps_latest_yearly": 1.44,
            "eps_growth_yearly": 573.16
        },
        "20204": {
            "year_quarter": 20204,
            "year": 2020,
            "quarter": 4,
            "eps": -0.2,
            "eps_growth_year": null,
            "eps_4q": 0.61,
            "eps_4q_growth_year": 252.81,
            "roe": -1.44,
            "roe_4q": 4.62,
            "gross_profit": 133677,
            "gross_margin": 24.06,
            "gross_margin_4q_avg": 20.82,
            "net_income": -19845,
            "net_income_4q": null,
            "revenue": 555613,
            "revenue_4q": null,
            "common_shares": 995489,
            "book_valuer_per_share": 13.97,
            "book_valuer_per_share_4q_avg": 13.6,
            "equity": 1390648,
            "current_ratio": 156.17,
            "debt_ratio": 53.94,
            "inventory_turnover_ratio": 1.72,
            "account_receivable_turnover_ratio": 0.66,
            "reinvestment_rate": 15.8,
            "research_to_sale_ratio": 1.41,
            "price_fair": 49.38,
            "eps_avg_yearly": 1.41,
            "eps_latest_yearly": 1.44,
            "eps_growth_yearly": 194.97
        },
        "20211": {
            "year_quarter": 20211,
            "year": 2021,
            "quarter": 1,
            "eps": 0.03,
            "eps_growth_year": -66.67,
            "eps_4q": 0.55,
            "eps_4q_growth_year": null,
            "roe": 0.19,
            "roe_4q": 4.13,
            "gross_profit": 45579,
            "gross_margin": 16.32,
            "gross_margin_4q_avg": 21.89,
            "net_income": 2608,
            "net_income_4q": null,
            "revenue": 279354,
            "revenue_4q": null,
            "common_shares": 995489,
            "book_valuer_per_share": 13.87,
            "book_valuer_per_share_4q_avg": 13.68,
            "equity": 1380825,
            "current_ratio": 162.59,
            "debt_ratio": 50.71,
            "inventory_turnover_ratio": 0.93,
            "account_receivable_turnover_ratio": 0.37,
            "reinvestment_rate": 20.16,
            "research_to_sale_ratio": 2.78,
            "price_fair": 52.22,
            "eps_avg_yearly": 1.49,
            "eps_latest_yearly": 1.44,
            "eps_growth_yearly": 246.67
        },
        "20212": {
            "year_quarter": 20212,
            "year": 2021,
            "quarter": 2,
            "eps": 0.05,
            "eps_growth_year": -86.49,
            "eps_4q": 0.23,
            "eps_4q_growth_year": null,
            "roe": 0.33,
            "roe_4q": 1.73,
            "gross_profit": 64758,
            "gross_margin": 19.03,
            "gross_margin_4q_avg": 21.19,
            "net_income": 4494,
            "net_income_4q": null,
            "revenue": 340214,
            "revenue_4q": null,
            "common_shares": 995489,
            "book_valuer_per_share": 13.78,
            "book_valuer_per_share_4q_avg": 13.84,
            "equity": 1372259,
            "current_ratio": 158.77,
            "debt_ratio": 50.73,
            "inventory_turnover_ratio": 0.94,
            "account_receivable_turnover_ratio": 0.59,
            "reinvestment_rate": 29.24,
            "research_to_sale_ratio": 2.61,
            "price_fair": 51.52,
            "eps_avg_yearly": 1.47,
            "eps_latest_yearly": 0.2,
            "eps_growth_yearly": 286.67
        },
        "20213": {
            "year_quarter": 20213,
            "year": 2021,
            "quarter": 3,
            "eps": 0.36,
            "eps_growth_year": 0,
            "eps_4q": 0.24,
            "eps_4q_growth_year": 251.33,
            "roe": 2.63,
            "roe_4q": 1.71,
            "gross_profit": 112658,
            "gross_margin": 20.86,
            "gross_margin_4q_avg": 20.07,
            "net_income": 36314,
            "net_income_4q": null,
            "revenue": 540084,
            "revenue_4q": null,
            "common_shares": 995489,
            "book_valuer_per_share": 13.93,
            "book_valuer_per_share_4q_avg": 13.89,
            "equity": 1386611,
            "current_ratio": 150.22,
            "debt_ratio": 55.18,
            "inventory_turnover_ratio": 1.33,
            "account_receivable_turnover_ratio": 0.78,
            "reinvestment_rate": 20.98,
            "research_to_sale_ratio": 1.32,
            "price_fair": 54.88,
            "eps_avg_yearly": 1.57,
            "eps_latest_yearly": 1.44,
            "eps_growth_yearly": 526.67
        },
        "20214": {
            "year_quarter": 20214,
            "year": 2021,
            "quarter": 4,
            "eps": 0.33,
            "eps_growth_year": null,
            "eps_4q": 0.77,
            "eps_4q_growth_year": 25.53,
            "roe": 2.36,
            "roe_4q": 5.510000000000001,
            "gross_profit": 119675,
            "gross_margin": 21.45,
            "gross_margin_4q_avg": 19.42,
            "net_income": 33312,
            "net_income_4q": null,
            "revenue": 557999,
            "revenue_4q": null,
            "common_shares": 995489,
            "book_valuer_per_share": 14.41,
            "book_valuer_per_share_4q_avg": 14,
            "equity": 1434296,
            "current_ratio": 154.19,
            "debt_ratio": 53.54,
            "inventory_turnover_ratio": 1.48,
            "account_receivable_turnover_ratio": 0.65,
            "reinvestment_rate": 22.2,
            "research_to_sale_ratio": 1.37,
            "price_fair": 58.1,
            "eps_avg_yearly": 1.66,
            "eps_latest_yearly": 1.32,
            "eps_growth_yearly": 530
        },
        "20221": {
            "year_quarter": 20221,
            "year": 2022,
            "quarter": 1,
            "eps": -0.38,
            "eps_growth_year": -1366.67,
            "eps_4q": 0.36,
            "eps_4q_growth_year": -34.21,
            "roe": -2.65,
            "roe_4q": 2.67,
            "gross_profit": 16174,
            "gross_margin": 5.68,
            "gross_margin_4q_avg": 16.76,
            "net_income": -38322,
            "net_income_4q": null,
            "revenue": 284868,
            "revenue_4q": null,
            "common_shares": 995489,
            "book_valuer_per_share": 14.64,
            "book_valuer_per_share_4q_avg": 14.19,
            "equity": 1457531,
            "current_ratio": 156.31,
            "debt_ratio": 52.09,
            "inventory_turnover_ratio": 0.96,
            "account_receivable_turnover_ratio": 0.39,
            "reinvestment_rate": 21.92,
            "research_to_sale_ratio": 4.04,
            "price_fair": 58.1,
            "eps_avg_yearly": 1.66,
            "eps_latest_yearly": 1.32,
            "eps_growth_yearly": 530
        },
        "20222": {
            "year_quarter": 20222,
            "year": 2022,
            "quarter": 2,
            "eps": 0.33,
            "eps_growth_year": 560,
            "eps_4q": 0.64,
            "eps_4q_growth_year": 182.66,
            "roe": 2.28,
            "roe_4q": 4.619999999999999,
            "gross_profit": 76896,
            "gross_margin": 19.29,
            "gross_margin_4q_avg": 16.82,
            "net_income": 32733,
            "net_income_4q": null,
            "revenue": 398701,
            "revenue_4q": null,
            "common_shares": 995489,
            "book_valuer_per_share": 14.24,
            "book_valuer_per_share_4q_avg": 14.31,
            "equity": 1417451,
            "current_ratio": 153.47,
            "debt_ratio": 52.93,
            "inventory_turnover_ratio": 1.05,
            "account_receivable_turnover_ratio": 0.68,
            "reinvestment_rate": 22.08,
            "research_to_sale_ratio": 2.89,
            "price_fair": 58.1,
            "eps_avg_yearly": 1.66,
            "eps_latest_yearly": 1.32,
            "eps_growth_yearly": 530
        },
        "20223": {
            "year_quarter": 20223,
            "year": 2022,
            "quarter": 3,
            "eps": 0.78,
            "eps_growth_year": 116.67,
            "eps_4q": 1.06,
            "eps_4q_growth_year": 346.15,
            "roe": 5.29,
            "roe_4q": 7.279999999999999,
            "gross_profit": 139990,
            "gross_margin": 25.57,
            "gross_margin_4q_avg": 18,
            "net_income": 77439,
            "net_income_4q": null,
            "revenue": 547572,
            "revenue_4q": null,
            "common_shares": 995489,
            "book_valuer_per_share": 15.17,
            "book_valuer_per_share_4q_avg": 14.62,
            "equity": 1510306,
            "current_ratio": 155.65,
            "debt_ratio": 52.48,
            "inventory_turnover_ratio": 1.32,
            "account_receivable_turnover_ratio": 0.74,
            "reinvestment_rate": 34.5,
            "research_to_sale_ratio": 2.53,
            "price_fair": 54.74,
            "eps_avg_yearly": 1.56,
            "eps_latest_yearly": 3.12,
            "eps_growth_yearly": 409.81
        },
        "20224": {
            "year_quarter": 20224,
            "year": 2022,
            "quarter": 4,
            "eps": 0.45,
            "eps_growth_year": 34.21,
            "eps_4q": 1.17,
            "eps_4q_growth_year": 51.91,
            "roe": 2.91,
            "roe_4q": 7.829999999999998,
            "gross_profit": 157861,
            "gross_margin": 28,
            "gross_margin_4q_avg": 19.64,
            "net_income": 44708,
            "net_income_4q": null,
            "revenue": 563732,
            "revenue_4q": null,
            "common_shares": 995489,
            "book_valuer_per_share": 15.69,
            "book_valuer_per_share_4q_avg": 14.94,
            "equity": 1561756,
            "current_ratio": 208.98,
            "debt_ratio": 49.74,
            "inventory_turnover_ratio": 1.6,
            "account_receivable_turnover_ratio": 0.65,
            "reinvestment_rate": 36.14,
            "research_to_sale_ratio": 2.32,
            "price_fair": 50.68,
            "eps_avg_yearly": 1.45,
            "eps_latest_yearly": 1.8,
            "eps_growth_yearly": 403.87
        },
        "20231": {
            "year_quarter": 20231,
            "year": 2023,
            "quarter": 1,
            "eps": 0.09,
            "eps_growth_year": null,
            "eps_4q": 1.64,
            "eps_4q_growth_year": 356.54,
            "roe": 0.59,
            "roe_4q": 11.069999999999999,
            "gross_profit": 77395,
            "gross_margin": 21.17,
            "gross_margin_4q_avg": 23.51,
            "net_income": 9288,
            "net_income_4q": null,
            "revenue": 365516,
            "revenue_4q": null,
            "common_shares": 999961,
            "book_valuer_per_share": 15.88,
            "book_valuer_per_share_4q_avg": 15.25,
            "equity": 1588179,
            "current_ratio": 205.6,
            "debt_ratio": 49.47,
            "inventory_turnover_ratio": 1.34,
            "account_receivable_turnover_ratio": 0.48,
            "reinvestment_rate": 29.06,
            "research_to_sale_ratio": 3.58,
            "price_fair": 47.74,
            "eps_avg_yearly": 1.36,
            "eps_latest_yearly": 0.36,
            "eps_growth_yearly": 395.65
        },
        "20232": {
            "year_quarter": 20232,
            "year": 2023,
            "quarter": 2,
            "eps": 0.42,
            "eps_growth_year": 27.27,
            "eps_4q": 1.65,
            "eps_4q_growth_year": 157.14,
            "roe": 2.69,
            "roe_4q": 11.48,
            "gross_profit": 113150,
            "gross_margin": 23.85,
            "gross_margin_4q_avg": 24.65,
            "net_income": 43043,
            "net_income_4q": null,
            "revenue": 474358,
            "revenue_4q": null,
            "common_shares": 1054801,
            "book_valuer_per_share": 15.31,
            "book_valuer_per_share_4q_avg": 15.51,
            "equity": 1615060,
            "current_ratio": 192.54,
            "debt_ratio": 48.03,
            "inventory_turnover_ratio": 1.75,
            "account_receivable_turnover_ratio": 0.7,
            "reinvestment_rate": 8.48,
            "research_to_sale_ratio": 2.83,
            "price_fair": 48.02,
            "eps_avg_yearly": 1.37,
            "eps_latest_yearly": 1.68,
            "eps_growth_yearly": 528.99
        },
        "20233": {
            "year_quarter": 20233,
            "year": 2023,
            "quarter": 3,
            "eps": 0.56,
            "eps_growth_year": -28.21,
            "eps_4q": 1.46,
            "eps_4q_growth_year": 38.27,
            "roe": 3.55,
            "roe_4q": 9.74,
            "gross_profit": 150914,
            "gross_margin": 30.35,
            "gross_margin_4q_avg": 25.84,
            "net_income": 60092,
            "net_income_4q": null,
            "revenue": 497294,
            "revenue_4q": null,
            "common_shares": 1075785,
            "book_valuer_per_share": 16.49,
            "book_valuer_per_share_4q_avg": 15.84,
            "equity": 1773988,
            "current_ratio": 202.75,
            "debt_ratio": 46.37,
            "inventory_turnover_ratio": 1.74,
            "account_receivable_turnover_ratio": 0.67,
            "reinvestment_rate": 23.08,
            "research_to_sale_ratio": 2.49,
            "price_fair": 52.78,
            "eps_avg_yearly": 1.51,
            "eps_latest_yearly": 2.24,
            "eps_growth_yearly": 560.32
        }
    },
    "months": {
        "2004-04": {
            "month": "2004-04",
            "price": "40.00",
            "revenue": 76976
        },
        "2004-05": {
            "month": "2004-05",
            "price": "42.34",
            "revenue": 69443
        },
        "2004-06": {
            "month": "2004-06",
            "price": "36.00",
            "revenue": 61335
        },
        "2004-07": {
            "month": "2004-07",
            "price": "39.00",
            "revenue": 127297
        },
        "2004-08": {
            "month": "2004-08",
            "price": "30.71",
            "revenue": 76691
        },
        "2004-09": {
            "month": "2004-09",
            "price": "29.41",
            "revenue": 73147
        },
        "2004-10": {
            "month": "2004-10",
            "price": "25.00",
            "revenue": 61598
        },
        "2004-11": {
            "month": "2004-11",
            "price": "26.68",
            "revenue": 92555
        },
        "2004-12": {
            "month": "2004-12",
            "price": "23.89",
            "revenue": 51764
        },
        "2005-01": {
            "month": "2005-01",
            "price": "20.62",
            "revenue": 42155
        },
        "2005-02": {
            "month": "2005-02",
            "price": "20.10",
            "revenue": 43179
        },
        "2005-03": {
            "month": "2005-03",
            "price": "20.62",
            "revenue": 53767
        },
        "2005-04": {
            "month": "2005-04",
            "price": "21.59",
            "revenue": 63464
        },
        "2005-05": {
            "month": "2005-05",
            "price": "18.44",
            "revenue": 36355
        },
        "2005-06": {
            "month": "2005-06",
            "price": "16.13",
            "revenue": 36207
        },
        "2005-07": {
            "month": "2005-07",
            "price": "14.97",
            "revenue": 46537
        },
        "2005-08": {
            "month": "2005-08",
            "price": "12.41",
            "revenue": 49063
        },
        "2005-09": {
            "month": "2005-09",
            "price": "11.10",
            "revenue": 110531
        },
        "2005-10": {
            "month": "2005-10",
            "price": "10.11",
            "revenue": 103830
        },
        "2005-11": {
            "month": "2005-11",
            "price": "7.83",
            "revenue": 147950
        },
        "2005-12": {
            "month": "2005-12",
            "price": "8.45",
            "revenue": 123364
        },
        "2006-01": {
            "month": "2006-01",
            "price": "8.64",
            "revenue": 73728
        },
        "2006-02": {
            "month": "2006-02",
            "price": "7.63",
            "revenue": 73811
        },
        "2006-03": {
            "month": "2006-03",
            "price": "8.55",
            "revenue": 111070
        },
        "2006-04": {
            "month": "2006-04",
            "price": "9.77",
            "revenue": 110543
        },
        "2006-05": {
            "month": "2006-05",
            "price": "9.66",
            "revenue": 93409
        },
        "2006-06": {
            "month": "2006-06",
            "price": "9.26",
            "revenue": 72904
        },
        "2006-07": {
            "month": "2006-07",
            "price": "8.58",
            "revenue": 82422
        },
        "2006-08": {
            "month": "2006-08",
            "price": "7.50",
            "revenue": 107736
        },
        "2006-09": {
            "month": "2006-09",
            "price": "6.28",
            "revenue": 99279
        },
        "2006-10": {
            "month": "2006-10",
            "price": "6.07",
            "revenue": 104681
        },
        "2006-11": {
            "month": "2006-11",
            "price": "5.98",
            "revenue": 116599
        },
        "2006-12": {
            "month": "2006-12",
            "price": "6.81",
            "revenue": 104387
        },
        "2007-01": {
            "month": "2007-01",
            "price": "6.87",
            "revenue": 104158
        },
        "2007-02": {
            "month": "2007-02",
            "price": "6.81",
            "revenue": 77833
        },
        "2007-03": {
            "month": "2007-03",
            "price": "7.58",
            "revenue": 107700
        },
        "2007-04": {
            "month": "2007-04",
            "price": "8.17",
            "revenue": 107864
        },
        "2007-05": {
            "month": "2007-05",
            "price": "9.08",
            "revenue": 108876
        },
        "2007-06": {
            "month": "2007-06",
            "price": "9.64",
            "revenue": 104181
        },
        "2007-07": {
            "month": "2007-07",
            "price": "9.47",
            "revenue": 107712
        },
        "2007-08": {
            "month": "2007-08",
            "price": "8.12",
            "revenue": 121692
        },
        "2007-09": {
            "month": "2007-09",
            "price": "8.03",
            "revenue": 137327
        },
        "2007-10": {
            "month": "2007-10",
            "price": "7.72",
            "revenue": 151828
        },
        "2007-11": {
            "month": "2007-11",
            "price": "7.26",
            "revenue": 149174
        },
        "2007-12": {
            "month": "2007-12",
            "price": "7.43",
            "revenue": 119173
        },
        "2008-01": {
            "month": "2008-01",
            "price": "7.79",
            "revenue": 110455
        },
        "2008-02": {
            "month": "2008-02",
            "price": "8.14",
            "revenue": 83141
        },
        "2008-03": {
            "month": "2008-03",
            "price": "8.51",
            "revenue": 12578
        },
        "2008-04": {
            "month": "2008-04",
            "price": "8.85",
            "revenue": 101912
        },
        "2008-05": {
            "month": "2008-05",
            "price": "10.86",
            "revenue": 102971
        },
        "2008-06": {
            "month": "2008-06",
            "price": "9.59",
            "revenue": 93398
        },
        "2008-07": {
            "month": "2008-07",
            "price": "8.03",
            "revenue": 128402
        },
        "2008-08": {
            "month": "2008-08",
            "price": "8.46",
            "revenue": 150113
        },
        "2008-09": {
            "month": "2008-09",
            "price": "9.53",
            "revenue": 188137
        },
        "2008-10": {
            "month": "2008-10",
            "price": "9.55",
            "revenue": 165206
        },
        "2008-11": {
            "month": "2008-11",
            "price": "8.37",
            "revenue": 119180
        },
        "2008-12": {
            "month": "2008-12",
            "price": "7.32",
            "revenue": 83732
        },
        "2009-01": {
            "month": "2009-01",
            "price": "6.75",
            "revenue": 79935
        },
        "2009-02": {
            "month": "2009-02",
            "price": "6.58",
            "revenue": 90190
        },
        "2009-03": {
            "month": "2009-03",
            "price": "7.48",
            "revenue": 101618
        },
        "2009-04": {
            "month": "2009-04",
            "price": "8.08",
            "revenue": 85059
        },
        "2009-05": {
            "month": "2009-05",
            "price": "7.94",
            "revenue": 84974
        },
        "2009-06": {
            "month": "2009-06",
            "price": "7.92",
            "revenue": 99851
        },
        "2009-07": {
            "month": "2009-07",
            "price": "7.76",
            "revenue": 100339
        },
        "2009-08": {
            "month": "2009-08",
            "price": "8.38",
            "revenue": 125477
        },
        "2009-09": {
            "month": "2009-09",
            "price": "8.03",
            "revenue": 122170
        },
        "2009-10": {
            "month": "2009-10",
            "price": "9.28",
            "revenue": 157143
        },
        "2009-11": {
            "month": "2009-11",
            "price": "9.07",
            "revenue": 107397
        },
        "2009-12": {
            "month": "2009-12",
            "price": "9.40",
            "revenue": 108513
        },
        "2010-01": {
            "month": "2010-01",
            "price": "10.48",
            "revenue": 106026
        },
        "2010-02": {
            "month": "2010-02",
            "price": "9.50",
            "revenue": 107404
        },
        "2010-03": {
            "month": "2010-03",
            "price": "12.07",
            "revenue": 167498
        },
        "2010-04": {
            "month": "2010-04",
            "price": "15.45",
            "revenue": 170672
        },
        "2010-05": {
            "month": "2010-05",
            "price": "18.56",
            "revenue": 142217
        },
        "2010-06": {
            "month": "2010-06",
            "price": "18.30",
            "revenue": 125078
        },
        "2010-07": {
            "month": "2010-07",
            "price": "17.98",
            "revenue": 138658
        },
        "2010-08": {
            "month": "2010-08",
            "price": "19.08",
            "revenue": 158228
        },
        "2010-09": {
            "month": "2010-09",
            "price": "20.15",
            "revenue": 166317
        },
        "2010-10": {
            "month": "2010-10",
            "price": "19.63",
            "revenue": 160918
        },
        "2010-11": {
            "month": "2010-11",
            "price": "19.08",
            "revenue": 142257
        },
        "2010-12": {
            "month": "2010-12",
            "price": "24.20",
            "revenue": 100932
        },
        "2011-01": {
            "month": "2011-01",
            "price": "23.28",
            "revenue": 153478
        },
        "2011-02": {
            "month": "2011-02",
            "price": "23.76",
            "revenue": 103378
        },
        "2011-03": {
            "month": "2011-03",
            "price": "23.93",
            "revenue": 266917
        },
        "2011-04": {
            "month": "2011-04",
            "price": "26.05",
            "revenue": 190086
        },
        "2011-05": {
            "month": "2011-05",
            "price": "26.36",
            "revenue": 212272
        },
        "2011-06": {
            "month": "2011-06",
            "price": "30.73",
            "revenue": 186722
        },
        "2011-07": {
            "month": "2011-07",
            "price": "31.60",
            "revenue": 207394
        },
        "2011-08": {
            "month": "2011-08",
            "price": "29.20",
            "revenue": 217808
        },
        "2011-09": {
            "month": "2011-09",
            "price": "25.64",
            "revenue": 242347
        },
        "2011-10": {
            "month": "2011-10",
            "price": "23.23",
            "revenue": 215103
        },
        "2011-11": {
            "month": "2011-11",
            "price": "20.88",
            "revenue": 130965
        },
        "2011-12": {
            "month": "2011-12",
            "price": "16.16",
            "revenue": 129343
        },
        "2012-01": {
            "month": "2012-01",
            "price": "15.88",
            "revenue": 102994
        },
        "2012-02": {
            "month": "2012-02",
            "price": "19.88",
            "revenue": 167686
        },
        "2012-03": {
            "month": "2012-03",
            "price": "21.44",
            "revenue": 192504
        },
        "2012-04": {
            "month": "2012-04",
            "price": "17.68",
            "revenue": 197031
        },
        "2012-05": {
            "month": "2012-05",
            "price": "15.18",
            "revenue": 160481
        },
        "2012-06": {
            "month": "2012-06",
            "price": "13.86",
            "revenue": 150755
        },
        "2012-07": {
            "month": "2012-07",
            "price": "13.09",
            "revenue": 163077
        },
        "2012-08": {
            "month": "2012-08",
            "price": "12.83",
            "revenue": 185176
        },
        "2012-09": {
            "month": "2012-09",
            "price": "10.82",
            "revenue": 182321
        },
        "2012-10": {
            "month": "2012-10",
            "price": "10.72",
            "revenue": 158509
        },
        "2012-11": {
            "month": "2012-11",
            "price": "10.21",
            "revenue": 156507
        },
        "2012-12": {
            "month": "2012-12",
            "price": "11.26",
            "revenue": 144898
        },
        "2013-01": {
            "month": "2013-01",
            "price": "13.64",
            "revenue": 150275
        },
        "2013-02": {
            "month": "2013-02",
            "price": "13.15",
            "revenue": 175056
        },
        "2013-03": {
            "month": "2013-03",
            "price": "18.08",
            "revenue": 223854
        },
        "2013-04": {
            "month": "2013-04",
            "price": "22.41",
            "revenue": 197125
        },
        "2013-05": {
            "month": "2013-05",
            "price": "21.61",
            "revenue": 150786
        },
        "2013-06": {
            "month": "2013-06",
            "price": "22.88",
            "revenue": 128400
        },
        "2013-07": {
            "month": "2013-07",
            "price": "22.84",
            "revenue": 196477
        },
        "2013-08": {
            "month": "2013-08",
            "price": "23.41",
            "revenue": 228812
        },
        "2013-09": {
            "month": "2013-09",
            "price": "24.58",
            "revenue": 391664
        },
        "2013-10": {
            "month": "2013-10",
            "price": "31.90",
            "revenue": 500248
        },
        "2013-11": {
            "month": "2013-11",
            "price": "30.52",
            "revenue": 525341
        },
        "2013-12": {
            "month": "2013-12",
            "price": "31.79",
            "revenue": 384929
        },
        "2014-01": {
            "month": "2014-01",
            "price": "30.78",
            "revenue": 327413
        },
        "2014-02": {
            "month": "2014-02",
            "price": "30.13",
            "revenue": 236100
        },
        "2014-03": {
            "month": "2014-03",
            "price": "31.70",
            "revenue": 303139
        },
        "2014-04": {
            "month": "2014-04",
            "price": "31.49",
            "revenue": 255532
        },
        "2014-05": {
            "month": "2014-05",
            "price": "28.23",
            "revenue": 161006
        },
        "2014-06": {
            "month": "2014-06",
            "price": "26.11",
            "revenue": 243693
        },
        "2014-07": {
            "month": "2014-07",
            "price": "25.17",
            "revenue": 302339
        },
        "2014-08": {
            "month": "2014-08",
            "price": "19.87",
            "revenue": 299544
        },
        "2014-09": {
            "month": "2014-09",
            "price": "18.94",
            "revenue": 274266
        },
        "2014-10": {
            "month": "2014-10",
            "price": "17.97",
            "revenue": 300096
        },
        "2014-11": {
            "month": "2014-11",
            "price": "16.84",
            "revenue": 270249
        },
        "2014-12": {
            "month": "2014-12",
            "price": "16.64",
            "revenue": 286336
        },
        "2015-01": {
            "month": "2015-01",
            "price": "18.90",
            "revenue": 336822
        },
        "2015-02": {
            "month": "2015-02",
            "price": "18.62",
            "revenue": 203162
        },
        "2015-03": {
            "month": "2015-03",
            "price": "20.29",
            "revenue": 233996
        },
        "2015-04": {
            "month": "2015-04",
            "price": "19.68",
            "revenue": 180343
        },
        "2015-05": {
            "month": "2015-05",
            "price": "18.83",
            "revenue": 204276
        },
        "2015-06": {
            "month": "2015-06",
            "price": "18.72",
            "revenue": 212863
        },
        "2015-07": {
            "month": "2015-07",
            "price": "17.28",
            "revenue": 244045
        },
        "2015-08": {
            "month": "2015-08",
            "price": "15.93",
            "revenue": 269189
        },
        "2015-09": {
            "month": "2015-09",
            "price": "15.56",
            "revenue": 230796
        },
        "2015-10": {
            "month": "2015-10",
            "price": "15.95",
            "revenue": 256187
        },
        "2015-11": {
            "month": "2015-11",
            "price": "15.35",
            "revenue": 215434
        },
        "2015-12": {
            "month": "2015-12",
            "price": "14.33",
            "revenue": 159351
        },
        "2016-01": {
            "month": "2016-01",
            "price": "13.47",
            "revenue": 210910
        },
        "2016-02": {
            "month": "2016-02",
            "price": "13.41",
            "revenue": 142371
        },
        "2016-03": {
            "month": "2016-03",
            "price": "14.45",
            "revenue": 178415
        },
        "2016-04": {
            "month": "2016-04",
            "price": "14.09",
            "revenue": 213623
        },
        "2016-05": {
            "month": "2016-05",
            "price": "13.32",
            "revenue": 170885
        },
        "2016-06": {
            "month": "2016-06",
            "price": "13.05",
            "revenue": 188621
        },
        "2016-07": {
            "month": "2016-07",
            "price": "12.42",
            "revenue": 175317
        },
        "2016-08": {
            "month": "2016-08",
            "price": "12.46",
            "revenue": 195684
        },
        "2016-09": {
            "month": "2016-09",
            "price": "12.44",
            "revenue": 253959
        },
        "2016-10": {
            "month": "2016-10",
            "price": "12.98",
            "revenue": 274724
        },
        "2016-11": {
            "month": "2016-11",
            "price": "14.30",
            "revenue": 284687
        },
        "2016-12": {
            "month": "2016-12",
            "price": "15.61",
            "revenue": 256305
        },
        "2017-01": {
            "month": "2017-01",
            "price": "15.76",
            "revenue": 229143
        },
        "2017-02": {
            "month": "2017-02",
            "price": "16.69",
            "revenue": 184088
        },
        "2017-03": {
            "month": "2017-03",
            "price": "16.94",
            "revenue": 224727
        },
        "2017-04": {
            "month": "2017-04",
            "price": "15.84",
            "revenue": 234858
        },
        "2017-05": {
            "month": "2017-05",
            "price": "16.78",
            "revenue": 227025
        },
        "2017-06": {
            "month": "2017-06",
            "price": "16.65",
            "revenue": 204908
        },
        "2017-07": {
            "month": "2017-07",
            "price": "16.57",
            "revenue": 222563
        },
        "2017-08": {
            "month": "2017-08",
            "price": "15.73",
            "revenue": 274693
        },
        "2017-09": {
            "month": "2017-09",
            "price": "16.40",
            "revenue": 276638
        },
        "2017-10": {
            "month": "2017-10",
            "price": "16.19",
            "revenue": 262417
        },
        "2017-11": {
            "month": "2017-11",
            "price": "15.23",
            "revenue": 312857
        },
        "2017-12": {
            "month": "2017-12",
            "price": "14.85",
            "revenue": 321391
        },
        "2018-01": {
            "month": "2018-01",
            "price": "15.74",
            "revenue": 250289
        },
        "2018-02": {
            "month": "2018-02",
            "price": "14.85",
            "revenue": 110872
        },
        "2018-03": {
            "month": "2018-03",
            "price": "14.91",
            "revenue": 139063
        },
        "2018-04": {
            "month": "2018-04",
            "price": "14.74",
            "revenue": 178663
        },
        "2018-05": {
            "month": "2018-05",
            "price": "15.03",
            "revenue": 190827
        },
        "2018-06": {
            "month": "2018-06",
            "price": "16.94",
            "revenue": 189960
        },
        "2018-07": {
            "month": "2018-07",
            "price": "17.73",
            "revenue": 261658
        },
        "2018-08": {
            "month": "2018-08",
            "price": "20.26",
            "revenue": 298581
        },
        "2018-09": {
            "month": "2018-09",
            "price": "20.05",
            "revenue": 267773
        },
        "2018-10": {
            "month": "2018-10",
            "price": "19.22",
            "revenue": 282909
        },
        "2018-11": {
            "month": "2018-11",
            "price": "19.51",
            "revenue": 277340
        },
        "2018-12": {
            "month": "2018-12",
            "price": "18.52",
            "revenue": 258122
        },
        "2019-01": {
            "month": "2019-01",
            "price": "19.01",
            "revenue": 190663
        },
        "2019-02": {
            "month": "2019-02",
            "price": "20.57",
            "revenue": 105185
        },
        "2019-03": {
            "month": "2019-03",
            "price": "21.18",
            "revenue": 235894
        },
        "2019-04": {
            "month": "2019-04",
            "price": "24.05",
            "revenue": 280849
        },
        "2019-05": {
            "month": "2019-05",
            "price": "26.80",
            "revenue": 221158
        },
        "2019-06": {
            "month": "2019-06",
            "price": "25.72",
            "revenue": 200689
        },
        "2019-07": {
            "month": "2019-07",
            "price": "23.83",
            "revenue": 251196
        },
        "2019-08": {
            "month": "2019-08",
            "price": "22.80",
            "revenue": 229833
        },
        "2019-09": {
            "month": "2019-09",
            "price": "21.95",
            "revenue": 173661
        },
        "2019-10": {
            "month": "2019-10",
            "price": "19.27",
            "revenue": 169308
        },
        "2019-11": {
            "month": "2019-11",
            "price": "17.59",
            "revenue": 162845
        },
        "2019-12": {
            "month": "2019-12",
            "price": "16.68",
            "revenue": 136466
        },
        "2020-01": {
            "month": "2020-01",
            "price": "16.25",
            "revenue": 80356
        },
        "2020-02": {
            "month": "2020-02",
            "price": "14.36",
            "revenue": 35949
        },
        "2020-03": {
            "month": "2020-03",
            "price": "12.36",
            "revenue": 123043
        },
        "2020-04": {
            "month": "2020-04",
            "price": "12.72",
            "revenue": 132889
        },
        "2020-05": {
            "month": "2020-05",
            "price": "13.32",
            "revenue": 126766
        },
        "2020-06": {
            "month": "2020-06",
            "price": "13.92",
            "revenue": 115484
        },
        "2020-07": {
            "month": "2020-07",
            "price": "13.99",
            "revenue": 137364
        },
        "2020-08": {
            "month": "2020-08",
            "price": "13.56",
            "revenue": 180620
        },
        "2020-09": {
            "month": "2020-09",
            "price": "14.32",
            "revenue": 200961
        },
        "2020-10": {
            "month": "2020-10",
            "price": "14.89",
            "revenue": 204111
        },
        "2020-11": {
            "month": "2020-11",
            "price": "15.26",
            "revenue": 168839
        },
        "2020-12": {
            "month": "2020-12",
            "price": "16.03",
            "revenue": 182663
        },
        "2021-01": {
            "month": "2021-01",
            "price": "15.04",
            "revenue": 123232
        },
        "2021-02": {
            "month": "2021-02",
            "price": "14.43",
            "revenue": 61917
        },
        "2021-03": {
            "month": "2021-03",
            "price": "14.92",
            "revenue": 94205
        },
        "2021-04": {
            "month": "2021-04",
            "price": "15.02",
            "revenue": 108531
        },
        "2021-05": {
            "month": "2021-05",
            "price": "13.04",
            "revenue": 119530
        },
        "2021-06": {
            "month": "2021-06",
            "price": "12.84",
            "revenue": 112154
        },
        "2021-07": {
            "month": "2021-07",
            "price": "13.23",
            "revenue": 137218
        },
        "2021-08": {
            "month": "2021-08",
            "price": "12.88",
            "revenue": 186225
        },
        "2021-09": {
            "month": "2021-09",
            "price": "12.94",
            "revenue": 216640
        },
        "2021-10": {
            "month": "2021-10",
            "price": "14.64",
            "revenue": 201812
        },
        "2021-11": {
            "month": "2021-11",
            "price": "16.36",
            "revenue": 178567
        },
        "2021-12": {
            "month": "2021-12",
            "price": "22.50",
            "revenue": 177619
        },
        "2022-01": {
            "month": "2022-01",
            "price": "24.06",
            "revenue": 116862
        },
        "2022-02": {
            "month": "2022-02",
            "price": "24.10",
            "revenue": 72221
        },
        "2022-03": {
            "month": "2022-03",
            "price": "20.98",
            "revenue": 95785
        },
        "2022-04": {
            "month": "2022-04",
            "price": "21.59",
            "revenue": 115250
        },
        "2022-05": {
            "month": "2022-05",
            "price": "19.30",
            "revenue": 133022
        },
        "2022-06": {
            "month": "2022-06",
            "price": "21.34",
            "revenue": 150428
        },
        "2022-07": {
            "month": "2022-07",
            "price": "20.05",
            "revenue": 157811
        },
        "2022-08": {
            "month": "2022-08",
            "price": "21.41",
            "revenue": 184060
        },
        "2022-09": {
            "month": "2022-09",
            "price": "20.99",
            "revenue": 205701
        },
        "2022-10": {
            "month": "2022-10",
            "price": "19.89",
            "revenue": 201907
        },
        "2022-11": {
            "month": "2022-11",
            "price": "22.50",
            "revenue": 200468
        },
        "2022-12": {
            "month": "2022-12",
            "price": "22.54",
            "revenue": 161357
        },
        "2023-01": {
            "month": "2023-01",
            "price": "22.03",
            "revenue": 95870
        },
        "2023-02": {
            "month": "2023-02",
            "price": "25.33",
            "revenue": 115840
        },
        "2023-03": {
            "month": "2023-03",
            "price": "27.98",
            "revenue": 153806
        },
        "2023-04": {
            "month": "2023-04",
            "price": "28.55",
            "revenue": 166136
        },
        "2023-05": {
            "month": "2023-05",
            "price": "28.42",
            "revenue": 155249
        },
        "2023-06": {
            "month": "2023-06",
            "price": "26.92",
            "revenue": 152971
        },
        "2023-07": {
            "month": "2023-07",
            "price": "26.28",
            "revenue": 144543
        },
        "2023-08": {
            "month": "2023-08",
            "price": "25.29",
            "revenue": 162915
        },
        "2023-09": {
            "month": "2023-09",
            "price": "25.65",
            "revenue": 189836
        },
        "2023-10": {
            "month": "2023-10",
            "price": "25.86",
            "revenue": 179624
        },
        "2023-11": {
            "month": "2023-11",
            "price": "27.56",
            "revenue": 175477
        },
        "2023-12": {
            "month": "2023-12",
            "price": "27.23",
            "revenue": 169456
        }
    }
}
