{
    "summary": {
        "stock_name": "遠翔科",
        "stock_id": "3291",
        "category": "半導體",
        "main_business": "積體電路設計業<BR>NA<BR>NA",
        "website_url": "",
        "ceo": "傅日浪",
        "pe_ratio": 0,
        "report_year_from": 2003,
        "report_year_to": 2017,
        "age": 20,
        "eps_negative_percentage": 0,
        "eps_growth_avg": {
            "last_all": -7.79,
            "last_2y": -57.44,
            "last_4y": -19.89,
            "last_8y": -7.79,
            "last_12y": null,
            "last_16y": null,
            "last_20y": null,
            "at_2006_last_3y": null,
            "at_2007_last_3y": null,
            "at_2008_last_3y": null,
            "at_2009_last_3y": null,
            "at_2010_last_3y": null,
            "at_2011_last_3y": 7.33,
            "at_2012_last_3y": 22.59,
            "at_2013_last_3y": 27.64,
            "at_2014_last_3y": 4.02,
            "at_2015_last_3y": -16.53,
            "at_2016_last_3y": -31.34,
            "at_2017_last_3y": -31.34,
            "at_2018_last_3y": -31.34,
            "at_2019_last_3y": -31.34,
            "at_2020_last_3y": -31.34,
            "at_2021_last_3y": -31.34,
            "at_2022_last_3y": -31.34,
            "at_2023_last_3y": -31.34,
            "at_2006_last_all": null,
            "at_2007_last_all": null,
            "at_2008_last_all": null,
            "at_2009_last_all": -4.19,
            "at_2010_last_all": 9.77,
            "at_2011_last_all": 7.33,
            "at_2012_last_all": 11.05,
            "at_2013_last_all": 17.03,
            "at_2014_last_all": 6.48,
            "at_2015_last_all": -4.6,
            "at_2016_last_all": -7.79,
            "at_2017_last_all": -7.79,
            "at_2018_last_all": -7.79,
            "at_2019_last_all": -7.79,
            "at_2020_last_all": -7.79,
            "at_2021_last_all": -7.79,
            "at_2022_last_all": -7.79,
            "at_2023_last_all": -7.79
        },
        "latest_eps": 0,
        "latest_price": 14.75,
        "latest_roe": 0,
        "latest_gross_margin": null,
        "latest_equity": null,
        "latest_revenue": null,
        "latest_gross_profit": null,
        "latest_net_income": null,
        "latest_debt_ratio": null,
        "latest_current_ratio": null,
        "latest_account_receivable_turnover_ratio": null,
        "latest_inventory_turnover_ratio": null,
        "latest_reinvestment_rate": null,
        "latest_research_to_sale_ratio": null
    },
    "eps_dividends": {
        "2001": {
            "cash": 0,
            "stock": 0,
            "eps": 0
        },
        "2002": {
            "cash": 0,
            "stock": 0,
            "eps": 0
        },
        "2003": {
            "cash": 0,
            "stock": 0,
            "eps": 0
        },
        "2004": {
            "cash": 0,
            "stock": 0,
            "eps": 0
        },
        "2005": {
            "cash": 0,
            "stock": 0,
            "eps": 0
        },
        "2006": {
            "cash": 0,
            "stock": 0,
            "eps": 0
        },
        "2007": {
            "cash": 0,
            "stock": 0,
            "eps": 2.42
        },
        "2008": {
            "cash": 0,
            "stock": 0,
            "eps": 1.57
        },
        "2009": {
            "cash": 0,
            "stock": 0,
            "eps": 1.99
        },
        "2010": {
            "cash": 0,
            "stock": 0,
            "eps": 2.74
        },
        "2011": {
            "cash": 0,
            "stock": 0,
            "eps": 2.74
        },
        "2012": {
            "cash": 0,
            "stock": 0,
            "eps": 3.45
        },
        "2013": {
            "cash": 0,
            "stock": 0,
            "eps": 5.07
        },
        "2014": {
            "cash": 0,
            "stock": 0,
            "eps": 2.19
        },
        "2015": {
            "cash": 0,
            "stock": 0,
            "eps": 0.39
        },
        "2016": {
            "cash": 0,
            "stock": 0,
            "eps": 0.26
        }
    },
    "dividends": [],
    "prices": {
        "200101": "無",
        "200102": "無",
        "200103": "無",
        "200104": "無",
        "200105": "無",
        "200106": "無",
        "200107": "無",
        "200108": "無",
        "200109": "無",
        "200110": "無",
        "200111": "無",
        "200112": "無",
        "200201": "無",
        "200202": "無",
        "200203": "無",
        "200204": "無",
        "200205": "無",
        "200206": "無",
        "200207": "無",
        "200208": "無",
        "200209": "無",
        "200210": "無",
        "200211": "無",
        "200212": "無",
        "200301": "無",
        "200302": "無",
        "200303": "無",
        "200304": "無",
        "200305": "無",
        "200306": "無",
        "200307": "無",
        "200308": "無",
        "200309": "無",
        "200310": "無",
        "200311": "無",
        "200312": "無",
        "200401": "無",
        "200402": "無",
        "200403": "無",
        "200404": "無",
        "200405": "無",
        "200406": "無",
        "200407": "無",
        "200408": "無",
        "200409": "無",
        "200410": "45.00",
        "200411": "無",
        "200412": "無",
        "200501": "32.01",
        "200502": "無",
        "200503": "無",
        "200504": "無",
        "200505": "27.50",
        "200506": "28.43",
        "200507": "28.06",
        "200508": "30.10",
        "200509": "30.00",
        "200510": "29.98",
        "200511": "31.72",
        "200512": "32.24",
        "200601": "31.47",
        "200602": "33.76",
        "200603": "35.32",
        "200604": "36.08",
        "200605": "38.76",
        "200606": "34.48",
        "200607": "33.28",
        "200608": "27.82",
        "200609": "28.13",
        "200610": "29.57",
        "200611": "29.82",
        "200612": "29.48",
        "200701": "31.15",
        "200702": "38.10",
        "200703": "55.93",
        "200704": "62.71",
        "200705": "65.71",
        "200706": "81.35",
        "200707": "87.06",
        "200708": "76.39",
        "200709": "65.00",
        "200710": "53.22",
        "200711": "47.47",
        "200712": "42.14",
        "200801": "38.94",
        "200802": "39.84",
        "200803": "37.41",
        "200804": "39.10",
        "200805": "49.45",
        "200806": "45.39",
        "200807": "39.40",
        "200808": "37.74",
        "200809": "35.14",
        "200810": "26.03",
        "200811": "19.30",
        "200812": "15.89",
        "200901": "18.10",
        "200902": "31.50",
        "200903": "29.10",
        "200904": "31.55",
        "200905": "34.08",
        "200906": "27.69",
        "200907": "29.10",
        "200908": "30.35",
        "200909": "35.08",
        "200910": "45.66",
        "200911": "47.24",
        "200912": "51.67",
        "201001": "51.00",
        "201002": "44.92",
        "201003": "51.34",
        "201004": "52.55",
        "201005": "53.90",
        "201006": "56.34",
        "201007": "50.70",
        "201008": "46.52",
        "201009": "41.50",
        "201010": "38.22",
        "201011": "36.41",
        "201012": "38.75",
        "201101": "37.74",
        "201102": "35.58",
        "201103": "34.25",
        "201104": "34.77",
        "201105": "38.34",
        "201106": "37.96",
        "201107": "32.81",
        "201108": "27.37",
        "201109": "27.53",
        "201110": "25.70",
        "201111": "26.33",
        "201112": "23.68",
        "201201": "24.63",
        "201202": "29.43",
        "201203": "30.90",
        "201204": "29.28",
        "201205": "28.87",
        "201206": "27.97",
        "201207": "28.76",
        "201208": "30.20",
        "201209": "31.88",
        "201210": "30.72",
        "201211": "30.14",
        "201212": "32.30",
        "201301": "34.42",
        "201302": "39.87",
        "201303": "44.53",
        "201304": "49.43",
        "201305": "57.04",
        "201306": "54.79",
        "201307": "54.60",
        "201308": "59.29",
        "201309": "51.17",
        "201310": "47.27",
        "201311": "48.78",
        "201312": "52.19",
        "201401": "54.04",
        "201402": "50.33",
        "201403": "54.36",
        "201404": "55.30",
        "201405": "51.25",
        "201406": "50.60",
        "201407": "46.50",
        "201408": "37.15",
        "201409": "36.66",
        "201410": "32.44",
        "201411": "29.36",
        "201412": "31.04",
        "201501": "31.24",
        "201502": "29.65",
        "201503": "29.78",
        "201504": "29.68",
        "201505": "25.89",
        "201506": "22.73",
        "201507": "20.99",
        "201508": "17.39",
        "201509": "16.24",
        "201510": "16.55",
        "201511": "16.89",
        "201512": "16.16",
        "201601": "13.06",
        "201602": "12.95",
        "201603": "14.04",
        "201604": "15.69",
        "201605": "13.95",
        "201606": "13.94",
        "201607": "15.31",
        "201608": "15.18",
        "201609": "14.61",
        "201610": "無",
        "201611": "無",
        "201612": "無",
        "201701": "無",
        "201702": "無",
        "201703": "無",
        "201704": "無",
        "201705": "無",
        "201706": "無",
        "201707": "無",
        "201708": "無",
        "201709": "無",
        "201710": "無",
        "201711": "無",
        "201712": "無",
        "201801": "無",
        "201802": "無",
        "201803": "無",
        "201804": "無",
        "201805": "無",
        "201806": "無",
        "201807": "無",
        "201808": "無",
        "201809": "無",
        "201810": "無",
        "201811": "無",
        "201812": "無",
        "201901": "無",
        "201902": "無",
        "201903": "無",
        "201904": "無",
        "201905": "無",
        "201906": "無",
        "201907": "無",
        "201908": "無",
        "201909": "無",
        "201910": "無",
        "201911": "無",
        "201912": "無",
        "202001": "無",
        "202002": "無",
        "202003": "無",
        "202004": "無",
        "202005": "無",
        "202006": "無",
        "202007": "無",
        "202008": "無",
        "202009": "無",
        "202010": "無",
        "202011": "無",
        "202012": "無",
        "202101": "無",
        "202102": "無",
        "202103": "無",
        "202104": "無",
        "202105": "無",
        "202106": "無",
        "202107": "無",
        "202108": "無",
        "202109": "無",
        "202110": "無",
        "202111": "無",
        "202112": "無",
        "202201": "無",
        "202202": "無",
        "202203": "無",
        "202204": "無",
        "202205": "無",
        "202206": "無",
        "202207": "無",
        "202208": "無",
        "202209": "無",
        "202210": "無",
        "202211": "無",
        "202212": "無",
        "202301": "無",
        "202302": "無",
        "202303": "無",
        "202304": "無",
        "202305": "無",
        "202306": "無",
        "202307": "無",
        "202308": "無",
        "202309": "無"
    },
    "quarters": {
        "20011": {
            "year_quarter": 20011,
            "year": 2001,
            "quarter": 1,
            "eps": null,
            "eps_growth_year": null,
            "eps_4q": null,
            "eps_4q_growth_year": null,
            "roe": null,
            "roe_4q": 0,
            "gross_profit": null,
            "gross_margin": null,
            "gross_margin_4q_avg": 0,
            "net_income": null,
            "revenue": null,
            "common_shares": null,
            "book_valuer_per_share": null,
            "book_valuer_per_share_4q_avg": 0,
            "equity": null,
            "current_ratio": null,
            "debt_ratio": null,
            "inventory_turnover_ratio": null,
            "account_receivable_turnover_ratio": null,
            "reinvestment_rate": null,
            "research_to_sale_ratio": null,
            "price_fair": 0,
            "eps_avg_yearly": 0,
            "eps_latest_yearly": 0,
            "eps_growth_yearly": 0
        },
        "20012": {
            "year_quarter": 20012,
            "year": 2001,
            "quarter": 2,
            "eps": null,
            "eps_growth_year": null,
            "eps_4q": null,
            "eps_4q_growth_year": null,
            "roe": null,
            "roe_4q": 0,
            "gross_profit": null,
            "gross_margin": null,
            "gross_margin_4q_avg": 0,
            "net_income": null,
            "revenue": null,
            "common_shares": null,
            "book_valuer_per_share": null,
            "book_valuer_per_share_4q_avg": 0,
            "equity": null,
            "current_ratio": null,
            "debt_ratio": null,
            "inventory_turnover_ratio": null,
            "account_receivable_turnover_ratio": null,
            "reinvestment_rate": null,
            "research_to_sale_ratio": null,
            "price_fair": 0,
            "eps_avg_yearly": 0,
            "eps_latest_yearly": 0,
            "eps_growth_yearly": 0
        },
        "20013": {
            "year_quarter": 20013,
            "year": 2001,
            "quarter": 3,
            "eps": null,
            "eps_growth_year": null,
            "eps_4q": null,
            "eps_4q_growth_year": null,
            "roe": null,
            "roe_4q": 0,
            "gross_profit": null,
            "gross_margin": null,
            "gross_margin_4q_avg": 0,
            "net_income": null,
            "revenue": null,
            "common_shares": null,
            "book_valuer_per_share": null,
            "book_valuer_per_share_4q_avg": 0,
            "equity": null,
            "current_ratio": null,
            "debt_ratio": null,
            "inventory_turnover_ratio": null,
            "account_receivable_turnover_ratio": null,
            "reinvestment_rate": null,
            "research_to_sale_ratio": null,
            "price_fair": 0,
            "eps_avg_yearly": 0,
            "eps_latest_yearly": 0,
            "eps_growth_yearly": 0
        },
        "20014": {
            "year_quarter": 20014,
            "year": 2001,
            "quarter": 4,
            "eps": null,
            "eps_growth_year": null,
            "eps_4q": null,
            "eps_4q_growth_year": null,
            "roe": null,
            "roe_4q": 0,
            "gross_profit": null,
            "gross_margin": null,
            "gross_margin_4q_avg": 0,
            "net_income": null,
            "revenue": null,
            "common_shares": 22000,
            "book_valuer_per_share": 9.42,
            "book_valuer_per_share_4q_avg": 2.36,
            "equity": 20719,
            "current_ratio": 247.59,
            "debt_ratio": 36.86,
            "inventory_turnover_ratio": null,
            "account_receivable_turnover_ratio": null,
            "reinvestment_rate": null,
            "research_to_sale_ratio": null,
            "price_fair": 0,
            "eps_avg_yearly": 0,
            "eps_latest_yearly": 0,
            "eps_growth_yearly": 0
        },
        "20021": {
            "year_quarter": 20021,
            "year": 2002,
            "quarter": 1,
            "eps": null,
            "eps_growth_year": null,
            "eps_4q": null,
            "eps_4q_growth_year": null,
            "roe": null,
            "roe_4q": 0,
            "gross_profit": null,
            "gross_margin": null,
            "gross_margin_4q_avg": 0,
            "net_income": null,
            "revenue": null,
            "common_shares": null,
            "book_valuer_per_share": null,
            "book_valuer_per_share_4q_avg": 2.36,
            "equity": null,
            "current_ratio": null,
            "debt_ratio": null,
            "inventory_turnover_ratio": null,
            "account_receivable_turnover_ratio": null,
            "reinvestment_rate": null,
            "research_to_sale_ratio": null,
            "price_fair": 0,
            "eps_avg_yearly": 0,
            "eps_latest_yearly": 0,
            "eps_growth_yearly": 0
        },
        "20022": {
            "year_quarter": 20022,
            "year": 2002,
            "quarter": 2,
            "eps": null,
            "eps_growth_year": null,
            "eps_4q": null,
            "eps_4q_growth_year": null,
            "roe": null,
            "roe_4q": 0,
            "gross_profit": null,
            "gross_margin": null,
            "gross_margin_4q_avg": 0,
            "net_income": null,
            "revenue": null,
            "common_shares": null,
            "book_valuer_per_share": null,
            "book_valuer_per_share_4q_avg": 2.36,
            "equity": null,
            "current_ratio": null,
            "debt_ratio": null,
            "inventory_turnover_ratio": null,
            "account_receivable_turnover_ratio": null,
            "reinvestment_rate": null,
            "research_to_sale_ratio": null,
            "price_fair": 0,
            "eps_avg_yearly": 0,
            "eps_latest_yearly": 0,
            "eps_growth_yearly": 0
        },
        "20023": {
            "year_quarter": 20023,
            "year": 2002,
            "quarter": 3,
            "eps": null,
            "eps_growth_year": null,
            "eps_4q": null,
            "eps_4q_growth_year": null,
            "roe": null,
            "roe_4q": 0,
            "gross_profit": null,
            "gross_margin": null,
            "gross_margin_4q_avg": 0,
            "net_income": null,
            "revenue": null,
            "common_shares": null,
            "book_valuer_per_share": null,
            "book_valuer_per_share_4q_avg": 2.36,
            "equity": null,
            "current_ratio": null,
            "debt_ratio": null,
            "inventory_turnover_ratio": null,
            "account_receivable_turnover_ratio": null,
            "reinvestment_rate": null,
            "research_to_sale_ratio": null,
            "price_fair": 0,
            "eps_avg_yearly": 0,
            "eps_latest_yearly": 0,
            "eps_growth_yearly": 0
        },
        "20024": {
            "year_quarter": 20024,
            "year": 2002,
            "quarter": 4,
            "eps": null,
            "eps_growth_year": null,
            "eps_4q": null,
            "eps_4q_growth_year": null,
            "roe": null,
            "roe_4q": 0,
            "gross_profit": null,
            "gross_margin": null,
            "gross_margin_4q_avg": 0,
            "net_income": null,
            "revenue": null,
            "common_shares": 50000,
            "book_valuer_per_share": 21.23,
            "book_valuer_per_share_4q_avg": 5.31,
            "equity": 106171,
            "current_ratio": 439.47,
            "debt_ratio": 20.72,
            "inventory_turnover_ratio": null,
            "account_receivable_turnover_ratio": null,
            "reinvestment_rate": null,
            "research_to_sale_ratio": null,
            "price_fair": 0,
            "eps_avg_yearly": 0,
            "eps_latest_yearly": 0,
            "eps_growth_yearly": 0
        },
        "20031": {
            "year_quarter": 20031,
            "year": 2003,
            "quarter": 1,
            "eps": null,
            "eps_growth_year": null,
            "eps_4q": null,
            "eps_4q_growth_year": null,
            "roe": null,
            "roe_4q": 0,
            "gross_profit": null,
            "gross_margin": null,
            "gross_margin_4q_avg": 0,
            "net_income": null,
            "revenue": null,
            "common_shares": null,
            "book_valuer_per_share": null,
            "book_valuer_per_share_4q_avg": 5.31,
            "equity": null,
            "current_ratio": null,
            "debt_ratio": null,
            "inventory_turnover_ratio": null,
            "account_receivable_turnover_ratio": null,
            "reinvestment_rate": null,
            "research_to_sale_ratio": null,
            "price_fair": 0,
            "eps_avg_yearly": 0,
            "eps_latest_yearly": 0,
            "eps_growth_yearly": 0
        },
        "20032": {
            "year_quarter": 20032,
            "year": 2003,
            "quarter": 2,
            "eps": null,
            "eps_growth_year": null,
            "eps_4q": null,
            "eps_4q_growth_year": null,
            "roe": null,
            "roe_4q": 0,
            "gross_profit": null,
            "gross_margin": null,
            "gross_margin_4q_avg": 0,
            "net_income": null,
            "revenue": null,
            "common_shares": null,
            "book_valuer_per_share": null,
            "book_valuer_per_share_4q_avg": 5.31,
            "equity": null,
            "current_ratio": null,
            "debt_ratio": null,
            "inventory_turnover_ratio": null,
            "account_receivable_turnover_ratio": null,
            "reinvestment_rate": null,
            "research_to_sale_ratio": null,
            "price_fair": 0,
            "eps_avg_yearly": 0,
            "eps_latest_yearly": 0,
            "eps_growth_yearly": 0
        },
        "20033": {
            "year_quarter": 20033,
            "year": 2003,
            "quarter": 3,
            "eps": null,
            "eps_growth_year": null,
            "eps_4q": null,
            "eps_4q_growth_year": null,
            "roe": null,
            "roe_4q": 0,
            "gross_profit": null,
            "gross_margin": null,
            "gross_margin_4q_avg": 0,
            "net_income": null,
            "revenue": null,
            "common_shares": null,
            "book_valuer_per_share": null,
            "book_valuer_per_share_4q_avg": 5.31,
            "equity": null,
            "current_ratio": null,
            "debt_ratio": null,
            "inventory_turnover_ratio": null,
            "account_receivable_turnover_ratio": null,
            "reinvestment_rate": null,
            "research_to_sale_ratio": null,
            "price_fair": 0,
            "eps_avg_yearly": 0,
            "eps_latest_yearly": 0,
            "eps_growth_yearly": 0
        },
        "20034": {
            "year_quarter": 20034,
            "year": 2003,
            "quarter": 4,
            "eps": null,
            "eps_growth_year": null,
            "eps_4q": null,
            "eps_4q_growth_year": null,
            "roe": null,
            "roe_4q": 0,
            "gross_profit": null,
            "gross_margin": null,
            "gross_margin_4q_avg": 0,
            "net_income": null,
            "revenue": null,
            "common_shares": 116610,
            "book_valuer_per_share": 18.41,
            "book_valuer_per_share_4q_avg": 4.6,
            "equity": 214641,
            "current_ratio": 523.53,
            "debt_ratio": 17.79,
            "inventory_turnover_ratio": null,
            "account_receivable_turnover_ratio": null,
            "reinvestment_rate": null,
            "research_to_sale_ratio": null,
            "price_fair": 0,
            "eps_avg_yearly": 0,
            "eps_latest_yearly": 0,
            "eps_growth_yearly": 0
        },
        "20041": {
            "year_quarter": 20041,
            "year": 2004,
            "quarter": 1,
            "eps": null,
            "eps_growth_year": null,
            "eps_4q": null,
            "eps_4q_growth_year": null,
            "roe": null,
            "roe_4q": 0,
            "gross_profit": null,
            "gross_margin": null,
            "gross_margin_4q_avg": 0,
            "net_income": null,
            "revenue": null,
            "common_shares": null,
            "book_valuer_per_share": null,
            "book_valuer_per_share_4q_avg": 4.6,
            "equity": null,
            "current_ratio": null,
            "debt_ratio": null,
            "inventory_turnover_ratio": null,
            "account_receivable_turnover_ratio": null,
            "reinvestment_rate": null,
            "research_to_sale_ratio": null,
            "price_fair": 0,
            "eps_avg_yearly": 0,
            "eps_latest_yearly": 0,
            "eps_growth_yearly": 0
        },
        "20042": {
            "year_quarter": 20042,
            "year": 2004,
            "quarter": 2,
            "eps": null,
            "eps_growth_year": null,
            "eps_4q": null,
            "eps_4q_growth_year": null,
            "roe": null,
            "roe_4q": 0,
            "gross_profit": null,
            "gross_margin": null,
            "gross_margin_4q_avg": 0,
            "net_income": null,
            "revenue": null,
            "common_shares": null,
            "book_valuer_per_share": null,
            "book_valuer_per_share_4q_avg": 4.6,
            "equity": null,
            "current_ratio": null,
            "debt_ratio": null,
            "inventory_turnover_ratio": null,
            "account_receivable_turnover_ratio": null,
            "reinvestment_rate": null,
            "research_to_sale_ratio": null,
            "price_fair": 0,
            "eps_avg_yearly": 0,
            "eps_latest_yearly": 0,
            "eps_growth_yearly": 0
        },
        "20043": {
            "year_quarter": 20043,
            "year": 2004,
            "quarter": 3,
            "eps": null,
            "eps_growth_year": null,
            "eps_4q": null,
            "eps_4q_growth_year": null,
            "roe": null,
            "roe_4q": 0,
            "gross_profit": null,
            "gross_margin": null,
            "gross_margin_4q_avg": 0,
            "net_income": null,
            "revenue": null,
            "common_shares": null,
            "book_valuer_per_share": null,
            "book_valuer_per_share_4q_avg": 4.6,
            "equity": null,
            "current_ratio": null,
            "debt_ratio": null,
            "inventory_turnover_ratio": null,
            "account_receivable_turnover_ratio": null,
            "reinvestment_rate": null,
            "research_to_sale_ratio": null,
            "price_fair": 0,
            "eps_avg_yearly": 0,
            "eps_latest_yearly": 0,
            "eps_growth_yearly": 0
        },
        "20044": {
            "year_quarter": 20044,
            "year": 2004,
            "quarter": 4,
            "eps": null,
            "eps_growth_year": null,
            "eps_4q": null,
            "eps_4q_growth_year": null,
            "roe": null,
            "roe_4q": 0,
            "gross_profit": null,
            "gross_margin": null,
            "gross_margin_4q_avg": 0,
            "net_income": null,
            "revenue": null,
            "common_shares": 174194,
            "book_valuer_per_share": 14.01,
            "book_valuer_per_share_4q_avg": 3.5,
            "equity": 244036,
            "current_ratio": 434.03,
            "debt_ratio": 21.3,
            "inventory_turnover_ratio": null,
            "account_receivable_turnover_ratio": null,
            "reinvestment_rate": null,
            "research_to_sale_ratio": null,
            "price_fair": 0,
            "eps_avg_yearly": 0,
            "eps_latest_yearly": 0,
            "eps_growth_yearly": 0
        },
        "20051": {
            "year_quarter": 20051,
            "year": 2005,
            "quarter": 1,
            "eps": null,
            "eps_growth_year": null,
            "eps_4q": null,
            "eps_4q_growth_year": null,
            "roe": null,
            "roe_4q": 0,
            "gross_profit": null,
            "gross_margin": null,
            "gross_margin_4q_avg": 0,
            "net_income": null,
            "revenue": null,
            "common_shares": null,
            "book_valuer_per_share": null,
            "book_valuer_per_share_4q_avg": 3.5,
            "equity": null,
            "current_ratio": null,
            "debt_ratio": null,
            "inventory_turnover_ratio": null,
            "account_receivable_turnover_ratio": null,
            "reinvestment_rate": null,
            "research_to_sale_ratio": null,
            "price_fair": 0,
            "eps_avg_yearly": 0,
            "eps_latest_yearly": 0,
            "eps_growth_yearly": 0
        },
        "20052": {
            "year_quarter": 20052,
            "year": 2005,
            "quarter": 2,
            "eps": null,
            "eps_growth_year": null,
            "eps_4q": null,
            "eps_4q_growth_year": null,
            "roe": null,
            "roe_4q": 0,
            "gross_profit": null,
            "gross_margin": null,
            "gross_margin_4q_avg": 0,
            "net_income": null,
            "revenue": null,
            "common_shares": null,
            "book_valuer_per_share": null,
            "book_valuer_per_share_4q_avg": 3.5,
            "equity": null,
            "current_ratio": null,
            "debt_ratio": null,
            "inventory_turnover_ratio": null,
            "account_receivable_turnover_ratio": null,
            "reinvestment_rate": null,
            "research_to_sale_ratio": null,
            "price_fair": 0,
            "eps_avg_yearly": 0,
            "eps_latest_yearly": 0,
            "eps_growth_yearly": 0
        },
        "20053": {
            "year_quarter": 20053,
            "year": 2005,
            "quarter": 3,
            "eps": null,
            "eps_growth_year": null,
            "eps_4q": null,
            "eps_4q_growth_year": null,
            "roe": null,
            "roe_4q": 0,
            "gross_profit": null,
            "gross_margin": null,
            "gross_margin_4q_avg": 0,
            "net_income": null,
            "revenue": null,
            "common_shares": null,
            "book_valuer_per_share": null,
            "book_valuer_per_share_4q_avg": 3.5,
            "equity": null,
            "current_ratio": null,
            "debt_ratio": null,
            "inventory_turnover_ratio": null,
            "account_receivable_turnover_ratio": null,
            "reinvestment_rate": null,
            "research_to_sale_ratio": null,
            "price_fair": 0,
            "eps_avg_yearly": 0,
            "eps_latest_yearly": 0,
            "eps_growth_yearly": 0
        },
        "20054": {
            "year_quarter": 20054,
            "year": 2005,
            "quarter": 4,
            "eps": null,
            "eps_growth_year": null,
            "eps_4q": null,
            "eps_4q_growth_year": null,
            "roe": null,
            "roe_4q": 0,
            "gross_profit": null,
            "gross_margin": null,
            "gross_margin_4q_avg": 0,
            "net_income": null,
            "revenue": null,
            "common_shares": 200000,
            "book_valuer_per_share": 13.84,
            "book_valuer_per_share_4q_avg": 3.46,
            "equity": 276729,
            "current_ratio": 417.42,
            "debt_ratio": 19.47,
            "inventory_turnover_ratio": null,
            "account_receivable_turnover_ratio": null,
            "reinvestment_rate": null,
            "research_to_sale_ratio": null,
            "price_fair": 0,
            "eps_avg_yearly": 0,
            "eps_latest_yearly": 0,
            "eps_growth_yearly": 0
        },
        "20061": {
            "year_quarter": 20061,
            "year": 2006,
            "quarter": 1,
            "eps": null,
            "eps_growth_year": null,
            "eps_4q": null,
            "eps_4q_growth_year": null,
            "roe": null,
            "roe_4q": 0,
            "gross_profit": null,
            "gross_margin": null,
            "gross_margin_4q_avg": 0,
            "net_income": null,
            "revenue": null,
            "common_shares": null,
            "book_valuer_per_share": null,
            "book_valuer_per_share_4q_avg": 3.46,
            "equity": null,
            "current_ratio": null,
            "debt_ratio": null,
            "inventory_turnover_ratio": null,
            "account_receivable_turnover_ratio": null,
            "reinvestment_rate": null,
            "research_to_sale_ratio": null,
            "price_fair": 0,
            "eps_avg_yearly": 0,
            "eps_latest_yearly": 0,
            "eps_growth_yearly": 0
        },
        "20062": {
            "year_quarter": 20062,
            "year": 2006,
            "quarter": 2,
            "eps": null,
            "eps_growth_year": null,
            "eps_4q": null,
            "eps_4q_growth_year": null,
            "roe": null,
            "roe_4q": 0,
            "gross_profit": null,
            "gross_margin": null,
            "gross_margin_4q_avg": 0,
            "net_income": null,
            "revenue": null,
            "common_shares": null,
            "book_valuer_per_share": null,
            "book_valuer_per_share_4q_avg": 3.46,
            "equity": null,
            "current_ratio": null,
            "debt_ratio": null,
            "inventory_turnover_ratio": null,
            "account_receivable_turnover_ratio": null,
            "reinvestment_rate": null,
            "research_to_sale_ratio": null,
            "price_fair": 0,
            "eps_avg_yearly": 0,
            "eps_latest_yearly": 0,
            "eps_growth_yearly": 0
        },
        "20063": {
            "year_quarter": 20063,
            "year": 2006,
            "quarter": 3,
            "eps": null,
            "eps_growth_year": null,
            "eps_4q": null,
            "eps_4q_growth_year": null,
            "roe": null,
            "roe_4q": 0,
            "gross_profit": null,
            "gross_margin": null,
            "gross_margin_4q_avg": 0,
            "net_income": null,
            "revenue": null,
            "common_shares": null,
            "book_valuer_per_share": null,
            "book_valuer_per_share_4q_avg": 3.46,
            "equity": null,
            "current_ratio": null,
            "debt_ratio": null,
            "inventory_turnover_ratio": null,
            "account_receivable_turnover_ratio": null,
            "reinvestment_rate": null,
            "research_to_sale_ratio": null,
            "price_fair": 0,
            "eps_avg_yearly": 0,
            "eps_latest_yearly": 0,
            "eps_growth_yearly": 0
        },
        "20064": {
            "year_quarter": 20064,
            "year": 2006,
            "quarter": 4,
            "eps": null,
            "eps_growth_year": null,
            "eps_4q": null,
            "eps_4q_growth_year": null,
            "roe": null,
            "roe_4q": 0,
            "gross_profit": null,
            "gross_margin": null,
            "gross_margin_4q_avg": 0,
            "net_income": null,
            "revenue": null,
            "common_shares": 230500,
            "book_valuer_per_share": 14.08,
            "book_valuer_per_share_4q_avg": 3.52,
            "equity": 324505,
            "current_ratio": 502.36,
            "debt_ratio": 16.53,
            "inventory_turnover_ratio": null,
            "account_receivable_turnover_ratio": null,
            "reinvestment_rate": null,
            "research_to_sale_ratio": null,
            "price_fair": 0,
            "eps_avg_yearly": 0,
            "eps_latest_yearly": 0,
            "eps_growth_yearly": 0
        },
        "20071": {
            "year_quarter": 20071,
            "year": 2007,
            "quarter": 1,
            "eps": 0.91,
            "eps_growth_year": null,
            "eps_4q": null,
            "eps_4q_growth_year": null,
            "roe": 6.9,
            "roe_4q": 6.9,
            "gross_profit": 41429,
            "gross_margin": 34.58,
            "gross_margin_4q_avg": 8.65,
            "net_income": 23197,
            "revenue": 119796,
            "common_shares": 230500,
            "book_valuer_per_share": 15.08,
            "book_valuer_per_share_4q_avg": 7.29,
            "equity": 347702,
            "current_ratio": 551.53,
            "debt_ratio": 14.72,
            "inventory_turnover_ratio": 0.72,
            "account_receivable_turnover_ratio": null,
            "reinvestment_rate": null,
            "research_to_sale_ratio": null,
            "price_fair": 0,
            "eps_avg_yearly": 0,
            "eps_latest_yearly": 0,
            "eps_growth_yearly": 0
        },
        "20072": {
            "year_quarter": 20072,
            "year": 2007,
            "quarter": 2,
            "eps": 0.46,
            "eps_growth_year": null,
            "eps_4q": null,
            "eps_4q_growth_year": null,
            "roe": 3.38,
            "roe_4q": 10.280000000000001,
            "gross_profit": 46795,
            "gross_margin": 35.04,
            "gross_margin_4q_avg": 17.41,
            "net_income": 11561,
            "revenue": 133561,
            "common_shares": 230500,
            "book_valuer_per_share": 14.56,
            "book_valuer_per_share_4q_avg": 10.93,
            "equity": 335583,
            "current_ratio": 404.58,
            "debt_ratio": 20.19,
            "inventory_turnover_ratio": 0.76,
            "account_receivable_turnover_ratio": null,
            "reinvestment_rate": null,
            "research_to_sale_ratio": null,
            "price_fair": 5.52,
            "eps_avg_yearly": 1.84,
            "eps_latest_yearly": 1.84,
            "eps_growth_yearly": -197.8
        },
        "20073": {
            "year_quarter": 20073,
            "year": 2007,
            "quarter": 3,
            "eps": 0.92,
            "eps_growth_year": null,
            "eps_4q": null,
            "eps_4q_growth_year": null,
            "roe": 7.48,
            "roe_4q": 17.759999999999998,
            "gross_profit": 54020,
            "gross_margin": 29.95,
            "gross_margin_4q_avg": 24.89,
            "net_income": 26063,
            "revenue": 180374,
            "common_shares": 253824,
            "book_valuer_per_share": 14.25,
            "book_valuer_per_share_4q_avg": 14.49,
            "equity": 361646,
            "current_ratio": 382.07,
            "debt_ratio": 21.5,
            "inventory_turnover_ratio": 1.06,
            "account_receivable_turnover_ratio": null,
            "reinvestment_rate": null,
            "research_to_sale_ratio": null,
            "price_fair": 96.6,
            "eps_avg_yearly": 2.76,
            "eps_latest_yearly": 3.68,
            "eps_growth_yearly": 101.1
        },
        "20074": {
            "year_quarter": 20074,
            "year": 2007,
            "quarter": 4,
            "eps": 0.13,
            "eps_growth_year": null,
            "eps_4q": 2.58,
            "eps_4q_growth_year": null,
            "roe": 0.89,
            "roe_4q": 18.65,
            "gross_profit": 44870,
            "gross_margin": 27.73,
            "gross_margin_4q_avg": 31.83,
            "net_income": 3231,
            "revenue": 161834,
            "common_shares": 253824,
            "book_valuer_per_share": 14.38,
            "book_valuer_per_share_4q_avg": 14.57,
            "equity": 364877,
            "current_ratio": 487.34,
            "debt_ratio": 16.35,
            "inventory_turnover_ratio": 1.03,
            "account_receivable_turnover_ratio": null,
            "reinvestment_rate": null,
            "research_to_sale_ratio": null,
            "price_fair": 6.04,
            "eps_avg_yearly": 2.01,
            "eps_latest_yearly": 0.52,
            "eps_growth_yearly": -47.09
        },
        "20081": {
            "year_quarter": 20081,
            "year": 2008,
            "quarter": 1,
            "eps": 0.37,
            "eps_growth_year": -59.34,
            "eps_4q": 1.98,
            "eps_4q_growth_year": null,
            "roe": 2.55,
            "roe_4q": 14.3,
            "gross_profit": 38528,
            "gross_margin": 27.86,
            "gross_margin_4q_avg": 30.15,
            "net_income": 9417,
            "revenue": 138290,
            "common_shares": 253824,
            "book_valuer_per_share": 14.75,
            "book_valuer_per_share_4q_avg": 14.49,
            "equity": 374294,
            "current_ratio": 484.38,
            "debt_ratio": 16.19,
            "inventory_turnover_ratio": 1.02,
            "account_receivable_turnover_ratio": null,
            "reinvestment_rate": null,
            "research_to_sale_ratio": null,
            "price_fair": 65.8,
            "eps_avg_yearly": 1.88,
            "eps_latest_yearly": 1.48,
            "eps_growth_yearly": 149.3
        },
        "20082": {
            "year_quarter": 20082,
            "year": 2008,
            "quarter": 2,
            "eps": 0.61,
            "eps_growth_year": 32.61,
            "eps_4q": 2.12,
            "eps_4q_growth_year": null,
            "roe": 4.23,
            "roe_4q": 15.15,
            "gross_profit": 43956,
            "gross_margin": 26.91,
            "gross_margin_4q_avg": 28.11,
            "net_income": 15587,
            "revenue": 163368,
            "common_shares": 253824,
            "book_valuer_per_share": 14.27,
            "book_valuer_per_share_4q_avg": 14.41,
            "equity": 362196,
            "current_ratio": 326.95,
            "debt_ratio": 23.99,
            "inventory_turnover_ratio": 1.25,
            "account_receivable_turnover_ratio": null,
            "reinvestment_rate": null,
            "research_to_sale_ratio": null,
            "price_fair": 69.72,
            "eps_avg_yearly": 1.99,
            "eps_latest_yearly": 2.44,
            "eps_growth_yearly": 171.33
        },
        "20083": {
            "year_quarter": 20083,
            "year": 2008,
            "quarter": 3,
            "eps": 1.01,
            "eps_growth_year": 9.78,
            "eps_4q": 2,
            "eps_4q_growth_year": null,
            "roe": 7.63,
            "roe_4q": 15.3,
            "gross_profit": 57316,
            "gross_margin": 30.95,
            "gross_margin_4q_avg": 28.36,
            "net_income": 28725,
            "revenue": 185203,
            "common_shares": 284150,
            "book_valuer_per_share": 13.76,
            "book_valuer_per_share_4q_avg": 14.29,
            "equity": 390921,
            "current_ratio": 367.19,
            "debt_ratio": 21.21,
            "inventory_turnover_ratio": 1.27,
            "account_receivable_turnover_ratio": null,
            "reinvestment_rate": null,
            "research_to_sale_ratio": null,
            "price_fair": 81.67,
            "eps_avg_yearly": 2.33,
            "eps_latest_yearly": 4.04,
            "eps_growth_yearly": 186.49
        },
        "20084": {
            "year_quarter": 20084,
            "year": 2008,
            "quarter": 4,
            "eps": -0.42,
            "eps_growth_year": -423.08,
            "eps_4q": 1.48,
            "eps_4q_growth_year": -42.57,
            "roe": -3.06,
            "roe_4q": 11.350000000000001,
            "gross_profit": 24347,
            "gross_margin": 25.67,
            "gross_margin_4q_avg": 27.85,
            "net_income": -11794,
            "revenue": 94839,
            "common_shares": 284150,
            "book_valuer_per_share": 13.34,
            "book_valuer_per_share_4q_avg": 14.03,
            "equity": 379127,
            "current_ratio": 404.9,
            "debt_ratio": 18.86,
            "inventory_turnover_ratio": 0.59,
            "account_receivable_turnover_ratio": 1.62,
            "reinvestment_rate": null,
            "research_to_sale_ratio": null,
            "price_fair": 81.67,
            "eps_avg_yearly": 2.33,
            "eps_latest_yearly": 4.04,
            "eps_growth_yearly": 186.49
        },
        "20091": {
            "year_quarter": 20091,
            "year": 2009,
            "quarter": 1,
            "eps": 0.11,
            "eps_growth_year": -70.27,
            "eps_4q": 1.17,
            "eps_4q_growth_year": -40.68,
            "roe": 0.83,
            "roe_4q": 9.63,
            "gross_profit": 31236,
            "gross_margin": 26.58,
            "gross_margin_4q_avg": 27.53,
            "net_income": 3369,
            "revenue": 117526,
            "common_shares": 319680,
            "book_valuer_per_share": 13.41,
            "book_valuer_per_share_4q_avg": 13.7,
            "equity": 428806,
            "current_ratio": 677.91,
            "debt_ratio": 11.21,
            "inventory_turnover_ratio": 0.67,
            "account_receivable_turnover_ratio": 1,
            "reinvestment_rate": null,
            "research_to_sale_ratio": null,
            "price_fair": 81.67,
            "eps_avg_yearly": 2.33,
            "eps_latest_yearly": 4.04,
            "eps_growth_yearly": 186.49
        },
        "20092": {
            "year_quarter": 20092,
            "year": 2009,
            "quarter": 2,
            "eps": 0.33,
            "eps_growth_year": -45.9,
            "eps_4q": 0.98,
            "eps_4q_growth_year": -53.7,
            "roe": 2.45,
            "roe_4q": 7.85,
            "gross_profit": 52233,
            "gross_margin": 31.69,
            "gross_margin_4q_avg": 28.72,
            "net_income": 10244,
            "revenue": 164803,
            "common_shares": 319680,
            "book_valuer_per_share": 12.75,
            "book_valuer_per_share_4q_avg": 13.32,
            "equity": 407721,
            "current_ratio": 326.08,
            "debt_ratio": 24.13,
            "inventory_turnover_ratio": 0.94,
            "account_receivable_turnover_ratio": 1.18,
            "reinvestment_rate": null,
            "research_to_sale_ratio": null,
            "price_fair": 76.6,
            "eps_avg_yearly": 2.19,
            "eps_latest_yearly": 1.32,
            "eps_growth_yearly": 274.13
        },
        "20093": {
            "year_quarter": 20093,
            "year": 2009,
            "quarter": 3,
            "eps": 0.81,
            "eps_growth_year": -19.8,
            "eps_4q": 0.87,
            "eps_4q_growth_year": -56.71,
            "roe": 6.14,
            "roe_4q": 6.359999999999999,
            "gross_profit": 68125,
            "gross_margin": 31.39,
            "gross_margin_4q_avg": 28.83,
            "net_income": 25823,
            "revenue": 217050,
            "common_shares": 326074,
            "book_valuer_per_share": 13.3,
            "book_valuer_per_share_4q_avg": 13.2,
            "equity": 433544,
            "current_ratio": 329.97,
            "debt_ratio": 24.04,
            "inventory_turnover_ratio": 1.24,
            "account_receivable_turnover_ratio": 1.18,
            "reinvestment_rate": null,
            "research_to_sale_ratio": null,
            "price_fair": 81.2,
            "eps_avg_yearly": 2.32,
            "eps_latest_yearly": 3.24,
            "eps_growth_yearly": 312.59
        },
        "20094": {
            "year_quarter": 20094,
            "year": 2009,
            "quarter": 4,
            "eps": 0.74,
            "eps_growth_year": null,
            "eps_4q": 1.93,
            "eps_4q_growth_year": 30.5,
            "roe": 5.29,
            "roe_4q": 14.709999999999999,
            "gross_profit": 64907,
            "gross_margin": 31.16,
            "gross_margin_4q_avg": 30.21,
            "net_income": 23543,
            "revenue": 208333,
            "common_shares": 326074,
            "book_valuer_per_share": 14.02,
            "book_valuer_per_share_4q_avg": 13.37,
            "equity": 457087,
            "current_ratio": 396.48,
            "debt_ratio": 19.17,
            "inventory_turnover_ratio": 1.23,
            "account_receivable_turnover_ratio": 2.08,
            "reinvestment_rate": null,
            "research_to_sale_ratio": null,
            "price_fair": 83.69,
            "eps_avg_yearly": 2.39,
            "eps_latest_yearly": 2.96,
            "eps_growth_yearly": 274.02
        },
        "20101": {
            "year_quarter": 20101,
            "year": 2010,
            "quarter": 1,
            "eps": 0.72,
            "eps_growth_year": 554.55,
            "eps_4q": 2.54,
            "eps_4q_growth_year": 117.18,
            "roe": 4.98,
            "roe_4q": 18.86,
            "gross_profit": 65873,
            "gross_margin": 31.66,
            "gross_margin_4q_avg": 31.48,
            "net_income": 23368,
            "revenue": 208032,
            "common_shares": 326074,
            "book_valuer_per_share": 14.73,
            "book_valuer_per_share_4q_avg": 13.7,
            "equity": 480455,
            "current_ratio": 354.28,
            "debt_ratio": 23.09,
            "inventory_turnover_ratio": 1.14,
            "account_receivable_turnover_ratio": 1.02,
            "reinvestment_rate": null,
            "research_to_sale_ratio": 14.3,
            "price_fair": 85.4,
            "eps_avg_yearly": 2.44,
            "eps_latest_yearly": 2.88,
            "eps_growth_yearly": 245.54
        },
        "20102": {
            "year_quarter": 20102,
            "year": 2010,
            "quarter": 2,
            "eps": 0.97,
            "eps_growth_year": 192.79,
            "eps_4q": 3.15,
            "eps_4q_growth_year": 219.8,
            "roe": 6.83,
            "roe_4q": 23.240000000000002,
            "gross_profit": 87945,
            "gross_margin": 34.13,
            "gross_margin_4q_avg": 32.09,
            "net_income": 32230,
            "revenue": 257657,
            "common_shares": 326074,
            "book_valuer_per_share": 14.22,
            "book_valuer_per_share_4q_avg": 14.07,
            "equity": 463774,
            "current_ratio": 256.69,
            "debt_ratio": 32.63,
            "inventory_turnover_ratio": 1.13,
            "account_receivable_turnover_ratio": 1.1,
            "reinvestment_rate": null,
            "research_to_sale_ratio": 12.53,
            "price_fair": 89.98,
            "eps_avg_yearly": 2.57,
            "eps_latest_yearly": 3.88,
            "eps_growth_yearly": 235.84
        },
        "20103": {
            "year_quarter": 20103,
            "year": 2010,
            "quarter": 3,
            "eps": 0.63,
            "eps_growth_year": -22.22,
            "eps_4q": 3,
            "eps_4q_growth_year": 246.29,
            "roe": 4.43,
            "roe_4q": 21.53,
            "gross_profit": 74661,
            "gross_margin": 32.56,
            "gross_margin_4q_avg": 32.38,
            "net_income": 21017,
            "revenue": 229277,
            "common_shares": 333574,
            "book_valuer_per_share": 14.53,
            "book_valuer_per_share_4q_avg": 14.38,
            "equity": 484791,
            "current_ratio": 329.45,
            "debt_ratio": 25.84,
            "inventory_turnover_ratio": 0.88,
            "account_receivable_turnover_ratio": 0.96,
            "reinvestment_rate": null,
            "research_to_sale_ratio": 14.51,
            "price_fair": 89.83,
            "eps_avg_yearly": 2.57,
            "eps_latest_yearly": 2.52,
            "eps_growth_yearly": 204.5
        },
        "20104": {
            "year_quarter": 20104,
            "year": 2010,
            "quarter": 4,
            "eps": 0.42,
            "eps_growth_year": -43.36,
            "eps_4q": 2.72,
            "eps_4q_growth_year": 40.62,
            "roe": 2.84,
            "roe_4q": 19.08,
            "gross_profit": 70135,
            "gross_margin": 32.34,
            "gross_margin_4q_avg": 32.67,
            "net_income": 13981,
            "revenue": 216838,
            "common_shares": 333574,
            "book_valuer_per_share": 14.95,
            "book_valuer_per_share_4q_avg": 14.61,
            "equity": 498772,
            "current_ratio": 425.55,
            "debt_ratio": 20.25,
            "inventory_turnover_ratio": 0.78,
            "account_receivable_turnover_ratio": 1.01,
            "reinvestment_rate": 4.38,
            "research_to_sale_ratio": 15.03,
            "price_fair": 87.45,
            "eps_avg_yearly": 2.5,
            "eps_latest_yearly": 1.68,
            "eps_growth_yearly": 178.52
        },
        "20111": {
            "year_quarter": 20111,
            "year": 2011,
            "quarter": 1,
            "eps": 0.51,
            "eps_growth_year": -29.17,
            "eps_4q": 2.52,
            "eps_4q_growth_year": -0.88,
            "roe": 3.33,
            "roe_4q": 17.43,
            "gross_profit": 61723,
            "gross_margin": 29.91,
            "gross_margin_4q_avg": 32.24,
            "net_income": 16913,
            "revenue": 206344,
            "common_shares": 333574,
            "book_valuer_per_share": 15.46,
            "book_valuer_per_share_4q_avg": 14.79,
            "equity": 515685,
            "current_ratio": 374.95,
            "debt_ratio": 23.46,
            "inventory_turnover_ratio": 0.77,
            "account_receivable_turnover_ratio": 0.97,
            "reinvestment_rate": 2.34,
            "research_to_sale_ratio": 13.59,
            "price_fair": 86.3,
            "eps_avg_yearly": 2.47,
            "eps_latest_yearly": 2.04,
            "eps_growth_yearly": 171.89
        },
        "20112": {
            "year_quarter": 20112,
            "year": 2011,
            "quarter": 2,
            "eps": 1.07,
            "eps_growth_year": 10.74,
            "eps_4q": 2.56,
            "eps_4q_growth_year": -18.67,
            "roe": 7.44,
            "roe_4q": 18.04,
            "gross_profit": 86221,
            "gross_margin": 32.19,
            "gross_margin_4q_avg": 31.75,
            "net_income": 37299,
            "revenue": 267840,
            "common_shares": 333574,
            "book_valuer_per_share": 14.6,
            "book_valuer_per_share_4q_avg": 14.89,
            "equity": 487132,
            "current_ratio": 257.53,
            "debt_ratio": 34.21,
            "inventory_turnover_ratio": 0.96,
            "account_receivable_turnover_ratio": 1.11,
            "reinvestment_rate": 1.29,
            "research_to_sale_ratio": 11.75,
            "price_fair": 92.4,
            "eps_avg_yearly": 2.64,
            "eps_latest_yearly": 4.28,
            "eps_growth_yearly": 217.39
        },
        "20113": {
            "year_quarter": 20113,
            "year": 2011,
            "quarter": 3,
            "eps": 0.73,
            "eps_growth_year": 15.44,
            "eps_4q": 2.68,
            "eps_4q_growth_year": -10.62,
            "roe": 5.07,
            "roe_4q": 18.68,
            "gross_profit": 73176,
            "gross_margin": 32.86,
            "gross_margin_4q_avg": 31.83,
            "net_income": 25353,
            "revenue": 222688,
            "common_shares": 348585,
            "book_valuer_per_share": 14.74,
            "book_valuer_per_share_4q_avg": 14.94,
            "equity": 513778,
            "current_ratio": 393.34,
            "debt_ratio": 22.55,
            "inventory_turnover_ratio": 0.76,
            "account_receivable_turnover_ratio": 0.91,
            "reinvestment_rate": -0.72,
            "research_to_sale_ratio": 14.11,
            "price_fair": 90.5,
            "eps_avg_yearly": 2.59,
            "eps_latest_yearly": 2.92,
            "eps_growth_yearly": 179.74
        },
        "20114": {
            "year_quarter": 20114,
            "year": 2011,
            "quarter": 4,
            "eps": 0.43,
            "eps_growth_year": 3.62,
            "eps_4q": 2.72,
            "eps_4q_growth_year": 0.03,
            "roe": 2.9,
            "roe_4q": 18.740000000000002,
            "gross_profit": 72907,
            "gross_margin": 32.82,
            "gross_margin_4q_avg": 31.95,
            "net_income": 15139,
            "revenue": 222152,
            "common_shares": 348585,
            "book_valuer_per_share": 15.26,
            "book_valuer_per_share_4q_avg": 15.02,
            "equity": 531820,
            "current_ratio": 490.79,
            "debt_ratio": 18.38,
            "inventory_turnover_ratio": 0.8,
            "account_receivable_turnover_ratio": 1.04,
            "reinvestment_rate": -3.57,
            "research_to_sale_ratio": 15.91,
            "price_fair": 93.5,
            "eps_avg_yearly": 2.67,
            "eps_latest_yearly": 1.72,
            "eps_growth_yearly": 192.53
        },
        "20121": {
            "year_quarter": 20121,
            "year": 2012,
            "quarter": 1,
            "eps": 0.5,
            "eps_growth_year": -1.96,
            "eps_4q": 2.74,
            "eps_4q_growth_year": 8.45,
            "roe": 3.24,
            "roe_4q": 18.650000000000002,
            "gross_profit": 70475,
            "gross_margin": 31.41,
            "gross_margin_4q_avg": 32.32,
            "net_income": 17565,
            "revenue": 224337,
            "common_shares": 348585,
            "book_valuer_per_share": 15.81,
            "book_valuer_per_share_4q_avg": 15.1,
            "equity": 551282,
            "current_ratio": 416.4,
            "debt_ratio": 21.93,
            "inventory_turnover_ratio": 0.98,
            "account_receivable_turnover_ratio": 1.08,
            "reinvestment_rate": 2.3,
            "research_to_sale_ratio": 13.86,
            "price_fair": 94.8,
            "eps_avg_yearly": 2.71,
            "eps_latest_yearly": 2,
            "eps_growth_yearly": 144.44
        },
        "20122": {
            "year_quarter": 20122,
            "year": 2012,
            "quarter": 2,
            "eps": 1.25,
            "eps_growth_year": 16.38,
            "eps_4q": 2.91,
            "eps_4q_growth_year": 13.74,
            "roe": 8,
            "roe_4q": 19.21,
            "gross_profit": 101856,
            "gross_margin": 32.42,
            "gross_margin_4q_avg": 32.38,
            "net_income": 43409,
            "revenue": 314186,
            "common_shares": 348585,
            "book_valuer_per_share": 15.31,
            "book_valuer_per_share_4q_avg": 15.28,
            "equity": 533844,
            "current_ratio": 241.86,
            "debt_ratio": 38.24,
            "inventory_turnover_ratio": 1.22,
            "account_receivable_turnover_ratio": 1.24,
            "reinvestment_rate": 1.89,
            "research_to_sale_ratio": 11.72,
            "price_fair": 101.2,
            "eps_avg_yearly": 2.89,
            "eps_latest_yearly": 5,
            "eps_growth_yearly": 168.76
        },
        "20123": {
            "year_quarter": 20123,
            "year": 2012,
            "quarter": 3,
            "eps": 0.93,
            "eps_growth_year": 28.53,
            "eps_4q": 3.12,
            "eps_4q_growth_year": 16.2,
            "roe": 5.91,
            "roe_4q": 20.049999999999997,
            "gross_profit": 89220,
            "gross_margin": 31.93,
            "gross_margin_4q_avg": 32.15,
            "net_income": 32585,
            "revenue": 279467,
            "common_shares": 348585,
            "book_valuer_per_share": 16.3,
            "book_valuer_per_share_4q_avg": 15.67,
            "equity": 568326,
            "current_ratio": 377.72,
            "debt_ratio": 24.55,
            "inventory_turnover_ratio": 0.86,
            "account_receivable_turnover_ratio": 1.02,
            "reinvestment_rate": 2.18,
            "research_to_sale_ratio": 12.34,
            "price_fair": 100.4,
            "eps_avg_yearly": 2.87,
            "eps_latest_yearly": 3.72,
            "eps_growth_yearly": 142.71
        },
        "20124": {
            "year_quarter": 20124,
            "year": 2012,
            "quarter": 4,
            "eps": 0.77,
            "eps_growth_year": 77.75,
            "eps_4q": 3.46,
            "eps_4q_growth_year": 27.21,
            "roe": 4.62,
            "roe_4q": 21.770000000000003,
            "gross_profit": 87934,
            "gross_margin": 30.16,
            "gross_margin_4q_avg": 31.48,
            "net_income": 26910,
            "revenue": 291573,
            "common_shares": 348585,
            "book_valuer_per_share": 17.13,
            "book_valuer_per_share_4q_avg": 16.14,
            "equity": 597133,
            "current_ratio": 447.03,
            "debt_ratio": 21.25,
            "inventory_turnover_ratio": 0.89,
            "account_receivable_turnover_ratio": 1.18,
            "reinvestment_rate": 1.67,
            "research_to_sale_ratio": 13.14,
            "price_fair": 100.89,
            "eps_avg_yearly": 2.88,
            "eps_latest_yearly": 3.08,
            "eps_growth_yearly": 128.61
        },
        "20131": {
            "year_quarter": 20131,
            "year": 2013,
            "quarter": 1,
            "eps": 1.46,
            "eps_growth_year": 192,
            "eps_4q": 4.41,
            "eps_4q_growth_year": 61.27,
            "roe": 8.21,
            "roe_4q": 26.740000000000002,
            "gross_profit": 105199,
            "gross_margin": 30.83,
            "gross_margin_4q_avg": 31.34,
            "net_income": 50881,
            "revenue": 341190,
            "common_shares": 348585,
            "book_valuer_per_share": 18.44,
            "book_valuer_per_share_4q_avg": 16.8,
            "equity": 642938,
            "current_ratio": 327.65,
            "debt_ratio": 28.76,
            "inventory_turnover_ratio": 1.1,
            "account_receivable_turnover_ratio": 1.28,
            "reinvestment_rate": 8.42,
            "research_to_sale_ratio": 10.46,
            "price_fair": 107.36,
            "eps_avg_yearly": 3.07,
            "eps_latest_yearly": 5.84,
            "eps_growth_yearly": 142.97
        },
        "20132": {
            "year_quarter": 20132,
            "year": 2013,
            "quarter": 2,
            "eps": 1.76,
            "eps_growth_year": 41.33,
            "eps_4q": 4.83,
            "eps_4q_growth_year": 65.98,
            "roe": 9.83,
            "roe_4q": 28.57,
            "gross_profit": 133693,
            "gross_margin": 33.16,
            "gross_margin_4q_avg": 31.52,
            "net_income": 61265,
            "revenue": 403183,
            "common_shares": 348585,
            "book_valuer_per_share": 17.21,
            "book_valuer_per_share_4q_avg": 17.27,
            "equity": 604037,
            "current_ratio": 235.93,
            "debt_ratio": 40.19,
            "inventory_turnover_ratio": 1.14,
            "account_receivable_turnover_ratio": 1.29,
            "reinvestment_rate": 8.26,
            "research_to_sale_ratio": 11.02,
            "price_fair": 119.88,
            "eps_avg_yearly": 3.43,
            "eps_latest_yearly": 7.04,
            "eps_growth_yearly": 98.11
        },
        "20133": {
            "year_quarter": 20133,
            "year": 2013,
            "quarter": 3,
            "eps": 0.97,
            "eps_growth_year": 3.77,
            "eps_4q": 4.91,
            "eps_4q_growth_year": 57.33,
            "roe": 5.5,
            "roe_4q": 28.16,
            "gross_profit": 97979,
            "gross_margin": 32.63,
            "gross_margin_4q_avg": 31.7,
            "net_income": 34374,
            "revenue": 300292,
            "common_shares": 353514,
            "book_valuer_per_share": 18.3,
            "book_valuer_per_share_4q_avg": 17.77,
            "equity": 646787,
            "current_ratio": 425.98,
            "debt_ratio": 22.44,
            "inventory_turnover_ratio": 0.8,
            "account_receivable_turnover_ratio": 1,
            "reinvestment_rate": 7.5,
            "research_to_sale_ratio": 12.87,
            "price_fair": 121.28,
            "eps_avg_yearly": 3.47,
            "eps_latest_yearly": 3.88,
            "eps_growth_yearly": 50.53
        },
        "20134": {
            "year_quarter": 20134,
            "year": 2013,
            "quarter": 4,
            "eps": 0.88,
            "eps_growth_year": 14.57,
            "eps_4q": 5.03,
            "eps_4q_growth_year": 45.52,
            "roe": 4.72,
            "roe_4q": 28.259999999999998,
            "gross_profit": 87495,
            "gross_margin": 31.74,
            "gross_margin_4q_avg": 32.09,
            "net_income": 31268,
            "revenue": 275690,
            "common_shares": 353514,
            "book_valuer_per_share": 19.18,
            "book_valuer_per_share_4q_avg": 18.28,
            "equity": 678204,
            "current_ratio": 444.2,
            "debt_ratio": 20.88,
            "inventory_turnover_ratio": 0.81,
            "account_receivable_turnover_ratio": 1.13,
            "reinvestment_rate": 9.01,
            "research_to_sale_ratio": 13.72,
            "price_fair": 122.5,
            "eps_avg_yearly": 3.5,
            "eps_latest_yearly": 3.52,
            "eps_growth_yearly": 50.37
        },
        "20141": {
            "year_quarter": 20141,
            "year": 2014,
            "quarter": 1,
            "eps": 0.9,
            "eps_growth_year": -38.36,
            "eps_4q": 4.49,
            "eps_4q_growth_year": 1.72,
            "roe": 4.59,
            "roe_4q": 24.64,
            "gross_profit": 82964,
            "gross_margin": 33.86,
            "gross_margin_4q_avg": 32.85,
            "net_income": 31914,
            "revenue": 245021,
            "common_shares": 353614,
            "book_valuer_per_share": 20.11,
            "book_valuer_per_share_4q_avg": 18.7,
            "equity": 711143,
            "current_ratio": 383.96,
            "debt_ratio": 24.02,
            "inventory_turnover_ratio": 0.67,
            "account_receivable_turnover_ratio": 1.09,
            "reinvestment_rate": 7.48,
            "research_to_sale_ratio": 14.65,
            "price_fair": 124.08,
            "eps_avg_yearly": 3.55,
            "eps_latest_yearly": 3.6,
            "eps_growth_yearly": 51.61
        },
        "20142": {
            "year_quarter": 20142,
            "year": 2014,
            "quarter": 2,
            "eps": 0.51,
            "eps_growth_year": -71.02,
            "eps_4q": 3.26,
            "eps_4q_growth_year": -32.57,
            "roe": 2.79,
            "roe_4q": 17.6,
            "gross_profit": 75388,
            "gross_margin": 32.1,
            "gross_margin_4q_avg": 32.58,
            "net_income": 18137,
            "revenue": 234890,
            "common_shares": 354097,
            "book_valuer_per_share": 16.65,
            "book_valuer_per_share_4q_avg": 18.56,
            "equity": 590372,
            "current_ratio": 253.79,
            "debt_ratio": 36.12,
            "inventory_turnover_ratio": 0.59,
            "account_receivable_turnover_ratio": 1.08,
            "reinvestment_rate": 6.77,
            "research_to_sale_ratio": 15.39,
            "price_fair": 120.05,
            "eps_avg_yearly": 3.43,
            "eps_latest_yearly": 2.04,
            "eps_growth_yearly": 32.1
        },
        "20143": {
            "year_quarter": 20143,
            "year": 2014,
            "quarter": 3,
            "eps": 0.42,
            "eps_growth_year": -56.7,
            "eps_4q": 2.71,
            "eps_4q_growth_year": -44.84,
            "roe": 2.47,
            "roe_4q": 14.57,
            "gross_profit": 65206,
            "gross_margin": 31.66,
            "gross_margin_4q_avg": 32.34,
            "net_income": 14800,
            "revenue": 205945,
            "common_shares": 355194,
            "book_valuer_per_share": 17.1,
            "book_valuer_per_share_4q_avg": 18.26,
            "equity": 607469,
            "current_ratio": 563.64,
            "debt_ratio": 16.07,
            "inventory_turnover_ratio": 0.52,
            "account_receivable_turnover_ratio": 0.97,
            "reinvestment_rate": 7.4,
            "research_to_sale_ratio": 17.51,
            "price_fair": 118.21,
            "eps_avg_yearly": 3.38,
            "eps_latest_yearly": 1.68,
            "eps_growth_yearly": 36.45
        },
        "20144": {
            "year_quarter": 20144,
            "year": 2014,
            "quarter": 4,
            "eps": 0.36,
            "eps_growth_year": -58.97,
            "eps_4q": 2.19,
            "eps_4q_growth_year": -56.52,
            "roe": 2.1,
            "roe_4q": 11.95,
            "gross_profit": 59162,
            "gross_margin": 29.75,
            "gross_margin_4q_avg": 31.84,
            "net_income": 12906,
            "revenue": 198840,
            "common_shares": 355614,
            "book_valuer_per_share": 17.47,
            "book_valuer_per_share_4q_avg": 17.83,
            "equity": 621205,
            "current_ratio": 609.18,
            "debt_ratio": 15.04,
            "inventory_turnover_ratio": 0.58,
            "account_receivable_turnover_ratio": 0.97,
            "reinvestment_rate": 6.74,
            "research_to_sale_ratio": 17.46,
            "price_fair": 117.69,
            "eps_avg_yearly": 3.36,
            "eps_latest_yearly": 1.44,
            "eps_growth_yearly": 41.21
        },
        "20151": {
            "year_quarter": 20151,
            "year": 2015,
            "quarter": 1,
            "eps": 0.01,
            "eps_growth_year": -98.89,
            "eps_4q": 1.3,
            "eps_4q_growth_year": -71,
            "roe": 0.07,
            "roe_4q": 7.430000000000001,
            "gross_profit": 47294,
            "gross_margin": 28.73,
            "gross_margin_4q_avg": 30.56,
            "net_income": 443,
            "revenue": 164609,
            "common_shares": 355614,
            "book_valuer_per_share": 17.49,
            "book_valuer_per_share_4q_avg": 17.18,
            "equity": 621971,
            "current_ratio": 626.9,
            "debt_ratio": 14.61,
            "inventory_turnover_ratio": 0.52,
            "account_receivable_turnover_ratio": 0.85,
            "reinvestment_rate": 6.62,
            "research_to_sale_ratio": 20.34,
            "price_fair": 69.76,
            "eps_avg_yearly": 3.24,
            "eps_latest_yearly": 0.04,
            "eps_growth_yearly": 11.55
        },
        "20152": {
            "year_quarter": 20152,
            "year": 2015,
            "quarter": 2,
            "eps": 0.13,
            "eps_growth_year": -74.51,
            "eps_4q": 0.92,
            "eps_4q_growth_year": -71.78,
            "roe": 0.77,
            "roe_4q": 5.41,
            "gross_profit": 54188,
            "gross_margin": 29.37,
            "gross_margin_4q_avg": 29.88,
            "net_income": 4546,
            "revenue": 184506,
            "common_shares": 355614,
            "book_valuer_per_share": 15.62,
            "book_valuer_per_share_4q_avg": 16.92,
            "equity": 555502,
            "current_ratio": 417.24,
            "debt_ratio": 21.83,
            "inventory_turnover_ratio": 0.62,
            "account_receivable_turnover_ratio": 0.94,
            "reinvestment_rate": 7.53,
            "research_to_sale_ratio": 18.65,
            "price_fair": 105.09,
            "eps_avg_yearly": 3,
            "eps_latest_yearly": 0.52,
            "eps_growth_yearly": 284.1
        },
        "20153": {
            "year_quarter": 20153,
            "year": 2015,
            "quarter": 3,
            "eps": 0.21,
            "eps_growth_year": -50,
            "eps_4q": 0.71,
            "eps_4q_growth_year": -73.71,
            "roe": 1.32,
            "roe_4q": 4.26,
            "gross_profit": 49278,
            "gross_margin": 29.35,
            "gross_margin_4q_avg": 29.3,
            "net_income": 7405,
            "revenue": 167918,
            "common_shares": 355614,
            "book_valuer_per_share": 15.83,
            "book_valuer_per_share_4q_avg": 16.6,
            "equity": 562907,
            "current_ratio": 545.43,
            "debt_ratio": 16.73,
            "inventory_turnover_ratio": 0.63,
            "account_receivable_turnover_ratio": 0.8,
            "reinvestment_rate": 8.04,
            "research_to_sale_ratio": 21.17,
            "price_fair": 100.54,
            "eps_avg_yearly": 2.87,
            "eps_latest_yearly": 0.84,
            "eps_growth_yearly": 307.42
        },
        "20154": {
            "year_quarter": 20154,
            "year": 2015,
            "quarter": 4,
            "eps": 0.04,
            "eps_growth_year": -89.82,
            "eps_4q": 0.39,
            "eps_4q_growth_year": -82.37,
            "roe": 0.23,
            "roe_4q": 2.39,
            "gross_profit": 50265,
            "gross_margin": 28.51,
            "gross_margin_4q_avg": 28.99,
            "net_income": 1314,
            "revenue": 176305,
            "common_shares": 355614,
            "book_valuer_per_share": 15.81,
            "book_valuer_per_share_4q_avg": 16.19,
            "equity": 562257,
            "current_ratio": 673.09,
            "debt_ratio": 13.9,
            "inventory_turnover_ratio": 0.7,
            "account_receivable_turnover_ratio": 0.86,
            "reinvestment_rate": 7.75,
            "research_to_sale_ratio": 19.15,
            "price_fair": 97.13,
            "eps_avg_yearly": 2.78,
            "eps_latest_yearly": 0.16,
            "eps_growth_yearly": 297.46
        },
        "20161": {
            "year_quarter": 20161,
            "year": 2016,
            "quarter": 1,
            "eps": 0.05,
            "eps_growth_year": 400,
            "eps_4q": 0.43,
            "eps_4q_growth_year": -67.32,
            "roe": 0.33,
            "roe_4q": 2.6500000000000004,
            "gross_profit": 51111,
            "gross_margin": 30.76,
            "gross_margin_4q_avg": 29.5,
            "net_income": 1863,
            "revenue": 166170,
            "common_shares": 355614,
            "book_valuer_per_share": 15.86,
            "book_valuer_per_share_4q_avg": 15.78,
            "equity": 564120,
            "current_ratio": 585.21,
            "debt_ratio": 15.94,
            "inventory_turnover_ratio": 0.67,
            "account_receivable_turnover_ratio": 0.87,
            "reinvestment_rate": 7.78,
            "research_to_sale_ratio": 20.11,
            "price_fair": 93.19,
            "eps_avg_yearly": 2.66,
            "eps_latest_yearly": 0.2,
            "eps_growth_yearly": 299.64
        },
        "20162": {
            "year_quarter": 20162,
            "year": 2016,
            "quarter": 2,
            "eps": 0.21,
            "eps_growth_year": 61.54,
            "eps_4q": 0.51,
            "eps_4q_growth_year": -44.7,
            "roe": 1.33,
            "roe_4q": 3.21,
            "gross_profit": 56907,
            "gross_margin": 30.68,
            "gross_margin_4q_avg": 29.83,
            "net_income": 7497,
            "revenue": 185483,
            "common_shares": 355614,
            "book_valuer_per_share": 15.77,
            "book_valuer_per_share_4q_avg": 15.82,
            "equity": 560949,
            "current_ratio": 594.99,
            "debt_ratio": 15.58,
            "inventory_turnover_ratio": 0.76,
            "account_receivable_turnover_ratio": 0.92,
            "reinvestment_rate": 9.6,
            "research_to_sale_ratio": 17.29,
            "price_fair": 84.09,
            "eps_avg_yearly": 2.4,
            "eps_latest_yearly": 0.84,
            "eps_growth_yearly": 342.14
        },
        "20163": {
            "year_quarter": 20163,
            "year": 2016,
            "quarter": 3,
            "eps": null,
            "eps_growth_year": null,
            "eps_4q": null,
            "eps_4q_growth_year": null,
            "roe": null,
            "roe_4q": 1.8900000000000001,
            "gross_profit": null,
            "gross_margin": null,
            "gross_margin_4q_avg": 22.49,
            "net_income": null,
            "revenue": null,
            "common_shares": null,
            "book_valuer_per_share": null,
            "book_valuer_per_share_4q_avg": 11.86,
            "equity": null,
            "current_ratio": null,
            "debt_ratio": null,
            "inventory_turnover_ratio": null,
            "account_receivable_turnover_ratio": null,
            "reinvestment_rate": null,
            "research_to_sale_ratio": null,
            "price_fair": 81.01,
            "eps_avg_yearly": 2.31,
            "eps_latest_yearly": 0.84,
            "eps_growth_yearly": 371.78
        }
    },
    "months": {
        "2004-10": {
            "month": "2004-10",
            "price": "45.00",
            "revenue": 24428
        },
        "2005-01": {
            "month": "2005-01",
            "price": "32.01",
            "revenue": 27884
        },
        "2005-05": {
            "month": "2005-05",
            "price": "27.50",
            "revenue": 30225
        },
        "2005-06": {
            "month": "2005-06",
            "price": "28.43",
            "revenue": 24045
        },
        "2005-07": {
            "month": "2005-07",
            "price": "28.06",
            "revenue": 21812
        },
        "2005-08": {
            "month": "2005-08",
            "price": "30.10",
            "revenue": 27440
        },
        "2005-09": {
            "month": "2005-09",
            "price": "30.00",
            "revenue": 34206
        },
        "2005-10": {
            "month": "2005-10",
            "price": "29.98",
            "revenue": 34716
        },
        "2005-11": {
            "month": "2005-11",
            "price": "31.72",
            "revenue": 35915
        },
        "2005-12": {
            "month": "2005-12",
            "price": "32.24",
            "revenue": 31761
        },
        "2006-01": {
            "month": "2006-01",
            "price": "31.47",
            "revenue": 24839
        },
        "2006-02": {
            "month": "2006-02",
            "price": "33.76",
            "revenue": 25187
        },
        "2006-03": {
            "month": "2006-03",
            "price": "35.32",
            "revenue": 41345
        },
        "2006-04": {
            "month": "2006-04",
            "price": "36.08",
            "revenue": 35292
        },
        "2006-05": {
            "month": "2006-05",
            "price": "38.76",
            "revenue": 31586
        },
        "2006-06": {
            "month": "2006-06",
            "price": "34.48",
            "revenue": 30495
        },
        "2006-07": {
            "month": "2006-07",
            "price": "33.28",
            "revenue": 34693
        },
        "2006-08": {
            "month": "2006-08",
            "price": "27.82",
            "revenue": 40035
        },
        "2006-09": {
            "month": "2006-09",
            "price": "28.13",
            "revenue": 45799
        },
        "2006-10": {
            "month": "2006-10",
            "price": "29.57",
            "revenue": 45214
        },
        "2006-11": {
            "month": "2006-11",
            "price": "29.82",
            "revenue": 41864
        },
        "2006-12": {
            "month": "2006-12",
            "price": "29.48",
            "revenue": 43457
        },
        "2007-01": {
            "month": "2007-01",
            "price": "31.15",
            "revenue": 45046
        },
        "2007-02": {
            "month": "2007-02",
            "price": "38.10",
            "revenue": 25920
        },
        "2007-03": {
            "month": "2007-03",
            "price": "55.93",
            "revenue": 48831
        },
        "2007-04": {
            "month": "2007-04",
            "price": "62.71",
            "revenue": 47026
        },
        "2007-05": {
            "month": "2007-05",
            "price": "65.71",
            "revenue": 40215
        },
        "2007-06": {
            "month": "2007-06",
            "price": "81.35",
            "revenue": 46319
        },
        "2007-07": {
            "month": "2007-07",
            "price": "87.06",
            "revenue": 52275
        },
        "2007-08": {
            "month": "2007-08",
            "price": "76.39",
            "revenue": 63523
        },
        "2007-09": {
            "month": "2007-09",
            "price": "65.00",
            "revenue": 64577
        },
        "2007-10": {
            "month": "2007-10",
            "price": "53.22",
            "revenue": 63364
        },
        "2007-11": {
            "month": "2007-11",
            "price": "47.47",
            "revenue": 57828
        },
        "2007-12": {
            "month": "2007-12",
            "price": "42.14",
            "revenue": 40641
        },
        "2008-01": {
            "month": "2008-01",
            "price": "38.94",
            "revenue": 43493
        },
        "2008-02": {
            "month": "2008-02",
            "price": "39.84",
            "revenue": 37509
        },
        "2008-03": {
            "month": "2008-03",
            "price": "37.41",
            "revenue": 57288
        },
        "2008-04": {
            "month": "2008-04",
            "price": "39.10",
            "revenue": 53812
        },
        "2008-05": {
            "month": "2008-05",
            "price": "49.45",
            "revenue": 56258
        },
        "2008-06": {
            "month": "2008-06",
            "price": "45.39",
            "revenue": 53298
        },
        "2008-07": {
            "month": "2008-07",
            "price": "39.40",
            "revenue": 61304
        },
        "2008-08": {
            "month": "2008-08",
            "price": "37.74",
            "revenue": 64388
        },
        "2008-09": {
            "month": "2008-09",
            "price": "35.14",
            "revenue": 59511
        },
        "2008-10": {
            "month": "2008-10",
            "price": "26.03",
            "revenue": 44780
        },
        "2008-11": {
            "month": "2008-11",
            "price": "19.30",
            "revenue": 27050
        },
        "2008-12": {
            "month": "2008-12",
            "price": "15.89",
            "revenue": 23009
        },
        "2009-01": {
            "month": "2009-01",
            "price": "18.10",
            "revenue": 21496
        },
        "2009-02": {
            "month": "2009-02",
            "price": "31.50",
            "revenue": 42167
        },
        "2009-03": {
            "month": "2009-03",
            "price": "29.10",
            "revenue": 53863
        },
        "2009-04": {
            "month": "2009-04",
            "price": "31.55",
            "revenue": 61384
        },
        "2009-05": {
            "month": "2009-05",
            "price": "34.08",
            "revenue": 52172
        },
        "2009-06": {
            "month": "2009-06",
            "price": "27.69",
            "revenue": 51247
        },
        "2009-07": {
            "month": "2009-07",
            "price": "29.10",
            "revenue": 64210
        },
        "2009-08": {
            "month": "2009-08",
            "price": "30.35",
            "revenue": 72438
        },
        "2009-09": {
            "month": "2009-09",
            "price": "35.08",
            "revenue": 80402
        },
        "2009-10": {
            "month": "2009-10",
            "price": "45.66",
            "revenue": 71708
        },
        "2009-11": {
            "month": "2009-11",
            "price": "47.24",
            "revenue": 71787
        },
        "2009-12": {
            "month": "2009-12",
            "price": "51.67",
            "revenue": 64838
        },
        "2010-01": {
            "month": "2010-01",
            "price": "51.00",
            "revenue": 77324
        },
        "2010-02": {
            "month": "2010-02",
            "price": "44.92",
            "revenue": 45552
        },
        "2010-03": {
            "month": "2010-03",
            "price": "51.34",
            "revenue": 85156
        },
        "2010-04": {
            "month": "2010-04",
            "price": "52.55",
            "revenue": 90108
        },
        "2010-05": {
            "month": "2010-05",
            "price": "53.90",
            "revenue": 93018
        },
        "2010-06": {
            "month": "2010-06",
            "price": "56.34",
            "revenue": 74531
        },
        "2010-07": {
            "month": "2010-07",
            "price": "50.70",
            "revenue": 73487
        },
        "2010-08": {
            "month": "2010-08",
            "price": "46.52",
            "revenue": 79259
        },
        "2010-09": {
            "month": "2010-09",
            "price": "41.50",
            "revenue": 76531
        },
        "2010-10": {
            "month": "2010-10",
            "price": "38.22",
            "revenue": 68303
        },
        "2010-11": {
            "month": "2010-11",
            "price": "36.41",
            "revenue": 82287
        },
        "2010-12": {
            "month": "2010-12",
            "price": "38.75",
            "revenue": 66249
        },
        "2011-01": {
            "month": "2011-01",
            "price": "37.74",
            "revenue": 61681
        },
        "2011-02": {
            "month": "2011-02",
            "price": "35.58",
            "revenue": 52183
        },
        "2011-03": {
            "month": "2011-03",
            "price": "34.25",
            "revenue": 92480
        },
        "2011-04": {
            "month": "2011-04",
            "price": "34.77",
            "revenue": 104993
        },
        "2011-05": {
            "month": "2011-05",
            "price": "38.34",
            "revenue": 95153
        },
        "2011-06": {
            "month": "2011-06",
            "price": "37.96",
            "revenue": 67694
        },
        "2011-07": {
            "month": "2011-07",
            "price": "32.81",
            "revenue": 81410
        },
        "2011-08": {
            "month": "2011-08",
            "price": "27.37",
            "revenue": 75857
        },
        "2011-09": {
            "month": "2011-09",
            "price": "27.53",
            "revenue": 65421
        },
        "2011-10": {
            "month": "2011-10",
            "price": "25.70",
            "revenue": 72695
        },
        "2011-11": {
            "month": "2011-11",
            "price": "26.33",
            "revenue": 74027
        },
        "2011-12": {
            "month": "2011-12",
            "price": "23.68",
            "revenue": 75430
        },
        "2012-01": {
            "month": "2012-01",
            "price": "24.63",
            "revenue": 57662
        },
        "2012-02": {
            "month": "2012-02",
            "price": "29.43",
            "revenue": 65548
        },
        "2012-03": {
            "month": "2012-03",
            "price": "30.90",
            "revenue": 101127
        },
        "2012-04": {
            "month": "2012-04",
            "price": "29.28",
            "revenue": 105498
        },
        "2012-05": {
            "month": "2012-05",
            "price": "28.87",
            "revenue": 108717
        },
        "2012-06": {
            "month": "2012-06",
            "price": "27.97",
            "revenue": 99971
        },
        "2012-07": {
            "month": "2012-07",
            "price": "28.76",
            "revenue": 84834
        },
        "2012-08": {
            "month": "2012-08",
            "price": "30.20",
            "revenue": 102934
        },
        "2012-09": {
            "month": "2012-09",
            "price": "31.88",
            "revenue": 91699
        },
        "2012-10": {
            "month": "2012-10",
            "price": "30.72",
            "revenue": 95064
        },
        "2012-11": {
            "month": "2012-11",
            "price": "30.14",
            "revenue": 106648
        },
        "2012-12": {
            "month": "2012-12",
            "price": "32.30",
            "revenue": 89861
        },
        "2013-01": {
            "month": "2013-01",
            "price": "34.42",
            "revenue": 138580
        },
        "2013-02": {
            "month": "2013-02",
            "price": "39.87",
            "revenue": 68569
        },
        "2013-03": {
            "month": "2013-03",
            "price": "44.53",
            "revenue": 134041
        },
        "2013-04": {
            "month": "2013-04",
            "price": "49.43",
            "revenue": 148129
        },
        "2013-05": {
            "month": "2013-05",
            "price": "57.04",
            "revenue": 139831
        },
        "2013-06": {
            "month": "2013-06",
            "price": "54.79",
            "revenue": 115223
        },
        "2013-07": {
            "month": "2013-07",
            "price": "54.60",
            "revenue": 107281
        },
        "2013-08": {
            "month": "2013-08",
            "price": "59.29",
            "revenue": 100858
        },
        "2013-09": {
            "month": "2013-09",
            "price": "51.17",
            "revenue": 92153
        },
        "2013-10": {
            "month": "2013-10",
            "price": "47.27",
            "revenue": 102562
        },
        "2013-11": {
            "month": "2013-11",
            "price": "48.78",
            "revenue": 95639
        },
        "2013-12": {
            "month": "2013-12",
            "price": "52.19",
            "revenue": 77489
        },
        "2014-01": {
            "month": "2014-01",
            "price": "54.04",
            "revenue": 68607
        },
        "2014-02": {
            "month": "2014-02",
            "price": "50.33",
            "revenue": 72761
        },
        "2014-03": {
            "month": "2014-03",
            "price": "54.36",
            "revenue": 103653
        },
        "2014-04": {
            "month": "2014-04",
            "price": "55.30",
            "revenue": 83800
        },
        "2014-05": {
            "month": "2014-05",
            "price": "51.25",
            "revenue": 84592
        },
        "2014-06": {
            "month": "2014-06",
            "price": "50.60",
            "revenue": 66498
        },
        "2014-07": {
            "month": "2014-07",
            "price": "46.50",
            "revenue": 70908
        },
        "2014-08": {
            "month": "2014-08",
            "price": "37.15",
            "revenue": 66719
        },
        "2014-09": {
            "month": "2014-09",
            "price": "36.66",
            "revenue": 68319
        },
        "2014-10": {
            "month": "2014-10",
            "price": "32.44",
            "revenue": 72481
        },
        "2014-11": {
            "month": "2014-11",
            "price": "29.36",
            "revenue": 65703
        },
        "2014-12": {
            "month": "2014-12",
            "price": "31.04",
            "revenue": 60655
        },
        "2015-01": {
            "month": "2015-01",
            "price": "31.24",
            "revenue": 63083
        },
        "2015-02": {
            "month": "2015-02",
            "price": "29.65",
            "revenue": 36835
        },
        "2015-03": {
            "month": "2015-03",
            "price": "29.78",
            "revenue": 64690
        },
        "2015-04": {
            "month": "2015-04",
            "price": "29.68",
            "revenue": 64901
        },
        "2015-05": {
            "month": "2015-05",
            "price": "25.89",
            "revenue": 62395
        },
        "2015-06": {
            "month": "2015-06",
            "price": "22.73",
            "revenue": 57210
        },
        "2015-07": {
            "month": "2015-07",
            "price": "20.99",
            "revenue": 57042
        },
        "2015-08": {
            "month": "2015-08",
            "price": "17.39",
            "revenue": 58114
        },
        "2015-09": {
            "month": "2015-09",
            "price": "16.24",
            "revenue": 52761
        }
    }
}
