{
    "summary": {
        "stock_name": "鈊象",
        "stock_id": "3293",
        "category": "文化創意",
        "main_business": "玩具娛樂用品批發零售業、電子材料零組件製造批發零售業<br>資訊軟體服務批發零售業、事務機器設備製造批發零售業、國際貿易<br>電子資訊供應服務業、玩具製造業、資料儲存及處理設備製造業",
        "website_url": "http://www.igs.com.tw",
        "ceo": "江順成",
        "pe_ratio": 22,
        "report_year_from": 2003,
        "report_year_to": 2023,
        "age": 21,
        "eps_negative_percentage": 0,
        "eps_growth_avg": {
            "last_all": 23.2,
            "last_2y": -5.97,
            "last_4y": 30.88,
            "last_8y": 31.78,
            "last_12y": 20.22,
            "last_16y": 15.93,
            "last_20y": null,
            "at_2006_last_3y": null,
            "at_2007_last_3y": 54.78,
            "at_2008_last_3y": 23.37,
            "at_2009_last_3y": 36.77,
            "at_2010_last_3y": 1.99,
            "at_2011_last_3y": -1.79,
            "at_2012_last_3y": -11.97,
            "at_2013_last_3y": -39.26,
            "at_2014_last_3y": -5.82,
            "at_2015_last_3y": -0.08,
            "at_2016_last_3y": 41.51,
            "at_2017_last_3y": 57.47,
            "at_2018_last_3y": 32.92,
            "at_2019_last_3y": 49.49,
            "at_2020_last_3y": 42.56,
            "at_2021_last_3y": 51.92,
            "at_2022_last_3y": 45.75,
            "at_2023_last_3y": 13.6,
            "at_2024_last_3y": 13.6,
            "at_2006_last_all": 64.4,
            "at_2007_last_all": 54.78,
            "at_2008_last_all": 38.69,
            "at_2009_last_all": 40.05,
            "at_2010_last_all": 28.74,
            "at_2011_last_all": 26.49,
            "at_2012_last_all": 16.18,
            "at_2013_last_all": 8.32,
            "at_2014_last_all": 16.17,
            "at_2015_last_all": 17.64,
            "at_2016_last_all": 23.97,
            "at_2017_last_all": 22.37,
            "at_2018_last_all": 20.64,
            "at_2019_last_all": 25.6,
            "at_2020_last_all": 28.35,
            "at_2021_last_all": 28.93,
            "at_2022_last_all": 25.93,
            "at_2023_last_all": 23.2,
            "at_2024_last_all": 23.2
        },
        "latest_eps": 43.9,
        "latest_price": 960,
        "latest_roe": 62.53,
        "latest_gross_margin": 95.86,
        "latest_equity": 10584241,
        "latest_revenue": 3582616,
        "latest_gross_profit": 3434416,
        "latest_net_income": 1745330,
        "latest_debt_ratio": 23.47,
        "latest_current_ratio": 330.64,
        "latest_account_receivable_turnover_ratio": 1.82,
        "latest_inventory_turnover_ratio": 1.29,
        "latest_reinvestment_rate": -0.49,
        "latest_research_to_sale_ratio": 23.1
    },
    "eps_dividends": {
        "2001": {
            "cash": 0,
            "stock": 0,
            "eps": 0
        },
        "2002": {
            "cash": 0,
            "stock": 0,
            "eps": 0
        },
        "2003": {
            "cash": 0,
            "stock": 0,
            "eps": 0.39
        },
        "2004": {
            "cash": 4,
            "stock": 4,
            "eps": 7.51
        },
        "2005": {
            "cash": 6,
            "stock": 2,
            "eps": 7
        },
        "2006": {
            "cash": 8,
            "stock": 1.5,
            "eps": 14.4
        },
        "2007": {
            "cash": 8.5,
            "stock": 1.5,
            "eps": 18.13
        },
        "2008": {
            "cash": 10.45,
            "stock": 1,
            "eps": 13.48
        },
        "2009": {
            "cash": 9.99,
            "stock": 1,
            "eps": 19.79
        },
        "2010": {
            "cash": 10.99,
            "stock": 0.5,
            "eps": 12.05
        },
        "2011": {
            "cash": 9.5,
            "stock": 0,
            "eps": 13.35
        },
        "2012": {
            "cash": 11,
            "stock": 0,
            "eps": 4.49
        },
        "2013": {
            "cash": 5.5,
            "stock": 0,
            "eps": 1.69
        },
        "2014": {
            "cash": 2,
            "stock": 0,
            "eps": 3.29
        },
        "2015": {
            "cash": 2.8,
            "stock": 0,
            "eps": 4.4
        },
        "2016": {
            "cash": 4.5,
            "stock": 0,
            "eps": 12.78
        },
        "2017": {
            "cash": 10,
            "stock": 0,
            "eps": 12.97
        },
        "2018": {
            "cash": 11,
            "stock": 0,
            "eps": 12.51
        },
        "2019": {
            "cash": 11,
            "stock": 0,
            "eps": 28.08
        },
        "2020": {
            "cash": 25,
            "stock": 0,
            "eps": 48.38
        },
        "2021": {
            "cash": 42,
            "stock": 0,
            "eps": 67.21
        },
        "2022": {
            "cash": 50,
            "stock": 10,
            "eps": 48.25
        },
        "2023": {
            "cash": 35,
            "stock": 0,
            "eps": 34.44
        }
    },
    "dividends": {
        "2004-04-14": {
            "cash": 4,
            "stock": 4
        },
        "2005-05-05": {
            "cash": 6,
            "stock": 2
        },
        "2006-04-12": {
            "cash": 8,
            "stock": 1.5
        },
        "2007-04-12": {
            "cash": 8.5,
            "stock": 1.5
        },
        "2008-06-13": {
            "cash": 10.45,
            "stock": 1
        },
        "2009-03-20": {
            "cash": 9.99,
            "stock": 1
        },
        "2010-03-19": {
            "cash": 10.99,
            "stock": 0.5
        },
        "2011-03-16": {
            "cash": 9.5,
            "stock": 0
        },
        "2012-03-15": {
            "cash": 11,
            "stock": 0
        },
        "2013-06-18": {
            "cash": 5.5,
            "stock": 0
        },
        "2014-09-19": {
            "cash": 2,
            "stock": 0
        },
        "2015-09-18": {
            "cash": 2.8,
            "stock": 0
        },
        "2016-09-23": {
            "cash": 4.5,
            "stock": 0
        },
        "2017-09-22": {
            "cash": 10,
            "stock": 0
        },
        "2018-09-21": {
            "cash": 11,
            "stock": 0
        },
        "2019-09-20": {
            "cash": 11,
            "stock": 0
        },
        "2020-09-18": {
            "cash": 25,
            "stock": 0
        },
        "2021-09-17": {
            "cash": 42,
            "stock": 0
        },
        "2022-08-31": {
            "cash": 50,
            "stock": 10
        },
        "2023-08-15": {
            "cash": 35,
            "stock": 0
        }
    },
    "prices": {
        "200101": "無",
        "200102": "無",
        "200103": "無",
        "200104": "無",
        "200105": "無",
        "200106": "無",
        "200107": "無",
        "200108": "無",
        "200109": "無",
        "200110": "無",
        "200111": "無",
        "200112": "無",
        "200201": "無",
        "200202": "無",
        "200203": "無",
        "200204": "無",
        "200205": "無",
        "200206": "無",
        "200207": "無",
        "200208": "無",
        "200209": "無",
        "200210": "無",
        "200211": "無",
        "200212": "無",
        "200301": "無",
        "200302": "無",
        "200303": "無",
        "200304": "無",
        "200305": "無",
        "200306": "無",
        "200307": "無",
        "200308": "無",
        "200309": "無",
        "200310": "無",
        "200311": "無",
        "200312": "無",
        "200401": "無",
        "200402": "無",
        "200403": "無",
        "200404": "74.69",
        "200405": "79.27",
        "200406": "86.06",
        "200407": "60.54",
        "200408": "63.98",
        "200409": "63.11",
        "200410": "59.97",
        "200411": "55.25",
        "200412": "48.22",
        "200501": "51.38",
        "200502": "74.68",
        "200503": "84.19",
        "200504": "126.21",
        "200505": "118.00",
        "200506": "107.89",
        "200507": "114.91",
        "200508": "122.93",
        "200509": "118.33",
        "200510": "109.21",
        "200511": "106.41",
        "200512": "120.77",
        "200601": "166.10",
        "200602": "169.06",
        "200603": "182.29",
        "200604": "183.89",
        "200605": "199.27",
        "200606": "207.29",
        "200607": "155.75",
        "200608": "177.48",
        "200609": "258.57",
        "200610": "204.85",
        "200611": "204.86",
        "200612": "242.52",
        "200701": "279.43",
        "200702": "281.79",
        "200703": "281.67",
        "200704": "313.95",
        "200705": "324.86",
        "200706": "332.92",
        "200707": "363.77",
        "200708": "390.93",
        "200709": "345.19",
        "200710": "346.34",
        "200711": "306.27",
        "200712": "251.19",
        "200801": "213.16",
        "200802": "205.79",
        "200803": "237.71",
        "200804": "260.40",
        "200805": "264.48",
        "200806": "249.43",
        "200807": "216.89",
        "200808": "194.79",
        "200809": "148.05",
        "200810": "119.48",
        "200811": "113.58",
        "200812": "131.72",
        "200901": "136.20",
        "200902": "138.42",
        "200903": "187.39",
        "200904": "214.95",
        "200905": "262.58",
        "200906": "257.33",
        "200907": "283.17",
        "200908": "273.05",
        "200909": "266.48",
        "200910": "261.48",
        "200911": "250.74",
        "200912": "249.41",
        "201001": "252.52",
        "201002": "219.46",
        "201003": "229.02",
        "201004": "247.12",
        "201005": "231.52",
        "201006": "225.00",
        "201007": "213.73",
        "201008": "177.34",
        "201009": "164.98",
        "201010": "157.43",
        "201011": "168.16",
        "201012": "166.96",
        "201101": "157.15",
        "201102": "137.93",
        "201103": "135.98",
        "201104": "138.58",
        "201105": "154.24",
        "201106": "156.21",
        "201107": "139.26",
        "201108": "123.15",
        "201109": "141.67",
        "201110": "155.25",
        "201111": "177.86",
        "201112": "190.84",
        "201201": "195.77",
        "201202": "214.55",
        "201203": "196.76",
        "201204": "165.92",
        "201205": "136.86",
        "201206": "137.17",
        "201207": "134.18",
        "201208": "121.70",
        "201209": "113.40",
        "201210": "109.77",
        "201211": "103.07",
        "201212": "110.52",
        "201301": "105.11",
        "201302": "101.81",
        "201303": "98.70",
        "201304": "82.56",
        "201305": "80.50",
        "201306": "81.63",
        "201307": "73.41",
        "201308": "66.49",
        "201309": "61.88",
        "201310": "59.39",
        "201311": "50.82",
        "201312": "54.97",
        "201401": "59.68",
        "201402": "56.95",
        "201403": "78.60",
        "201404": "88.74",
        "201405": "96.55",
        "201406": "151.55",
        "201407": "159.02",
        "201408": "143.81",
        "201409": "168.17",
        "201410": "154.75",
        "201411": "133.80",
        "201412": "153.88",
        "201501": "149.28",
        "201502": "140.73",
        "201503": "131.59",
        "201504": "131.70",
        "201505": "111.24",
        "201506": "103.20",
        "201507": "111.84",
        "201508": "78.03",
        "201509": "75.91",
        "201510": "88.54",
        "201511": "82.75",
        "201512": "105.74",
        "201601": "136.21",
        "201602": "208.65",
        "201603": "250.11",
        "201604": "295.18",
        "201605": "279.19",
        "201606": "286.74",
        "201607": "258.08",
        "201608": "230.24",
        "201609": "189.45",
        "201610": "198.78",
        "201611": "169.34",
        "201612": "207.27",
        "201701": "200.91",
        "201702": "207.22",
        "201703": "188.13",
        "201704": "188.11",
        "201705": "203.78",
        "201706": "193.41",
        "201707": "158.29",
        "201708": "164.15",
        "201709": "167.77",
        "201710": "165.63",
        "201711": "160.61",
        "201712": "158.26",
        "201801": "161.82",
        "201802": "157.19",
        "201803": "157.13",
        "201804": "162.67",
        "201805": "176.91",
        "201806": "180.62",
        "201807": "172.48",
        "201808": "162.78",
        "201809": "145.16",
        "201810": "138.39",
        "201811": "143.86",
        "201812": "147.95",
        "201901": "151.12",
        "201902": "164.12",
        "201903": "209.65",
        "201904": "242.15",
        "201905": "254.43",
        "201906": "298.45",
        "201907": "308.00",
        "201908": "373.17",
        "201909": "385.63",
        "201910": "391.79",
        "201911": "379.88",
        "201912": "371.23",
        "202001": "439.93",
        "202002": "525.24",
        "202003": "546.30",
        "202004": "575.30",
        "202005": "528.80",
        "202006": "648.35",
        "202007": "773.30",
        "202008": "801.62",
        "202009": "829.27",
        "202010": "769.47",
        "202011": "712.24",
        "202012": "694.57",
        "202101": "789.75",
        "202102": "826.38",
        "202103": "747.86",
        "202104": "768.11",
        "202105": "798.19",
        "202106": "887.43",
        "202107": "834.23",
        "202108": "760.36",
        "202109": "661.85",
        "202110": "701.00",
        "202111": "779.95",
        "202112": "795.91",
        "202201": "742.11",
        "202202": "709.13",
        "202203": "727.61",
        "202204": "743.11",
        "202205": "720.05",
        "202206": "729.33",
        "202207": "674.12",
        "202208": "385.70",
        "202209": "358.71",
        "202210": "352.20",
        "202211": "379.64",
        "202212": "406.66",
        "202301": "469.19",
        "202302": "509.25",
        "202303": "559.35",
        "202304": "533.53",
        "202305": "551.91",
        "202306": "619.25",
        "202307": "626.95",
        "202308": "574.55",
        "202309": "614.00",
        "202310": "626.70",
        "202311": "647.23",
        "202312": "727.67"
    },
    "quarters": {
        "20011": {
            "year_quarter": 20011,
            "year": 2001,
            "quarter": 1,
            "eps": null,
            "eps_growth_year": null,
            "eps_4q": null,
            "eps_4q_growth_year": null,
            "roe": null,
            "roe_4q": 0,
            "gross_profit": null,
            "gross_margin": null,
            "gross_margin_4q_avg": 0,
            "net_income": null,
            "net_income_4q": null,
            "revenue": null,
            "revenue_4q": null,
            "common_shares": null,
            "book_valuer_per_share": null,
            "book_valuer_per_share_4q_avg": 0,
            "equity": null,
            "current_ratio": null,
            "debt_ratio": null,
            "inventory_turnover_ratio": null,
            "account_receivable_turnover_ratio": null,
            "reinvestment_rate": null,
            "research_to_sale_ratio": null,
            "price_fair": 0,
            "eps_avg_yearly": 0,
            "eps_latest_yearly": 0,
            "eps_growth_yearly": 0
        },
        "20012": {
            "year_quarter": 20012,
            "year": 2001,
            "quarter": 2,
            "eps": null,
            "eps_growth_year": null,
            "eps_4q": null,
            "eps_4q_growth_year": null,
            "roe": null,
            "roe_4q": 0,
            "gross_profit": null,
            "gross_margin": null,
            "gross_margin_4q_avg": 0,
            "net_income": null,
            "net_income_4q": null,
            "revenue": null,
            "revenue_4q": null,
            "common_shares": null,
            "book_valuer_per_share": null,
            "book_valuer_per_share_4q_avg": 0,
            "equity": null,
            "current_ratio": null,
            "debt_ratio": null,
            "inventory_turnover_ratio": null,
            "account_receivable_turnover_ratio": null,
            "reinvestment_rate": null,
            "research_to_sale_ratio": null,
            "price_fair": 0,
            "eps_avg_yearly": 0,
            "eps_latest_yearly": 0,
            "eps_growth_yearly": 0
        },
        "20013": {
            "year_quarter": 20013,
            "year": 2001,
            "quarter": 3,
            "eps": null,
            "eps_growth_year": null,
            "eps_4q": null,
            "eps_4q_growth_year": null,
            "roe": null,
            "roe_4q": 0,
            "gross_profit": null,
            "gross_margin": null,
            "gross_margin_4q_avg": 0,
            "net_income": null,
            "net_income_4q": null,
            "revenue": null,
            "revenue_4q": null,
            "common_shares": null,
            "book_valuer_per_share": null,
            "book_valuer_per_share_4q_avg": 0,
            "equity": null,
            "current_ratio": null,
            "debt_ratio": null,
            "inventory_turnover_ratio": null,
            "account_receivable_turnover_ratio": null,
            "reinvestment_rate": null,
            "research_to_sale_ratio": null,
            "price_fair": 0,
            "eps_avg_yearly": 0,
            "eps_latest_yearly": 0,
            "eps_growth_yearly": 0
        },
        "20014": {
            "year_quarter": 20014,
            "year": 2001,
            "quarter": 4,
            "eps": null,
            "eps_growth_year": null,
            "eps_4q": null,
            "eps_4q_growth_year": null,
            "roe": null,
            "roe_4q": 0,
            "gross_profit": null,
            "gross_margin": null,
            "gross_margin_4q_avg": 0,
            "net_income": null,
            "net_income_4q": null,
            "revenue": null,
            "revenue_4q": null,
            "common_shares": 145000,
            "book_valuer_per_share": 35.52,
            "book_valuer_per_share_4q_avg": 8.88,
            "equity": 515047,
            "current_ratio": 136.21,
            "debt_ratio": 46.45,
            "inventory_turnover_ratio": null,
            "account_receivable_turnover_ratio": null,
            "reinvestment_rate": null,
            "research_to_sale_ratio": null,
            "price_fair": 0,
            "eps_avg_yearly": 0,
            "eps_latest_yearly": 0,
            "eps_growth_yearly": 0
        },
        "20021": {
            "year_quarter": 20021,
            "year": 2002,
            "quarter": 1,
            "eps": null,
            "eps_growth_year": null,
            "eps_4q": null,
            "eps_4q_growth_year": null,
            "roe": null,
            "roe_4q": 0,
            "gross_profit": null,
            "gross_margin": null,
            "gross_margin_4q_avg": 0,
            "net_income": null,
            "net_income_4q": null,
            "revenue": null,
            "revenue_4q": null,
            "common_shares": null,
            "book_valuer_per_share": null,
            "book_valuer_per_share_4q_avg": 8.88,
            "equity": null,
            "current_ratio": null,
            "debt_ratio": null,
            "inventory_turnover_ratio": null,
            "account_receivable_turnover_ratio": null,
            "reinvestment_rate": null,
            "research_to_sale_ratio": null,
            "price_fair": 0,
            "eps_avg_yearly": 0,
            "eps_latest_yearly": 0,
            "eps_growth_yearly": 0
        },
        "20022": {
            "year_quarter": 20022,
            "year": 2002,
            "quarter": 2,
            "eps": null,
            "eps_growth_year": null,
            "eps_4q": null,
            "eps_4q_growth_year": null,
            "roe": null,
            "roe_4q": 0,
            "gross_profit": null,
            "gross_margin": null,
            "gross_margin_4q_avg": 0,
            "net_income": null,
            "net_income_4q": null,
            "revenue": null,
            "revenue_4q": null,
            "common_shares": null,
            "book_valuer_per_share": null,
            "book_valuer_per_share_4q_avg": 8.88,
            "equity": null,
            "current_ratio": null,
            "debt_ratio": null,
            "inventory_turnover_ratio": null,
            "account_receivable_turnover_ratio": null,
            "reinvestment_rate": null,
            "research_to_sale_ratio": null,
            "price_fair": 0,
            "eps_avg_yearly": 0,
            "eps_latest_yearly": 0,
            "eps_growth_yearly": 0
        },
        "20023": {
            "year_quarter": 20023,
            "year": 2002,
            "quarter": 3,
            "eps": null,
            "eps_growth_year": null,
            "eps_4q": null,
            "eps_4q_growth_year": null,
            "roe": null,
            "roe_4q": 0,
            "gross_profit": null,
            "gross_margin": null,
            "gross_margin_4q_avg": 0,
            "net_income": null,
            "net_income_4q": null,
            "revenue": null,
            "revenue_4q": null,
            "common_shares": null,
            "book_valuer_per_share": null,
            "book_valuer_per_share_4q_avg": 8.88,
            "equity": null,
            "current_ratio": null,
            "debt_ratio": null,
            "inventory_turnover_ratio": null,
            "account_receivable_turnover_ratio": null,
            "reinvestment_rate": null,
            "research_to_sale_ratio": null,
            "price_fair": 0,
            "eps_avg_yearly": 0,
            "eps_latest_yearly": 0,
            "eps_growth_yearly": 0
        },
        "20024": {
            "year_quarter": 20024,
            "year": 2002,
            "quarter": 4,
            "eps": null,
            "eps_growth_year": null,
            "eps_4q": null,
            "eps_4q_growth_year": null,
            "roe": null,
            "roe_4q": 0,
            "gross_profit": null,
            "gross_margin": null,
            "gross_margin_4q_avg": 0,
            "net_income": null,
            "net_income_4q": null,
            "revenue": null,
            "revenue_4q": null,
            "common_shares": 162000,
            "book_valuer_per_share": 39.46,
            "book_valuer_per_share_4q_avg": 9.87,
            "equity": 639228,
            "current_ratio": 178.98,
            "debt_ratio": 38.42,
            "inventory_turnover_ratio": null,
            "account_receivable_turnover_ratio": null,
            "reinvestment_rate": null,
            "research_to_sale_ratio": null,
            "price_fair": 0,
            "eps_avg_yearly": 0,
            "eps_latest_yearly": 0,
            "eps_growth_yearly": 0
        },
        "20031": {
            "year_quarter": 20031,
            "year": 2003,
            "quarter": 1,
            "eps": 0.63,
            "eps_growth_year": null,
            "eps_4q": null,
            "eps_4q_growth_year": null,
            "roe": 1.57,
            "roe_4q": 1.57,
            "gross_profit": 73187,
            "gross_margin": 60.87,
            "gross_margin_4q_avg": 15.22,
            "net_income": 10140,
            "net_income_4q": null,
            "revenue": 120227,
            "revenue_4q": null,
            "common_shares": 162000,
            "book_valuer_per_share": 40.08,
            "book_valuer_per_share_4q_avg": 19.89,
            "equity": 649368,
            "current_ratio": 205.08,
            "debt_ratio": 34.1,
            "inventory_turnover_ratio": 0.16,
            "account_receivable_turnover_ratio": null,
            "reinvestment_rate": null,
            "research_to_sale_ratio": null,
            "price_fair": 0,
            "eps_avg_yearly": 0,
            "eps_latest_yearly": 0,
            "eps_growth_yearly": 0
        },
        "20032": {
            "year_quarter": 20032,
            "year": 2003,
            "quarter": 2,
            "eps": -0.24,
            "eps_growth_year": null,
            "eps_4q": null,
            "eps_4q_growth_year": null,
            "roe": -0.81,
            "roe_4q": 0.76,
            "gross_profit": 89260,
            "gross_margin": 57.98,
            "gross_margin_4q_avg": 29.71,
            "net_income": -5147,
            "net_income_4q": null,
            "revenue": 153953,
            "revenue_4q": null,
            "common_shares": 162000,
            "book_valuer_per_share": 38.67,
            "book_valuer_per_share_4q_avg": 29.55,
            "equity": 626466,
            "current_ratio": 200.44,
            "debt_ratio": 35.03,
            "inventory_turnover_ratio": 0.26,
            "account_receivable_turnover_ratio": null,
            "reinvestment_rate": null,
            "research_to_sale_ratio": null,
            "price_fair": 0,
            "eps_avg_yearly": 0,
            "eps_latest_yearly": 0,
            "eps_growth_yearly": 0
        },
        "20033": {
            "year_quarter": 20033,
            "year": 2003,
            "quarter": 3,
            "eps": null,
            "eps_growth_year": null,
            "eps_4q": null,
            "eps_4q_growth_year": null,
            "roe": null,
            "roe_4q": 0.76,
            "gross_profit": null,
            "gross_margin": null,
            "gross_margin_4q_avg": 29.71,
            "net_income": null,
            "net_income_4q": null,
            "revenue": null,
            "revenue_4q": null,
            "common_shares": null,
            "book_valuer_per_share": null,
            "book_valuer_per_share_4q_avg": 29.55,
            "equity": null,
            "current_ratio": null,
            "debt_ratio": null,
            "inventory_turnover_ratio": null,
            "account_receivable_turnover_ratio": null,
            "reinvestment_rate": null,
            "research_to_sale_ratio": null,
            "price_fair": 0,
            "eps_avg_yearly": 0,
            "eps_latest_yearly": 0,
            "eps_growth_yearly": 0
        },
        "20034": {
            "year_quarter": 20034,
            "year": 2003,
            "quarter": 4,
            "eps": null,
            "eps_growth_year": null,
            "eps_4q": null,
            "eps_4q_growth_year": null,
            "roe": null,
            "roe_4q": 0.76,
            "gross_profit": null,
            "gross_margin": null,
            "gross_margin_4q_avg": 29.71,
            "net_income": null,
            "net_income_4q": null,
            "revenue": null,
            "revenue_4q": null,
            "common_shares": 210600,
            "book_valuer_per_share": 34.02,
            "book_valuer_per_share_4q_avg": 28.19,
            "equity": 716515,
            "current_ratio": 422.41,
            "debt_ratio": 18.02,
            "inventory_turnover_ratio": null,
            "account_receivable_turnover_ratio": null,
            "reinvestment_rate": null,
            "research_to_sale_ratio": null,
            "price_fair": 0,
            "eps_avg_yearly": 0,
            "eps_latest_yearly": 0,
            "eps_growth_yearly": 0
        },
        "20041": {
            "year_quarter": 20041,
            "year": 2004,
            "quarter": 1,
            "eps": 1.46,
            "eps_growth_year": 131.75,
            "eps_4q": null,
            "eps_4q_growth_year": null,
            "roe": 4.19,
            "roe_4q": 3.3800000000000003,
            "gross_profit": 86717,
            "gross_margin": 60.03,
            "gross_margin_4q_avg": 29.5,
            "net_income": 30694,
            "net_income_4q": null,
            "revenue": 144459,
            "revenue_4q": null,
            "common_shares": 210600,
            "book_valuer_per_share": 35.48,
            "book_valuer_per_share_4q_avg": 27.04,
            "equity": 747209,
            "current_ratio": 566.88,
            "debt_ratio": 15.19,
            "inventory_turnover_ratio": 0.33,
            "account_receivable_turnover_ratio": null,
            "reinvestment_rate": null,
            "research_to_sale_ratio": null,
            "price_fair": 0,
            "eps_avg_yearly": 0,
            "eps_latest_yearly": 0,
            "eps_growth_yearly": 0
        },
        "20042": {
            "year_quarter": 20042,
            "year": 2004,
            "quarter": 2,
            "eps": 2.24,
            "eps_growth_year": null,
            "eps_4q": null,
            "eps_4q_growth_year": null,
            "roe": 9.19,
            "roe_4q": 13.379999999999999,
            "gross_profit": 143580,
            "gross_margin": 62.11,
            "gross_margin_4q_avg": 30.54,
            "net_income": 67703,
            "net_income_4q": null,
            "revenue": 231164,
            "revenue_4q": null,
            "common_shares": 210600,
            "book_valuer_per_share": 34.46,
            "book_valuer_per_share_4q_avg": 25.99,
            "equity": 725693,
            "current_ratio": 240.55,
            "debt_ratio": 25.54,
            "inventory_turnover_ratio": 0.52,
            "account_receivable_turnover_ratio": null,
            "reinvestment_rate": null,
            "research_to_sale_ratio": null,
            "price_fair": 313.6,
            "eps_avg_yearly": 8.96,
            "eps_latest_yearly": 8.96,
            "eps_growth_yearly": 213.7
        },
        "20043": {
            "year_quarter": 20043,
            "year": 2004,
            "quarter": 3,
            "eps": 2.24,
            "eps_growth_year": null,
            "eps_4q": null,
            "eps_4q_growth_year": null,
            "roe": 8.9,
            "roe_4q": 22.28,
            "gross_profit": 140941,
            "gross_margin": 60.94,
            "gross_margin_4q_avg": 45.77,
            "net_income": 67625,
            "net_income_4q": null,
            "revenue": 231262,
            "revenue_4q": null,
            "common_shares": 301668,
            "book_valuer_per_share": 26.3,
            "book_valuer_per_share_4q_avg": 32.57,
            "equity": 793430,
            "current_ratio": 415.63,
            "debt_ratio": 16.43,
            "inventory_turnover_ratio": 0.55,
            "account_receivable_turnover_ratio": null,
            "reinvestment_rate": null,
            "research_to_sale_ratio": null,
            "price_fair": 313.6,
            "eps_avg_yearly": 8.96,
            "eps_latest_yearly": 8.96,
            "eps_growth_yearly": 106.85
        },
        "20044": {
            "year_quarter": 20044,
            "year": 2004,
            "quarter": 4,
            "eps": 1.57,
            "eps_growth_year": null,
            "eps_4q": 7.06,
            "eps_4q_growth_year": null,
            "roe": 5.81,
            "roe_4q": 28.09,
            "gross_profit": 144774,
            "gross_margin": 59.21,
            "gross_margin_4q_avg": 60.57,
            "net_income": 47475,
            "net_income_4q": null,
            "revenue": 244525,
            "revenue_4q": null,
            "common_shares": 301668,
            "book_valuer_per_share": 27.84,
            "book_valuer_per_share_4q_avg": 31.02,
            "equity": 839704,
            "current_ratio": 401.6,
            "debt_ratio": 17.51,
            "inventory_turnover_ratio": 0.63,
            "account_receivable_turnover_ratio": null,
            "reinvestment_rate": null,
            "research_to_sale_ratio": null,
            "price_fair": 282.33,
            "eps_avg_yearly": 8.07,
            "eps_latest_yearly": 6.28,
            "eps_growth_yearly": 31.35
        },
        "20051": {
            "year_quarter": 20051,
            "year": 2005,
            "quarter": 1,
            "eps": null,
            "eps_growth_year": null,
            "eps_4q": null,
            "eps_4q_growth_year": null,
            "roe": null,
            "roe_4q": 23.9,
            "gross_profit": null,
            "gross_margin": null,
            "gross_margin_4q_avg": 45.57,
            "net_income": null,
            "net_income_4q": null,
            "revenue": null,
            "revenue_4q": null,
            "common_shares": null,
            "book_valuer_per_share": null,
            "book_valuer_per_share_4q_avg": 22.15,
            "equity": null,
            "current_ratio": null,
            "debt_ratio": null,
            "inventory_turnover_ratio": null,
            "account_receivable_turnover_ratio": null,
            "reinvestment_rate": null,
            "research_to_sale_ratio": null,
            "price_fair": 282.33,
            "eps_avg_yearly": 8.07,
            "eps_latest_yearly": 6.28,
            "eps_growth_yearly": 31.35
        },
        "20052": {
            "year_quarter": 20052,
            "year": 2005,
            "quarter": 2,
            "eps": null,
            "eps_growth_year": null,
            "eps_4q": null,
            "eps_4q_growth_year": null,
            "roe": null,
            "roe_4q": 14.71,
            "gross_profit": null,
            "gross_margin": null,
            "gross_margin_4q_avg": 30.04,
            "net_income": null,
            "net_income_4q": null,
            "revenue": null,
            "revenue_4q": null,
            "common_shares": null,
            "book_valuer_per_share": null,
            "book_valuer_per_share_4q_avg": 13.54,
            "equity": null,
            "current_ratio": null,
            "debt_ratio": null,
            "inventory_turnover_ratio": null,
            "account_receivable_turnover_ratio": null,
            "reinvestment_rate": null,
            "research_to_sale_ratio": null,
            "price_fair": 282.33,
            "eps_avg_yearly": 8.07,
            "eps_latest_yearly": 6.28,
            "eps_growth_yearly": 31.35
        },
        "20053": {
            "year_quarter": 20053,
            "year": 2005,
            "quarter": 3,
            "eps": 3.04,
            "eps_growth_year": 35.71,
            "eps_4q": null,
            "eps_4q_growth_year": null,
            "roe": 12.63,
            "roe_4q": 18.44,
            "gross_profit": 228018,
            "gross_margin": 72.46,
            "gross_margin_4q_avg": 32.92,
            "net_income": 111010,
            "net_income_4q": null,
            "revenue": 314697,
            "revenue_4q": null,
            "common_shares": 365622,
            "book_valuer_per_share": 24.04,
            "book_valuer_per_share_4q_avg": 12.97,
            "equity": 878991,
            "current_ratio": 419.39,
            "debt_ratio": 16.2,
            "inventory_turnover_ratio": 0.68,
            "account_receivable_turnover_ratio": null,
            "reinvestment_rate": null,
            "research_to_sale_ratio": null,
            "price_fair": 282.33,
            "eps_avg_yearly": 8.07,
            "eps_latest_yearly": 6.28,
            "eps_growth_yearly": 31.35
        },
        "20054": {
            "year_quarter": 20054,
            "year": 2005,
            "quarter": 4,
            "eps": 3.96,
            "eps_growth_year": 152.23,
            "eps_4q": null,
            "eps_4q_growth_year": null,
            "roe": 15.02,
            "roe_4q": 27.65,
            "gross_profit": 287056,
            "gross_margin": 75.22,
            "gross_margin_4q_avg": 36.92,
            "net_income": 144879,
            "net_income_4q": null,
            "revenue": 381630,
            "revenue_4q": null,
            "common_shares": 365622,
            "book_valuer_per_share": 27.9,
            "book_valuer_per_share_4q_avg": 12.99,
            "equity": 1050621,
            "current_ratio": 365.77,
            "debt_ratio": 19.79,
            "inventory_turnover_ratio": 0.74,
            "account_receivable_turnover_ratio": null,
            "reinvestment_rate": null,
            "research_to_sale_ratio": null,
            "price_fair": 350.35,
            "eps_avg_yearly": 10.01,
            "eps_latest_yearly": 15.84,
            "eps_growth_yearly": 53.78
        },
        "20061": {
            "year_quarter": 20061,
            "year": 2006,
            "quarter": 1,
            "eps": 4.02,
            "eps_growth_year": null,
            "eps_4q": null,
            "eps_4q_growth_year": null,
            "roe": 13.23,
            "roe_4q": 40.88,
            "gross_profit": 269873,
            "gross_margin": 78.87,
            "gross_margin_4q_avg": 56.64,
            "net_income": 146976,
            "net_income_4q": null,
            "revenue": 342192,
            "revenue_4q": null,
            "common_shares": 365622,
            "book_valuer_per_share": 32.01,
            "book_valuer_per_share_4q_avg": 20.99,
            "equity": 1170498,
            "current_ratio": 436.71,
            "debt_ratio": 16.89,
            "inventory_turnover_ratio": 0.56,
            "account_receivable_turnover_ratio": null,
            "reinvestment_rate": null,
            "research_to_sale_ratio": null,
            "price_fair": 392.84,
            "eps_avg_yearly": 11.22,
            "eps_latest_yearly": 16.08,
            "eps_growth_yearly": 44.23
        },
        "20062": {
            "year_quarter": 20062,
            "year": 2006,
            "quarter": 2,
            "eps": 4.14,
            "eps_growth_year": null,
            "eps_4q": 15.15,
            "eps_4q_growth_year": null,
            "roe": 14.27,
            "roe_4q": 55.15,
            "gross_profit": 300151,
            "gross_margin": 73.96,
            "gross_margin_4q_avg": 75.13,
            "net_income": 151481,
            "net_income_4q": null,
            "revenue": 405802,
            "revenue_4q": null,
            "common_shares": 365622,
            "book_valuer_per_share": 26.05,
            "book_valuer_per_share_4q_avg": 27.5,
            "equity": 952273,
            "current_ratio": 170.25,
            "debt_ratio": 41.51,
            "inventory_turnover_ratio": 0.84,
            "account_receivable_turnover_ratio": null,
            "reinvestment_rate": null,
            "research_to_sale_ratio": null,
            "price_fair": 423.97,
            "eps_avg_yearly": 12.11,
            "eps_latest_yearly": 16.56,
            "eps_growth_yearly": 38.85
        },
        "20063": {
            "year_quarter": 20063,
            "year": 2006,
            "quarter": 3,
            "eps": 2.86,
            "eps_growth_year": -5.92,
            "eps_4q": 12.86,
            "eps_4q_growth_year": null,
            "roe": 9.94,
            "roe_4q": 52.459999999999994,
            "gross_profit": 280766,
            "gross_margin": 75.02,
            "gross_margin_4q_avg": 75.77,
            "net_income": 126753,
            "net_income_4q": null,
            "revenue": 374236,
            "revenue_4q": null,
            "common_shares": 472448,
            "book_valuer_per_share": 33.81,
            "book_valuer_per_share_4q_avg": 29.94,
            "equity": 1597219,
            "current_ratio": 288.32,
            "debt_ratio": 27.83,
            "inventory_turnover_ratio": 0.71,
            "account_receivable_turnover_ratio": null,
            "reinvestment_rate": null,
            "research_to_sale_ratio": null,
            "price_fair": 308.05,
            "eps_avg_yearly": 12.02,
            "eps_latest_yearly": 11.44,
            "eps_growth_yearly": 15.63
        },
        "20064": {
            "year_quarter": 20064,
            "year": 2006,
            "quarter": 4,
            "eps": 3.38,
            "eps_growth_year": -14.65,
            "eps_4q": 12.9,
            "eps_4q_growth_year": null,
            "roe": 8.91,
            "roe_4q": 46.35000000000001,
            "gross_profit": 326239,
            "gross_margin": 74.39,
            "gross_margin_4q_avg": 75.56,
            "net_income": 151037,
            "net_income_4q": null,
            "revenue": 438580,
            "revenue_4q": null,
            "common_shares": 472448,
            "book_valuer_per_share": 37.05,
            "book_valuer_per_share_4q_avg": 32.23,
            "equity": 1791198,
            "current_ratio": 517.02,
            "debt_ratio": 16.42,
            "inventory_turnover_ratio": 0.82,
            "account_receivable_turnover_ratio": null,
            "reinvestment_rate": null,
            "research_to_sale_ratio": null,
            "price_fair": 399.97,
            "eps_avg_yearly": 12.21,
            "eps_latest_yearly": 13.52,
            "eps_growth_yearly": 22.77
        },
        "20071": {
            "year_quarter": 20071,
            "year": 2007,
            "quarter": 1,
            "eps": 4.39,
            "eps_growth_year": 9.2,
            "eps_4q": 13.47,
            "eps_4q_growth_year": null,
            "roe": 11.05,
            "roe_4q": 44.17,
            "gross_profit": 383159,
            "gross_margin": 77.55,
            "gross_margin_4q_avg": 75.23,
            "net_income": 207547,
            "net_income_4q": null,
            "revenue": 494056,
            "revenue_4q": null,
            "common_shares": 472448,
            "book_valuer_per_share": 41.58,
            "book_valuer_per_share_4q_avg": 34.62,
            "equity": 1964652,
            "current_ratio": 492.97,
            "debt_ratio": 17.15,
            "inventory_turnover_ratio": 0.72,
            "account_receivable_turnover_ratio": null,
            "reinvestment_rate": null,
            "research_to_sale_ratio": null,
            "price_fair": 448,
            "eps_avg_yearly": 12.8,
            "eps_latest_yearly": 17.56,
            "eps_growth_yearly": 33.52
        },
        "20072": {
            "year_quarter": 20072,
            "year": 2007,
            "quarter": 2,
            "eps": 3.64,
            "eps_growth_year": -12.08,
            "eps_4q": 12.52,
            "eps_4q_growth_year": -17.36,
            "roe": 10.87,
            "roe_4q": 40.77,
            "gross_profit": 414957,
            "gross_margin": 80.28,
            "gross_margin_4q_avg": 76.81,
            "net_income": 198949,
            "net_income_4q": null,
            "revenue": 516881,
            "revenue_4q": null,
            "common_shares": 472448,
            "book_valuer_per_share": 35.92,
            "book_valuer_per_share_4q_avg": 37.09,
            "equity": 1697092,
            "current_ratio": 236.34,
            "debt_ratio": 34.52,
            "inventory_turnover_ratio": 0.53,
            "account_receivable_turnover_ratio": null,
            "reinvestment_rate": null,
            "research_to_sale_ratio": null,
            "price_fair": 432.56,
            "eps_avg_yearly": 12.98,
            "eps_latest_yearly": 14.56,
            "eps_growth_yearly": 23.34
        },
        "20073": {
            "year_quarter": 20073,
            "year": 2007,
            "quarter": 3,
            "eps": 5.06,
            "eps_growth_year": 76.92,
            "eps_4q": 15.26,
            "eps_4q_growth_year": 18.67,
            "roe": 15.07,
            "roe_4q": 45.89999999999999,
            "gross_profit": 545021,
            "gross_margin": 75.35,
            "gross_margin_4q_avg": 76.89,
            "net_income": 276446,
            "net_income_4q": null,
            "revenue": 723329,
            "revenue_4q": null,
            "common_shares": 546536,
            "book_valuer_per_share": 36.08,
            "book_valuer_per_share_4q_avg": 37.66,
            "equity": 1971809,
            "current_ratio": 499.09,
            "debt_ratio": 16.73,
            "inventory_turnover_ratio": 0.85,
            "account_receivable_turnover_ratio": null,
            "reinvestment_rate": null,
            "research_to_sale_ratio": null,
            "price_fair": 477.27,
            "eps_avg_yearly": 13.64,
            "eps_latest_yearly": 20.24,
            "eps_growth_yearly": 35.4
        },
        "20074": {
            "year_quarter": 20074,
            "year": 2007,
            "quarter": 4,
            "eps": 5.04,
            "eps_growth_year": 49.11,
            "eps_4q": 17.54,
            "eps_4q_growth_year": 36.03,
            "roe": 12.93,
            "roe_4q": 49.92,
            "gross_profit": 503855,
            "gross_margin": 77.11,
            "gross_margin_4q_avg": 77.57,
            "net_income": 275314,
            "net_income_4q": null,
            "revenue": 653418,
            "revenue_4q": null,
            "common_shares": 546536,
            "book_valuer_per_share": 41,
            "book_valuer_per_share_4q_avg": 38.65,
            "equity": 2287844,
            "current_ratio": 508.66,
            "debt_ratio": 17.01,
            "inventory_turnover_ratio": 0.71,
            "account_receivable_turnover_ratio": null,
            "reinvestment_rate": null,
            "research_to_sale_ratio": null,
            "price_fair": 496.3,
            "eps_avg_yearly": 14.18,
            "eps_latest_yearly": 20.16,
            "eps_growth_yearly": 32.32
        },
        "20081": {
            "year_quarter": 20081,
            "year": 2008,
            "quarter": 1,
            "eps": 2.76,
            "eps_growth_year": -37.13,
            "eps_4q": 17.37,
            "eps_4q_growth_year": 28.98,
            "roe": 6.08,
            "roe_4q": 44.949999999999996,
            "gross_profit": 406198,
            "gross_margin": 83.52,
            "gross_margin_4q_avg": 79.07,
            "net_income": 143233,
            "net_income_4q": null,
            "revenue": 486352,
            "revenue_4q": null,
            "common_shares": 546536,
            "book_valuer_per_share": 43.71,
            "book_valuer_per_share_4q_avg": 39.18,
            "equity": 2427395,
            "current_ratio": 585.11,
            "debt_ratio": 14.89,
            "inventory_turnover_ratio": 0.35,
            "account_receivable_turnover_ratio": null,
            "reinvestment_rate": null,
            "research_to_sale_ratio": null,
            "price_fair": 361.18,
            "eps_avg_yearly": 13.94,
            "eps_latest_yearly": 11.04,
            "eps_growth_yearly": 15.91
        },
        "20082": {
            "year_quarter": 20082,
            "year": 2008,
            "quarter": 2,
            "eps": 3.17,
            "eps_growth_year": -12.91,
            "eps_4q": 15.18,
            "eps_4q_growth_year": 21.27,
            "roe": 8.54,
            "roe_4q": 42.62,
            "gross_profit": 490716,
            "gross_margin": 78.18,
            "gross_margin_4q_avg": 78.54,
            "net_income": 186759,
            "net_income_4q": null,
            "revenue": 627700,
            "revenue_4q": null,
            "common_shares": 549111,
            "book_valuer_per_share": 34.78,
            "book_valuer_per_share_4q_avg": 38.89,
            "equity": 1944190,
            "current_ratio": 231.95,
            "debt_ratio": 36.14,
            "inventory_turnover_ratio": 0.63,
            "account_receivable_turnover_ratio": null,
            "reinvestment_rate": null,
            "research_to_sale_ratio": null,
            "price_fair": 199.79,
            "eps_avg_yearly": 14.22,
            "eps_latest_yearly": 12.68,
            "eps_growth_yearly": 4.05
        },
        "20083": {
            "year_quarter": 20083,
            "year": 2008,
            "quarter": 3,
            "eps": 3.36,
            "eps_growth_year": -33.6,
            "eps_4q": 13.74,
            "eps_4q_growth_year": -9.96,
            "roe": 9.99,
            "roe_4q": 37.54,
            "gross_profit": 523388,
            "gross_margin": 79.44,
            "gross_margin_4q_avg": 79.56,
            "net_income": 200829,
            "net_income_4q": null,
            "revenue": 658839,
            "revenue_4q": null,
            "common_shares": 607817,
            "book_valuer_per_share": 33.45,
            "book_valuer_per_share_4q_avg": 38.24,
            "equity": 2075859,
            "current_ratio": 459.11,
            "debt_ratio": 17.66,
            "inventory_turnover_ratio": 0.65,
            "account_receivable_turnover_ratio": null,
            "reinvestment_rate": null,
            "research_to_sale_ratio": null,
            "price_fair": 231.5,
            "eps_avg_yearly": 14.57,
            "eps_latest_yearly": 13.44,
            "eps_growth_yearly": 5.89
        },
        "20084": {
            "year_quarter": 20084,
            "year": 2008,
            "quarter": 4,
            "eps": 4.19,
            "eps_growth_year": -16.87,
            "eps_4q": 13.46,
            "eps_4q_growth_year": -23.27,
            "roe": 11.41,
            "roe_4q": 36.019999999999996,
            "gross_profit": 559985,
            "gross_margin": 76.88,
            "gross_margin_4q_avg": 79.51,
            "net_income": 248603,
            "net_income_4q": null,
            "revenue": 728403,
            "revenue_4q": null,
            "common_shares": 607858,
            "book_valuer_per_share": 36.87,
            "book_valuer_per_share_4q_avg": 37.2,
            "equity": 2280615,
            "current_ratio": 463.7,
            "debt_ratio": 17.88,
            "inventory_turnover_ratio": 0.74,
            "account_receivable_turnover_ratio": 4.26,
            "reinvestment_rate": null,
            "research_to_sale_ratio": null,
            "price_fair": 502.67,
            "eps_avg_yearly": 15.38,
            "eps_latest_yearly": 16.76,
            "eps_growth_yearly": 22.69
        },
        "20091": {
            "year_quarter": 20091,
            "year": 2009,
            "quarter": 1,
            "eps": 4.44,
            "eps_growth_year": 60.87,
            "eps_4q": 15.42,
            "eps_4q_growth_year": -11.24,
            "roe": 10.86,
            "roe_4q": 40.8,
            "gross_profit": 600801,
            "gross_margin": 79.51,
            "gross_margin_4q_avg": 78.5,
            "net_income": 262636,
            "net_income_4q": null,
            "revenue": 755617,
            "revenue_4q": null,
            "common_shares": 608667,
            "book_valuer_per_share": 41.33,
            "book_valuer_per_share_4q_avg": 36.61,
            "equity": 2554967,
            "current_ratio": 485.31,
            "debt_ratio": 17.55,
            "inventory_turnover_ratio": 0.64,
            "account_receivable_turnover_ratio": 2.29,
            "reinvestment_rate": null,
            "research_to_sale_ratio": null,
            "price_fair": 509.54,
            "eps_avg_yearly": 15.55,
            "eps_latest_yearly": 17.76,
            "eps_growth_yearly": 22.78
        },
        "20092": {
            "year_quarter": 20092,
            "year": 2009,
            "quarter": 2,
            "eps": 4.54,
            "eps_growth_year": 43.22,
            "eps_4q": 16.83,
            "eps_4q_growth_year": 10.86,
            "roe": 11.17,
            "roe_4q": 43.43,
            "gross_profit": 625620,
            "gross_margin": 78.12,
            "gross_margin_4q_avg": 78.49,
            "net_income": 267234,
            "net_income_4q": null,
            "revenue": 800815,
            "revenue_4q": null,
            "common_shares": 608828,
            "book_valuer_per_share": 36.16,
            "book_valuer_per_share_4q_avg": 36.95,
            "equity": 2228146,
            "current_ratio": 225.6,
            "debt_ratio": 36.32,
            "inventory_turnover_ratio": 0.74,
            "account_receivable_turnover_ratio": 2.35,
            "reinvestment_rate": 16.5,
            "research_to_sale_ratio": null,
            "price_fair": 500.83,
            "eps_avg_yearly": 15.72,
            "eps_latest_yearly": 18.16,
            "eps_growth_yearly": 21.86
        },
        "20093": {
            "year_quarter": 20093,
            "year": 2009,
            "quarter": 3,
            "eps": 4.78,
            "eps_growth_year": 42.26,
            "eps_4q": 17.49,
            "eps_4q_growth_year": 27.24,
            "roe": 12.64,
            "roe_4q": 46.08,
            "gross_profit": 704742,
            "gross_margin": 79.5,
            "gross_margin_4q_avg": 78.5,
            "net_income": 300856,
            "net_income_4q": null,
            "revenue": 886433,
            "revenue_4q": null,
            "common_shares": 668517,
            "book_valuer_per_share": 37.67,
            "book_valuer_per_share_4q_avg": 38.01,
            "equity": 2533409,
            "current_ratio": 398.32,
            "debt_ratio": 20.3,
            "inventory_turnover_ratio": 0.85,
            "account_receivable_turnover_ratio": 2.3,
            "reinvestment_rate": 4.8,
            "research_to_sale_ratio": null,
            "price_fair": 506.89,
            "eps_avg_yearly": 15.93,
            "eps_latest_yearly": 19.12,
            "eps_growth_yearly": 21.81
        },
        "20094": {
            "year_quarter": 20094,
            "year": 2009,
            "quarter": 4,
            "eps": 6.03,
            "eps_growth_year": 43.91,
            "eps_4q": 18.95,
            "eps_4q_growth_year": 40.78,
            "roe": 14.42,
            "roe_4q": 49.09,
            "gross_profit": 718205,
            "gross_margin": 76.34,
            "gross_margin_4q_avg": 78.37,
            "net_income": 393878,
            "net_income_4q": null,
            "revenue": 940832,
            "revenue_4q": null,
            "common_shares": 668547,
            "book_valuer_per_share": 44.45,
            "book_valuer_per_share_4q_avg": 39.9,
            "equity": 2931162,
            "current_ratio": 403.15,
            "debt_ratio": 20.3,
            "inventory_turnover_ratio": 1.21,
            "account_receivable_turnover_ratio": 4.93,
            "reinvestment_rate": 7.81,
            "research_to_sale_ratio": null,
            "price_fair": 506.44,
            "eps_avg_yearly": 16.45,
            "eps_latest_yearly": 24.12,
            "eps_growth_yearly": 20.79
        },
        "20101": {
            "year_quarter": 20101,
            "year": 2010,
            "quarter": 1,
            "eps": 4.09,
            "eps_growth_year": -7.88,
            "eps_4q": 18.99,
            "eps_4q_growth_year": 23.12,
            "roe": 8.69,
            "roe_4q": 46.92,
            "gross_profit": 674311,
            "gross_margin": 81.87,
            "gross_margin_4q_avg": 78.96,
            "net_income": 266478,
            "net_income_4q": null,
            "revenue": 823637,
            "revenue_4q": null,
            "common_shares": 669472,
            "book_valuer_per_share": 48.57,
            "book_valuer_per_share_4q_avg": 41.71,
            "equity": 3204127,
            "current_ratio": 394.42,
            "debt_ratio": 20.19,
            "inventory_turnover_ratio": 0.85,
            "account_receivable_turnover_ratio": 2.06,
            "reinvestment_rate": 10.54,
            "research_to_sale_ratio": 20.7,
            "price_fair": 368.29,
            "eps_avg_yearly": 16.47,
            "eps_latest_yearly": 16.36,
            "eps_growth_yearly": 12.36
        },
        "20102": {
            "year_quarter": 20102,
            "year": 2010,
            "quarter": 2,
            "eps": 2.84,
            "eps_growth_year": -37.41,
            "eps_4q": 17,
            "eps_4q_growth_year": 0.99,
            "roe": 6.61,
            "roe_4q": 42.36,
            "gross_profit": 580972,
            "gross_margin": 77.27,
            "gross_margin_4q_avg": 78.75,
            "net_income": 194590,
            "net_income_4q": null,
            "revenue": 751871,
            "revenue_4q": null,
            "common_shares": 669774,
            "book_valuer_per_share": 40.46,
            "book_valuer_per_share_4q_avg": 42.79,
            "equity": 2681774,
            "current_ratio": 214.3,
            "debt_ratio": 36.68,
            "inventory_turnover_ratio": 0.97,
            "account_receivable_turnover_ratio": 1.8,
            "reinvestment_rate": 12.59,
            "research_to_sale_ratio": 22.78,
            "price_fair": 225.64,
            "eps_avg_yearly": 16.14,
            "eps_latest_yearly": 11.36,
            "eps_growth_yearly": 3.98
        },
        "20103": {
            "year_quarter": 20103,
            "year": 2010,
            "quarter": 3,
            "eps": 2.61,
            "eps_growth_year": -45.38,
            "eps_4q": 15.05,
            "eps_4q_growth_year": -13.94,
            "roe": 6.45,
            "roe_4q": 36.17,
            "gross_profit": 540502,
            "gross_margin": 81.3,
            "gross_margin_4q_avg": 79.2,
            "net_income": 179106,
            "net_income_4q": null,
            "revenue": 664841,
            "revenue_4q": null,
            "common_shares": 703692,
            "book_valuer_per_share": 41.27,
            "book_valuer_per_share_4q_avg": 43.69,
            "equity": 2873464,
            "current_ratio": 352.06,
            "debt_ratio": 20.04,
            "inventory_turnover_ratio": 0.75,
            "account_receivable_turnover_ratio": 1.63,
            "reinvestment_rate": 17.71,
            "research_to_sale_ratio": 27.55,
            "price_fair": 316.5,
            "eps_avg_yearly": 16.08,
            "eps_latest_yearly": 10.44,
            "eps_growth_yearly": 9.68
        },
        "20104": {
            "year_quarter": 20104,
            "year": 2010,
            "quarter": 4,
            "eps": 2.51,
            "eps_growth_year": -58.33,
            "eps_4q": 11.84,
            "eps_4q_growth_year": -37.54,
            "roe": 5.8,
            "roe_4q": 27.549999999999997,
            "gross_profit": 505384,
            "gross_margin": 74.45,
            "gross_margin_4q_avg": 78.72,
            "net_income": 171653,
            "net_income_4q": null,
            "revenue": 678855,
            "revenue_4q": null,
            "common_shares": 703962,
            "book_valuer_per_share": 43.77,
            "book_valuer_per_share_4q_avg": 43.52,
            "equity": 3044375,
            "current_ratio": 383.02,
            "debt_ratio": 18.55,
            "inventory_turnover_ratio": 0.99,
            "account_receivable_turnover_ratio": 1.81,
            "reinvestment_rate": 18.59,
            "research_to_sale_ratio": 24.34,
            "price_fair": 224.92,
            "eps_avg_yearly": 15.86,
            "eps_latest_yearly": 10.04,
            "eps_growth_yearly": 4.18
        },
        "20111": {
            "year_quarter": 20111,
            "year": 2011,
            "quarter": 1,
            "eps": 2.81,
            "eps_growth_year": -31.3,
            "eps_4q": 10.76,
            "eps_4q_growth_year": -43.32,
            "roe": 6.15,
            "roe_4q": 25.009999999999998,
            "gross_profit": 584395,
            "gross_margin": 84.01,
            "gross_margin_4q_avg": 79.26,
            "net_income": 193270,
            "net_income_4q": null,
            "revenue": 695653,
            "revenue_4q": null,
            "common_shares": 704532,
            "book_valuer_per_share": 46.64,
            "book_valuer_per_share_4q_avg": 43.04,
            "equity": 3244503,
            "current_ratio": 360.09,
            "debt_ratio": 19.28,
            "inventory_turnover_ratio": 0.56,
            "account_receivable_turnover_ratio": 1.83,
            "reinvestment_rate": 22.88,
            "research_to_sale_ratio": 24.88,
            "price_fair": 46.4,
            "eps_avg_yearly": 15.47,
            "eps_latest_yearly": 11.24,
            "eps_growth_yearly": -0.3
        },
        "20112": {
            "year_quarter": 20112,
            "year": 2011,
            "quarter": 2,
            "eps": 3.22,
            "eps_growth_year": 13.44,
            "eps_4q": 11.15,
            "eps_4q_growth_year": -34.4,
            "roe": 7.34,
            "roe_4q": 25.74,
            "gross_profit": 596821,
            "gross_margin": 80.2,
            "gross_margin_4q_avg": 79.99,
            "net_income": 222014,
            "net_income_4q": null,
            "revenue": 744150,
            "revenue_4q": null,
            "common_shares": 704532,
            "book_valuer_per_share": 40.37,
            "book_valuer_per_share_4q_avg": 43.01,
            "equity": 2809015,
            "current_ratio": 202.53,
            "debt_ratio": 33.12,
            "inventory_turnover_ratio": 0.69,
            "account_receivable_turnover_ratio": 1.77,
            "reinvestment_rate": 24.95,
            "research_to_sale_ratio": 26.22,
            "price_fair": 270.62,
            "eps_avg_yearly": 15.36,
            "eps_latest_yearly": 12.88,
            "eps_growth_yearly": 7.62
        },
        "20113": {
            "year_quarter": 20113,
            "year": 2011,
            "quarter": 3,
            "eps": 3.77,
            "eps_growth_year": 44.31,
            "eps_4q": 12.31,
            "eps_4q_growth_year": -18.21,
            "roe": 8.8,
            "roe_4q": 28.09,
            "gross_profit": 622773,
            "gross_margin": 79.68,
            "gross_margin_4q_avg": 79.59,
            "net_income": 258986,
            "net_income_4q": null,
            "revenue": 781602,
            "revenue_4q": null,
            "common_shares": 704595,
            "book_valuer_per_share": 44.16,
            "book_valuer_per_share_4q_avg": 43.74,
            "equity": 3075923,
            "current_ratio": 333.19,
            "debt_ratio": 18.79,
            "inventory_turnover_ratio": 0.72,
            "account_receivable_turnover_ratio": 1.85,
            "reinvestment_rate": 28.81,
            "research_to_sale_ratio": 24,
            "price_fair": 182.48,
            "eps_avg_yearly": 15.04,
            "eps_latest_yearly": 15.08,
            "eps_growth_yearly": 2.13
        },
        "20114": {
            "year_quarter": 20114,
            "year": 2011,
            "quarter": 4,
            "eps": 3.55,
            "eps_growth_year": 41.27,
            "eps_4q": 13.34,
            "eps_4q_growth_year": 12.68,
            "roe": 7.62,
            "roe_4q": 29.910000000000004,
            "gross_profit": 673189,
            "gross_margin": 79.92,
            "gross_margin_4q_avg": 80.95,
            "net_income": 244121,
            "net_income_4q": null,
            "revenue": 842316,
            "revenue_4q": null,
            "common_shares": 693387,
            "book_valuer_per_share": 47.8,
            "book_valuer_per_share_4q_avg": 44.74,
            "equity": 3329433,
            "current_ratio": 296.29,
            "debt_ratio": 21.63,
            "inventory_turnover_ratio": 0.74,
            "account_receivable_turnover_ratio": 1.89,
            "reinvestment_rate": 31.49,
            "research_to_sale_ratio": 26.3,
            "price_fair": 146.68,
            "eps_avg_yearly": 14.67,
            "eps_latest_yearly": 14.2,
            "eps_growth_yearly": 0.77
        },
        "20121": {
            "year_quarter": 20121,
            "year": 2012,
            "quarter": 1,
            "eps": 2.32,
            "eps_growth_year": -17.44,
            "eps_4q": 12.82,
            "eps_4q_growth_year": 19.18,
            "roe": 4.63,
            "roe_4q": 28.39,
            "gross_profit": 549974,
            "gross_margin": 82.55,
            "gross_margin_4q_avg": 80.59,
            "net_income": 158105,
            "net_income_4q": null,
            "revenue": 666216,
            "revenue_4q": null,
            "common_shares": 694739,
            "book_valuer_per_share": 50.08,
            "book_valuer_per_share_4q_avg": 45.6,
            "equity": 3499209,
            "current_ratio": 342.19,
            "debt_ratio": 19,
            "inventory_turnover_ratio": 0.47,
            "account_receivable_turnover_ratio": 1.54,
            "reinvestment_rate": 31.49,
            "research_to_sale_ratio": 26.95,
            "price_fair": 195.37,
            "eps_avg_yearly": 14.56,
            "eps_latest_yearly": 9.28,
            "eps_growth_yearly": 3.42
        },
        "20122": {
            "year_quarter": 20122,
            "year": 2012,
            "quarter": 2,
            "eps": 1.61,
            "eps_growth_year": -49.92,
            "eps_4q": 11.23,
            "eps_4q_growth_year": 0.68,
            "roe": 3.48,
            "roe_4q": 24.53,
            "gross_profit": 465172,
            "gross_margin": 81.95,
            "gross_margin_4q_avg": 81.03,
            "net_income": 110380,
            "net_income_4q": null,
            "revenue": 567605,
            "revenue_4q": null,
            "common_shares": 694739,
            "book_valuer_per_share": 40.71,
            "book_valuer_per_share_4q_avg": 45.69,
            "equity": 2846611,
            "current_ratio": 188.73,
            "debt_ratio": 34.03,
            "inventory_turnover_ratio": 0.39,
            "account_receivable_turnover_ratio": 1.44,
            "reinvestment_rate": 31.56,
            "research_to_sale_ratio": 34.17,
            "price_fair": 42.5,
            "eps_avg_yearly": 14.17,
            "eps_latest_yearly": 6.44,
            "eps_growth_yearly": -7.94
        },
        "20123": {
            "year_quarter": 20123,
            "year": 2012,
            "quarter": 3,
            "eps": 0.75,
            "eps_growth_year": -79.98,
            "eps_4q": 8.22,
            "eps_4q_growth_year": -33.19,
            "roe": 1.77,
            "roe_4q": 17.5,
            "gross_profit": 382511,
            "gross_margin": 82.92,
            "gross_margin_4q_avg": 81.84,
            "net_income": 50931,
            "net_income_4q": null,
            "revenue": 461324,
            "revenue_4q": null,
            "common_shares": 694764,
            "book_valuer_per_share": 41.45,
            "book_valuer_per_share_4q_avg": 45.01,
            "equity": 2896425,
            "current_ratio": 386.91,
            "debt_ratio": 14.82,
            "inventory_turnover_ratio": 0.3,
            "account_receivable_turnover_ratio": 1.19,
            "reinvestment_rate": 32.05,
            "research_to_sale_ratio": 39.43,
            "price_fair": 40.55,
            "eps_avg_yearly": 13.52,
            "eps_latest_yearly": 3,
            "eps_growth_yearly": -22.8
        },
        "20124": {
            "year_quarter": 20124,
            "year": 2012,
            "quarter": 4,
            "eps": -0.19,
            "eps_growth_year": -105.49,
            "eps_4q": 4.49,
            "eps_4q_growth_year": -66.36,
            "roe": -0.53,
            "roe_4q": 9.35,
            "gross_profit": 328041,
            "gross_margin": 82.64,
            "gross_margin_4q_avg": 82.52,
            "net_income": -15186,
            "net_income_4q": null,
            "revenue": 396930,
            "revenue_4q": null,
            "common_shares": 694764,
            "book_valuer_per_share": 41.26,
            "book_valuer_per_share_4q_avg": 43.38,
            "equity": 2881194,
            "current_ratio": 410.32,
            "debt_ratio": 14.04,
            "inventory_turnover_ratio": 0.26,
            "account_receivable_turnover_ratio": 1.1,
            "reinvestment_rate": 34.5,
            "research_to_sale_ratio": 41.67,
            "price_fair": 39.9,
            "eps_avg_yearly": 13.3,
            "eps_latest_yearly": 3,
            "eps_growth_yearly": -30.9
        },
        "20131": {
            "year_quarter": 20131,
            "year": 2013,
            "quarter": 1,
            "eps": 0.81,
            "eps_growth_year": -65.09,
            "eps_4q": 2.98,
            "eps_4q_growth_year": -76.76,
            "roe": 1.9,
            "roe_4q": 6.619999999999999,
            "gross_profit": 383493,
            "gross_margin": 83.44,
            "gross_margin_4q_avg": 82.74,
            "net_income": 55070,
            "net_income_4q": null,
            "revenue": 459604,
            "revenue_4q": null,
            "common_shares": 694764,
            "book_valuer_per_share": 41.56,
            "book_valuer_per_share_4q_avg": 41.25,
            "equity": 2901709,
            "current_ratio": 414.97,
            "debt_ratio": 14.68,
            "inventory_turnover_ratio": 0.32,
            "account_receivable_turnover_ratio": 1.3,
            "reinvestment_rate": 35.83,
            "research_to_sale_ratio": 37.44,
            "price_fair": 38.94,
            "eps_avg_yearly": 12.98,
            "eps_latest_yearly": 3,
            "eps_growth_yearly": -34.82
        },
        "20132": {
            "year_quarter": 20132,
            "year": 2013,
            "quarter": 2,
            "eps": 0.33,
            "eps_growth_year": -79.56,
            "eps_4q": 1.7,
            "eps_4q_growth_year": -84.84,
            "roe": 0.81,
            "roe_4q": 3.9499999999999997,
            "gross_profit": 322353,
            "gross_margin": 83.53,
            "gross_margin_4q_avg": 83.13,
            "net_income": 22171,
            "net_income_4q": null,
            "revenue": 385905,
            "revenue_4q": null,
            "common_shares": 694764,
            "book_valuer_per_share": 36.43,
            "book_valuer_per_share_4q_avg": 40.18,
            "equity": 2544044,
            "current_ratio": 227.26,
            "debt_ratio": 24.94,
            "inventory_turnover_ratio": 0.3,
            "account_receivable_turnover_ratio": 1.26,
            "reinvestment_rate": 35.36,
            "research_to_sale_ratio": 43.37,
            "price_fair": 35.33,
            "eps_avg_yearly": 11.78,
            "eps_latest_yearly": 1.32,
            "eps_growth_yearly": -52.39
        },
        "20133": {
            "year_quarter": 20133,
            "year": 2013,
            "quarter": 3,
            "eps": 0.18,
            "eps_growth_year": -76.13,
            "eps_4q": 1.13,
            "eps_4q_growth_year": -86.26,
            "roe": 0.45,
            "roe_4q": 2.63,
            "gross_profit": 281597,
            "gross_margin": 82.67,
            "gross_margin_4q_avg": 83.07,
            "net_income": 11551,
            "net_income_4q": null,
            "revenue": 340642,
            "revenue_4q": null,
            "common_shares": 694764,
            "book_valuer_per_share": 36.62,
            "book_valuer_per_share_4q_avg": 38.97,
            "equity": 2556026,
            "current_ratio": 439.05,
            "debt_ratio": 12.6,
            "inventory_turnover_ratio": 0.3,
            "account_receivable_turnover_ratio": 1.49,
            "reinvestment_rate": 36.62,
            "research_to_sale_ratio": 40.91,
            "price_fair": 31.39,
            "eps_avg_yearly": 10.46,
            "eps_latest_yearly": 0.72,
            "eps_growth_yearly": -66.89
        },
        "20134": {
            "year_quarter": 20134,
            "year": 2013,
            "quarter": 4,
            "eps": 0.37,
            "eps_growth_year": null,
            "eps_4q": 1.7,
            "eps_4q_growth_year": -62.13,
            "roe": 0.97,
            "roe_4q": 4.13,
            "gross_profit": 285062,
            "gross_margin": 81.49,
            "gross_margin_4q_avg": 82.78,
            "net_income": 24940,
            "net_income_4q": null,
            "revenue": 349814,
            "revenue_4q": null,
            "common_shares": 694764,
            "book_valuer_per_share": 37.07,
            "book_valuer_per_share_4q_avg": 37.92,
            "equity": 2586913,
            "current_ratio": 400.11,
            "debt_ratio": 13.82,
            "inventory_turnover_ratio": 0.34,
            "account_receivable_turnover_ratio": 1.68,
            "reinvestment_rate": 36.8,
            "research_to_sale_ratio": 38.81,
            "price_fair": 26.54,
            "eps_avg_yearly": 8.85,
            "eps_latest_yearly": 1.48,
            "eps_growth_yearly": -44.2
        },
        "20141": {
            "year_quarter": 20141,
            "year": 2014,
            "quarter": 1,
            "eps": 0.28,
            "eps_growth_year": -65.43,
            "eps_4q": 1.17,
            "eps_4q_growth_year": -60.82,
            "roe": 0.71,
            "roe_4q": 2.94,
            "gross_profit": 301314,
            "gross_margin": 84.47,
            "gross_margin_4q_avg": 83.04,
            "net_income": 18489,
            "net_income_4q": null,
            "revenue": 356714,
            "revenue_4q": null,
            "common_shares": 694764,
            "book_valuer_per_share": 37.6,
            "book_valuer_per_share_4q_avg": 36.93,
            "equity": 2622636,
            "current_ratio": 445.74,
            "debt_ratio": 12.49,
            "inventory_turnover_ratio": 0.3,
            "account_receivable_turnover_ratio": 1.56,
            "reinvestment_rate": 37,
            "research_to_sale_ratio": 38.3,
            "price_fair": 23.27,
            "eps_avg_yearly": 7.76,
            "eps_latest_yearly": 1.12,
            "eps_growth_yearly": -41.96
        },
        "20142": {
            "year_quarter": 20142,
            "year": 2014,
            "quarter": 2,
            "eps": 1,
            "eps_growth_year": 203.03,
            "eps_4q": 1.83,
            "eps_4q_growth_year": 7.46,
            "roe": 2.66,
            "roe_4q": 4.79,
            "gross_profit": 354001,
            "gross_margin": 84.09,
            "gross_margin_4q_avg": 83.18,
            "net_income": 68739,
            "net_income_4q": null,
            "revenue": 420977,
            "revenue_4q": null,
            "common_shares": 694764,
            "book_valuer_per_share": 36.49,
            "book_valuer_per_share_4q_avg": 36.95,
            "equity": 2545850,
            "current_ratio": 307.28,
            "debt_ratio": 17.83,
            "inventory_turnover_ratio": 0.39,
            "account_receivable_turnover_ratio": 1.64,
            "reinvestment_rate": 34.18,
            "research_to_sale_ratio": 36.48,
            "price_fair": 253.1,
            "eps_avg_yearly": 7.23,
            "eps_latest_yearly": 4,
            "eps_growth_yearly": 40.24
        },
        "20143": {
            "year_quarter": 20143,
            "year": 2014,
            "quarter": 3,
            "eps": 1.24,
            "eps_growth_year": 588.89,
            "eps_4q": 2.88,
            "eps_4q_growth_year": 154.48,
            "roe": 3.3,
            "roe_4q": 7.64,
            "gross_profit": 367746,
            "gross_margin": 78.38,
            "gross_margin_4q_avg": 82.11,
            "net_income": 85579,
            "net_income_4q": null,
            "revenue": 469158,
            "revenue_4q": null,
            "common_shares": 696669,
            "book_valuer_per_share": 37.84,
            "book_valuer_per_share_4q_avg": 37.25,
            "equity": 2646123,
            "current_ratio": 392.63,
            "debt_ratio": 14.51,
            "inventory_turnover_ratio": 0.58,
            "account_receivable_turnover_ratio": 1.7,
            "reinvestment_rate": 23.57,
            "research_to_sale_ratio": 32.27,
            "price_fair": 239.4,
            "eps_avg_yearly": 6.84,
            "eps_latest_yearly": 4.96,
            "eps_growth_yearly": 49.41
        },
        "20144": {
            "year_quarter": 20144,
            "year": 2014,
            "quarter": 4,
            "eps": 0.77,
            "eps_growth_year": 106.73,
            "eps_4q": 3.28,
            "eps_4q_growth_year": 92.85,
            "roe": 1.99,
            "roe_4q": 8.66,
            "gross_profit": 333603,
            "gross_margin": 83.52,
            "gross_margin_4q_avg": 82.62,
            "net_income": 53047,
            "net_income_4q": null,
            "revenue": 399422,
            "revenue_4q": null,
            "common_shares": 696669,
            "book_valuer_per_share": 38.52,
            "book_valuer_per_share_4q_avg": 37.61,
            "equity": 2692586,
            "current_ratio": 383.32,
            "debt_ratio": 15.18,
            "inventory_turnover_ratio": 0.35,
            "account_receivable_turnover_ratio": 1.41,
            "reinvestment_rate": 21.23,
            "research_to_sale_ratio": 34.84,
            "price_fair": 222,
            "eps_avg_yearly": 6.34,
            "eps_latest_yearly": 3.08,
            "eps_growth_yearly": 39.68
        },
        "20151": {
            "year_quarter": 20151,
            "year": 2015,
            "quarter": 1,
            "eps": 0.27,
            "eps_growth_year": -3.57,
            "eps_4q": 3.27,
            "eps_4q_growth_year": 180.25,
            "roe": 0.68,
            "roe_4q": 8.629999999999999,
            "gross_profit": 307420,
            "gross_margin": 83.57,
            "gross_margin_4q_avg": 82.39,
            "net_income": 18492,
            "net_income_4q": null,
            "revenue": 367866,
            "revenue_4q": null,
            "common_shares": 696669,
            "book_valuer_per_share": 38.72,
            "book_valuer_per_share_4q_avg": 37.89,
            "equity": 2706182,
            "current_ratio": 421.14,
            "debt_ratio": 13.99,
            "inventory_turnover_ratio": 0.32,
            "account_receivable_turnover_ratio": 1.27,
            "reinvestment_rate": 12.14,
            "research_to_sale_ratio": 36.71,
            "price_fair": 155.66,
            "eps_avg_yearly": 5.62,
            "eps_latest_yearly": 1.08,
            "eps_growth_yearly": 17.71
        },
        "20152": {
            "year_quarter": 20152,
            "year": 2015,
            "quarter": 2,
            "eps": 1.1,
            "eps_growth_year": 10,
            "eps_4q": 3.38,
            "eps_4q_growth_year": 84.9,
            "roe": 2.89,
            "roe_4q": 8.86,
            "gross_profit": 377111,
            "gross_margin": 78.92,
            "gross_margin_4q_avg": 81.1,
            "net_income": 76488,
            "net_income_4q": null,
            "revenue": 477826,
            "revenue_4q": null,
            "common_shares": 696669,
            "book_valuer_per_share": 37.07,
            "book_valuer_per_share_4q_avg": 38.04,
            "equity": 2590596,
            "current_ratio": 289.29,
            "debt_ratio": 20.14,
            "inventory_turnover_ratio": 0.61,
            "account_receivable_turnover_ratio": 1.49,
            "reinvestment_rate": 4.23,
            "research_to_sale_ratio": 30.93,
            "price_fair": 175.4,
            "eps_avg_yearly": 5.01,
            "eps_latest_yearly": 4.4,
            "eps_growth_yearly": 101.37
        },
        "20153": {
            "year_quarter": 20153,
            "year": 2015,
            "quarter": 3,
            "eps": 1.36,
            "eps_growth_year": 9.68,
            "eps_4q": 3.5,
            "eps_4q_growth_year": 21.82,
            "roe": 3.57,
            "roe_4q": 9.129999999999999,
            "gross_profit": 399245,
            "gross_margin": 79.42,
            "gross_margin_4q_avg": 81.36,
            "net_income": 94280,
            "net_income_4q": null,
            "revenue": 502728,
            "revenue_4q": null,
            "common_shares": 696669,
            "book_valuer_per_share": 38.55,
            "book_valuer_per_share_4q_avg": 38.22,
            "equity": 2693748,
            "current_ratio": 404.8,
            "debt_ratio": 15.15,
            "inventory_turnover_ratio": 0.71,
            "account_receivable_turnover_ratio": 1.35,
            "reinvestment_rate": -7.74,
            "research_to_sale_ratio": 30.44,
            "price_fair": 151.3,
            "eps_avg_yearly": 4.32,
            "eps_latest_yearly": 5.44,
            "eps_growth_yearly": 103.25
        },
        "20154": {
            "year_quarter": 20154,
            "year": 2015,
            "quarter": 4,
            "eps": 1.67,
            "eps_growth_year": 116.17,
            "eps_4q": 4.4,
            "eps_4q_growth_year": 34.35,
            "roe": 4.22,
            "roe_4q": 11.36,
            "gross_profit": 483604,
            "gross_margin": 85.01,
            "gross_margin_4q_avg": 81.73,
            "net_income": 116007,
            "net_income_4q": null,
            "revenue": 568880,
            "revenue_4q": null,
            "common_shares": 696669,
            "book_valuer_per_share": 40.07,
            "book_valuer_per_share_4q_avg": 38.6,
            "equity": 2799193,
            "current_ratio": 361.25,
            "debt_ratio": 18.09,
            "inventory_turnover_ratio": 0.63,
            "account_receivable_turnover_ratio": 1.36,
            "reinvestment_rate": -26.48,
            "research_to_sale_ratio": 28.73,
            "price_fair": 132.5,
            "eps_avg_yearly": 3.79,
            "eps_latest_yearly": 6.68,
            "eps_growth_yearly": 111.43
        },
        "20161": {
            "year_quarter": 20161,
            "year": 2016,
            "quarter": 1,
            "eps": 3.4,
            "eps_growth_year": 1159.26,
            "eps_4q": 7.53,
            "eps_4q_growth_year": 130.06,
            "roe": 8.11,
            "roe_4q": 18.79,
            "gross_profit": 645484,
            "gross_margin": 79.52,
            "gross_margin_4q_avg": 80.72,
            "net_income": 236737,
            "net_income_4q": null,
            "revenue": 811739,
            "revenue_4q": null,
            "common_shares": 696669,
            "book_valuer_per_share": 43.55,
            "book_valuer_per_share_4q_avg": 39.81,
            "equity": 3041600,
            "current_ratio": 351.47,
            "debt_ratio": 19.49,
            "inventory_turnover_ratio": 1.13,
            "account_receivable_turnover_ratio": 1.86,
            "reinvestment_rate": -28.63,
            "research_to_sale_ratio": 21.59,
            "price_fair": 143.3,
            "eps_avg_yearly": 4.09,
            "eps_latest_yearly": 13.6,
            "eps_growth_yearly": 150.92
        },
        "20162": {
            "year_quarter": 20162,
            "year": 2016,
            "quarter": 2,
            "eps": 3.77,
            "eps_growth_year": 242.73,
            "eps_4q": 10.19,
            "eps_4q_growth_year": 201.5,
            "roe": 8.7,
            "roe_4q": 24.599999999999998,
            "gross_profit": 692300,
            "gross_margin": 76.93,
            "gross_margin_4q_avg": 80.22,
            "net_income": 262313,
            "net_income_4q": null,
            "revenue": 899892,
            "revenue_4q": null,
            "common_shares": 696669,
            "book_valuer_per_share": 42.84,
            "book_valuer_per_share_4q_avg": 41.25,
            "equity": 2991962,
            "current_ratio": 258.9,
            "debt_ratio": 26.92,
            "inventory_turnover_ratio": 1.29,
            "account_receivable_turnover_ratio": 2.02,
            "reinvestment_rate": -24.78,
            "research_to_sale_ratio": 20.55,
            "price_fair": 164.9,
            "eps_avg_yearly": 4.71,
            "eps_latest_yearly": 15.08,
            "eps_growth_yearly": 162.78
        },
        "20163": {
            "year_quarter": 20163,
            "year": 2016,
            "quarter": 3,
            "eps": 2.53,
            "eps_growth_year": 86.03,
            "eps_4q": 11.37,
            "eps_4q_growth_year": 224.4,
            "roe": 5.73,
            "roe_4q": 26.759999999999998,
            "gross_profit": 657442,
            "gross_margin": 82.32,
            "gross_margin_4q_avg": 80.95,
            "net_income": 176676,
            "net_income_4q": null,
            "revenue": 798678,
            "revenue_4q": null,
            "common_shares": 696669,
            "book_valuer_per_share": 45.4,
            "book_valuer_per_share_4q_avg": 42.97,
            "equity": 3170322,
            "current_ratio": 337.14,
            "debt_ratio": 20.01,
            "inventory_turnover_ratio": 0.9,
            "account_receivable_turnover_ratio": 1.77,
            "reinvestment_rate": -12.3,
            "research_to_sale_ratio": 23.39,
            "price_fair": 182.7,
            "eps_avg_yearly": 5.22,
            "eps_latest_yearly": 10.12,
            "eps_growth_yearly": 168.64
        },
        "20164": {
            "year_quarter": 20164,
            "year": 2016,
            "quarter": 4,
            "eps": 3.08,
            "eps_growth_year": 84.61,
            "eps_4q": 12.78,
            "eps_4q_growth_year": 190.36,
            "roe": 6.57,
            "roe_4q": 29.11,
            "gross_profit": 676909,
            "gross_margin": 83.62,
            "gross_margin_4q_avg": 80.6,
            "net_income": 214643,
            "net_income_4q": null,
            "revenue": 809494,
            "revenue_4q": null,
            "common_shares": 696669,
            "book_valuer_per_share": 48.22,
            "book_valuer_per_share_4q_avg": 45,
            "equity": 3366604,
            "current_ratio": 317.26,
            "debt_ratio": 22.64,
            "inventory_turnover_ratio": 0.88,
            "account_receivable_turnover_ratio": 1.76,
            "reinvestment_rate": -9.77,
            "research_to_sale_ratio": 26.6,
            "price_fair": 199.27,
            "eps_avg_yearly": 5.69,
            "eps_latest_yearly": 12.32,
            "eps_growth_yearly": 163.2
        },
        "20171": {
            "year_quarter": 20171,
            "year": 2017,
            "quarter": 1,
            "eps": 2.27,
            "eps_growth_year": -33.24,
            "eps_4q": 11.61,
            "eps_4q_growth_year": 54.13,
            "roe": 4.57,
            "roe_4q": 25.57,
            "gross_profit": 664081,
            "gross_margin": 84.77,
            "gross_margin_4q_avg": 81.91,
            "net_income": 158516,
            "net_income_4q": null,
            "revenue": 783392,
            "revenue_4q": null,
            "common_shares": 699794,
            "book_valuer_per_share": 50.87,
            "book_valuer_per_share_4q_avg": 46.83,
            "equity": 3566131,
            "current_ratio": 348.95,
            "debt_ratio": 21.1,
            "inventory_turnover_ratio": 0.85,
            "account_receivable_turnover_ratio": 1.69,
            "reinvestment_rate": -7.63,
            "research_to_sale_ratio": 23.04,
            "price_fair": 206.68,
            "eps_avg_yearly": 5.91,
            "eps_latest_yearly": 9.08,
            "eps_growth_yearly": 146.42
        },
        "20172": {
            "year_quarter": 20172,
            "year": 2017,
            "quarter": 2,
            "eps": 3.47,
            "eps_growth_year": -7.96,
            "eps_4q": 11.32,
            "eps_4q_growth_year": 11.07,
            "roe": 7.25,
            "roe_4q": 24.12,
            "gross_profit": 724930,
            "gross_margin": 84.28,
            "gross_margin_4q_avg": 83.75,
            "net_income": 242509,
            "net_income_4q": null,
            "revenue": 860196,
            "revenue_4q": null,
            "common_shares": 699794,
            "book_valuer_per_share": 44.49,
            "book_valuer_per_share_4q_avg": 47.25,
            "equity": 3120130,
            "current_ratio": 209.48,
            "debt_ratio": 34.53,
            "inventory_turnover_ratio": 1,
            "account_receivable_turnover_ratio": 1.83,
            "reinvestment_rate": -6.48,
            "research_to_sale_ratio": 23.25,
            "price_fair": 234.15,
            "eps_avg_yearly": 6.69,
            "eps_latest_yearly": 13.88,
            "eps_growth_yearly": 174.45
        },
        "20173": {
            "year_quarter": 20173,
            "year": 2017,
            "quarter": 3,
            "eps": 4.08,
            "eps_growth_year": 61.26,
            "eps_4q": 12.88,
            "eps_4q_growth_year": 13.32,
            "roe": 8.73,
            "roe_4q": 27.12,
            "gross_profit": 747146,
            "gross_margin": 84.96,
            "gross_margin_4q_avg": 84.41,
            "net_income": 285330,
            "net_income_4q": null,
            "revenue": 879436,
            "revenue_4q": null,
            "common_shares": 699794,
            "book_valuer_per_share": 48.69,
            "book_valuer_per_share_4q_avg": 48.07,
            "equity": 3413902,
            "current_ratio": 410.08,
            "debt_ratio": 17.73,
            "inventory_turnover_ratio": 0.97,
            "account_receivable_turnover_ratio": 1.69,
            "reinvestment_rate": -4.99,
            "research_to_sale_ratio": 24.6,
            "price_fair": 268.28,
            "eps_avg_yearly": 7.67,
            "eps_latest_yearly": 16.32,
            "eps_growth_yearly": 190.21
        },
        "20174": {
            "year_quarter": 20174,
            "year": 2017,
            "quarter": 4,
            "eps": 3.15,
            "eps_growth_year": 2.08,
            "eps_4q": 12.96,
            "eps_4q_growth_year": 1.39,
            "roe": 6.23,
            "roe_4q": 26.78,
            "gross_profit": 689701,
            "gross_margin": 87.23,
            "gross_margin_4q_avg": 85.31,
            "net_income": 220156,
            "net_income_4q": null,
            "revenue": 790670,
            "revenue_4q": null,
            "common_shares": 699834,
            "book_valuer_per_share": 52.05,
            "book_valuer_per_share_4q_avg": 49.03,
            "equity": 3649435,
            "current_ratio": 397.88,
            "debt_ratio": 18.76,
            "inventory_turnover_ratio": 0.66,
            "account_receivable_turnover_ratio": 1.37,
            "reinvestment_rate": -3.23,
            "research_to_sale_ratio": 26.77,
            "price_fair": 292.6,
            "eps_avg_yearly": 8.36,
            "eps_latest_yearly": 12.6,
            "eps_growth_yearly": 158.12
        },
        "20181": {
            "year_quarter": 20181,
            "year": 2018,
            "quarter": 1,
            "eps": 2.49,
            "eps_growth_year": 9.69,
            "eps_4q": 13.17,
            "eps_4q_growth_year": 13.47,
            "roe": 4.64,
            "roe_4q": 26.85,
            "gross_profit": 643432,
            "gross_margin": 89,
            "gross_margin_4q_avg": 86.37,
            "net_income": 175065,
            "net_income_4q": null,
            "revenue": 722996,
            "revenue_4q": null,
            "common_shares": 700871,
            "book_valuer_per_share": 55.5,
            "book_valuer_per_share_4q_avg": 50.18,
            "equity": 3897051,
            "current_ratio": 443.34,
            "debt_ratio": 16.94,
            "inventory_turnover_ratio": 0.49,
            "account_receivable_turnover_ratio": 1.24,
            "reinvestment_rate": -11.82,
            "research_to_sale_ratio": 24.91,
            "price_fair": 311.94,
            "eps_avg_yearly": 8.91,
            "eps_latest_yearly": 9.96,
            "eps_growth_yearly": 158.97
        },
        "20182": {
            "year_quarter": 20182,
            "year": 2018,
            "quarter": 2,
            "eps": 3.41,
            "eps_growth_year": -1.73,
            "eps_4q": 13.11,
            "eps_4q_growth_year": 15.82,
            "roe": 6.63,
            "roe_4q": 26.23,
            "gross_profit": 638740,
            "gross_margin": 86.78,
            "gross_margin_4q_avg": 86.99,
            "net_income": 239780,
            "net_income_4q": null,
            "revenue": 736020,
            "revenue_4q": null,
            "common_shares": 700871,
            "book_valuer_per_share": 47.54,
            "book_valuer_per_share_4q_avg": 50.95,
            "equity": 3339581,
            "current_ratio": 220.64,
            "debt_ratio": 32.82,
            "inventory_turnover_ratio": 0.65,
            "account_receivable_turnover_ratio": 1.28,
            "reinvestment_rate": -10.89,
            "research_to_sale_ratio": 27.56,
            "price_fair": 333.03,
            "eps_avg_yearly": 9.52,
            "eps_latest_yearly": 13.64,
            "eps_growth_yearly": 103.92
        },
        "20183": {
            "year_quarter": 20183,
            "year": 2018,
            "quarter": 3,
            "eps": 2.85,
            "eps_growth_year": -30.15,
            "eps_4q": 11.89,
            "eps_4q_growth_year": -7.7,
            "roe": 5.85,
            "roe_4q": 23.35,
            "gross_profit": 645669,
            "gross_margin": 88.75,
            "gross_margin_4q_avg": 87.94,
            "net_income": 200709,
            "net_income_4q": null,
            "revenue": 727544,
            "revenue_4q": null,
            "common_shares": 700871,
            "book_valuer_per_share": 50.12,
            "book_valuer_per_share_4q_avg": 51.3,
            "equity": 3521643,
            "current_ratio": 470.41,
            "debt_ratio": 15.84,
            "inventory_turnover_ratio": 0.58,
            "account_receivable_turnover_ratio": 1.26,
            "reinvestment_rate": -10.36,
            "research_to_sale_ratio": 28.07,
            "price_fair": 347.11,
            "eps_avg_yearly": 9.92,
            "eps_latest_yearly": 11.4,
            "eps_growth_yearly": 93.81
        },
        "20184": {
            "year_quarter": 20184,
            "year": 2018,
            "quarter": 4,
            "eps": 3.76,
            "eps_growth_year": 19.57,
            "eps_4q": 12.51,
            "eps_4q_growth_year": -3.5,
            "roe": 7.28,
            "roe_4q": 24.4,
            "gross_profit": 769260,
            "gross_margin": 87.36,
            "gross_margin_4q_avg": 87.97,
            "net_income": 265120,
            "net_income_4q": null,
            "revenue": 880558,
            "revenue_4q": null,
            "common_shares": 701224,
            "book_valuer_per_share": 53.54,
            "book_valuer_per_share_4q_avg": 51.68,
            "equity": 3764304,
            "current_ratio": 420.05,
            "debt_ratio": 18.41,
            "inventory_turnover_ratio": 0.77,
            "account_receivable_turnover_ratio": 1.49,
            "reinvestment_rate": -9.36,
            "research_to_sale_ratio": 28.09,
            "price_fair": 373.28,
            "eps_avg_yearly": 10.67,
            "eps_latest_yearly": 15.04,
            "eps_growth_yearly": 111.27
        },
        "20191": {
            "year_quarter": 20191,
            "year": 2019,
            "quarter": 1,
            "eps": 4.54,
            "eps_growth_year": 82.33,
            "eps_4q": 14.5,
            "eps_4q_growth_year": 10.12,
            "roe": 8.08,
            "roe_4q": 27.84,
            "gross_profit": 890533,
            "gross_margin": 91.21,
            "gross_margin_4q_avg": 88.53,
            "net_income": 319048,
            "net_income_4q": null,
            "revenue": 976340,
            "revenue_4q": null,
            "common_shares": 703824,
            "book_valuer_per_share": 58.55,
            "book_valuer_per_share_4q_avg": 52.44,
            "equity": 4131857,
            "current_ratio": 434.54,
            "debt_ratio": 18.26,
            "inventory_turnover_ratio": 0.63,
            "account_receivable_turnover_ratio": 1.4,
            "reinvestment_rate": -8.25,
            "research_to_sale_ratio": 24.52,
            "price_fair": 410.64,
            "eps_avg_yearly": 11.73,
            "eps_latest_yearly": 18.16,
            "eps_growth_yearly": 132.69
        },
        "20192": {
            "year_quarter": 20192,
            "year": 2019,
            "quarter": 2,
            "eps": 6.47,
            "eps_growth_year": 89.74,
            "eps_4q": 17.58,
            "eps_4q_growth_year": 34.03,
            "roe": 11.46,
            "roe_4q": 32.67,
            "gross_profit": 1069098,
            "gross_margin": 92.72,
            "gross_margin_4q_avg": 90.01,
            "net_income": 455848,
            "net_income_4q": null,
            "revenue": 1153080,
            "revenue_4q": null,
            "common_shares": 703824,
            "book_valuer_per_share": 54.19,
            "book_valuer_per_share_4q_avg": 54.1,
            "equity": 3825630,
            "current_ratio": 234.77,
            "debt_ratio": 33.12,
            "inventory_turnover_ratio": 0.65,
            "account_receivable_turnover_ratio": 1.42,
            "reinvestment_rate": -7.3,
            "research_to_sale_ratio": 23.16,
            "price_fair": 457.63,
            "eps_avg_yearly": 13.08,
            "eps_latest_yearly": 25.88,
            "eps_growth_yearly": 66.47
        },
        "20193": {
            "year_quarter": 20193,
            "year": 2019,
            "quarter": 3,
            "eps": 8.42,
            "eps_growth_year": 195.44,
            "eps_4q": 23.16,
            "eps_4q_growth_year": 94.79,
            "roe": 14.39,
            "roe_4q": 41.21,
            "gross_profit": 1372706,
            "gross_margin": 92.39,
            "gross_margin_4q_avg": 90.92,
            "net_income": 592998,
            "net_income_4q": null,
            "revenue": 1485828,
            "revenue_4q": null,
            "common_shares": 703824,
            "book_valuer_per_share": 62.61,
            "book_valuer_per_share_4q_avg": 57.22,
            "equity": 4418196,
            "current_ratio": 347.78,
            "debt_ratio": 22.99,
            "inventory_turnover_ratio": 0.91,
            "account_receivable_turnover_ratio": 1.6,
            "reinvestment_rate": -5.58,
            "research_to_sale_ratio": 22.26,
            "price_fair": 519.4,
            "eps_avg_yearly": 14.84,
            "eps_latest_yearly": 33.68,
            "eps_growth_yearly": 68.09
        },
        "20194": {
            "year_quarter": 20194,
            "year": 2019,
            "quarter": 4,
            "eps": 8.65,
            "eps_growth_year": 129.86,
            "eps_4q": 28.04,
            "eps_4q_growth_year": 124.24,
            "roe": 12.94,
            "roe_4q": 46.87,
            "gross_profit": 1569025,
            "gross_margin": 93.62,
            "gross_margin_4q_avg": 92.49,
            "net_income": 609748,
            "net_income_4q": null,
            "revenue": 1675905,
            "revenue_4q": null,
            "common_shares": 704441,
            "book_valuer_per_share": 70.86,
            "book_valuer_per_share_4q_avg": 61.55,
            "equity": 5003619,
            "current_ratio": 336.88,
            "debt_ratio": 24.72,
            "inventory_turnover_ratio": 0.88,
            "account_receivable_turnover_ratio": 1.68,
            "reinvestment_rate": -3.9,
            "research_to_sale_ratio": 20.75,
            "price_fair": 580.48,
            "eps_avg_yearly": 16.59,
            "eps_latest_yearly": 34.6,
            "eps_growth_yearly": 63.08
        },
        "20201": {
            "year_quarter": 20201,
            "year": 2020,
            "quarter": 1,
            "eps": 11.24,
            "eps_growth_year": 147.58,
            "eps_4q": 34.76,
            "eps_4q_growth_year": 139.73,
            "roe": 14.67,
            "roe_4q": 53.46,
            "gross_profit": 1818336,
            "gross_margin": 95.99,
            "gross_margin_4q_avg": 93.68,
            "net_income": 792487,
            "net_income_4q": null,
            "revenue": 1894349,
            "revenue_4q": null,
            "common_shares": 704504,
            "book_valuer_per_share": 82.18,
            "book_valuer_per_share_4q_avg": 67.46,
            "equity": 5801486,
            "current_ratio": 348.04,
            "debt_ratio": 24.51,
            "inventory_turnover_ratio": 0.59,
            "account_receivable_turnover_ratio": 1.63,
            "reinvestment_rate": -3.41,
            "research_to_sale_ratio": 19.49,
            "price_fair": 649.08,
            "eps_avg_yearly": 18.55,
            "eps_latest_yearly": 44.96,
            "eps_growth_yearly": 44.66
        },
        "20202": {
            "year_quarter": 20202,
            "year": 2020,
            "quarter": 2,
            "eps": 11.02,
            "eps_growth_year": 70.32,
            "eps_4q": 39.32,
            "eps_4q_growth_year": 123.73,
            "roe": 14.53,
            "roe_4q": 56.53,
            "gross_profit": 1886862,
            "gross_margin": 96.36,
            "gross_margin_4q_avg": 94.59,
            "net_income": 776251,
            "net_income_4q": null,
            "revenue": 1958229,
            "revenue_4q": null,
            "common_shares": 704504,
            "book_valuer_per_share": 69.16,
            "book_valuer_per_share_4q_avg": 71.2,
            "equity": 4884265,
            "current_ratio": 190.69,
            "debt_ratio": 43.99,
            "inventory_turnover_ratio": 0.55,
            "account_receivable_turnover_ratio": 1.54,
            "reinvestment_rate": -2.97,
            "research_to_sale_ratio": 20.18,
            "price_fair": 712.51,
            "eps_avg_yearly": 20.36,
            "eps_latest_yearly": 44.08,
            "eps_growth_yearly": 41.45
        },
        "20203": {
            "year_quarter": 20203,
            "year": 2020,
            "quarter": 3,
            "eps": 13.22,
            "eps_growth_year": 57.01,
            "eps_4q": 44.13,
            "eps_4q_growth_year": 90.53,
            "roe": 17.47,
            "roe_4q": 59.61,
            "gross_profit": 2160550,
            "gross_margin": 96.09,
            "gross_margin_4q_avg": 95.52,
            "net_income": 931910,
            "net_income_4q": null,
            "revenue": 2248499,
            "revenue_4q": null,
            "common_shares": 704504,
            "book_valuer_per_share": 81.95,
            "book_valuer_per_share_4q_avg": 76.04,
            "equity": 5786239,
            "current_ratio": 352.08,
            "debt_ratio": 24.04,
            "inventory_turnover_ratio": 0.75,
            "account_receivable_turnover_ratio": 1.76,
            "reinvestment_rate": -4.35,
            "research_to_sale_ratio": 19.91,
            "price_fair": 806.05,
            "eps_avg_yearly": 23.03,
            "eps_latest_yearly": 52.88,
            "eps_growth_yearly": 54.67
        },
        "20204": {
            "year_quarter": 20204,
            "year": 2020,
            "quarter": 4,
            "eps": 12.9,
            "eps_growth_year": 49.18,
            "eps_4q": 48.38,
            "eps_4q_growth_year": 72.52,
            "roe": 14.62,
            "roe_4q": 61.29,
            "gross_profit": 2217272,
            "gross_margin": 95.38,
            "gross_margin_4q_avg": 95.96,
            "net_income": 909648,
            "net_income_4q": null,
            "revenue": 2324781,
            "revenue_4q": null,
            "common_shares": 704504,
            "book_valuer_per_share": 94.35,
            "book_valuer_per_share_4q_avg": 81.91,
            "equity": 6660890,
            "current_ratio": 330.68,
            "debt_ratio": 26.44,
            "inventory_turnover_ratio": 1.04,
            "account_receivable_turnover_ratio": 1.79,
            "reinvestment_rate": -3.88,
            "research_to_sale_ratio": 20.05,
            "price_fair": 891.98,
            "eps_avg_yearly": 25.49,
            "eps_latest_yearly": 51.6,
            "eps_growth_yearly": 48.63
        },
        "20211": {
            "year_quarter": 20211,
            "year": 2021,
            "quarter": 1,
            "eps": 16.73,
            "eps_growth_year": 48.84,
            "eps_4q": 53.87,
            "eps_4q_growth_year": 54.95,
            "roe": 16.25,
            "roe_4q": 62.87,
            "gross_profit": 2645265,
            "gross_margin": 96.07,
            "gross_margin_4q_avg": 95.98,
            "net_income": 1178614,
            "net_income_4q": null,
            "revenue": 2753554,
            "revenue_4q": null,
            "common_shares": 704504,
            "book_valuer_per_share": 111.16,
            "book_valuer_per_share_4q_avg": 89.16,
            "equity": 7845178,
            "current_ratio": 344.64,
            "debt_ratio": 25.94,
            "inventory_turnover_ratio": 1.1,
            "account_receivable_turnover_ratio": 1.86,
            "reinvestment_rate": -3.37,
            "research_to_sale_ratio": 20.36,
            "price_fair": 1018.5,
            "eps_avg_yearly": 29.1,
            "eps_latest_yearly": 66.92,
            "eps_growth_yearly": 62.62
        },
        "20212": {
            "year_quarter": 20212,
            "year": 2021,
            "quarter": 2,
            "eps": 16.62,
            "eps_growth_year": 50.82,
            "eps_4q": 59.47,
            "eps_4q_growth_year": 51.23,
            "roe": 13.9,
            "roe_4q": 62.239999999999995,
            "gross_profit": 2730276,
            "gross_margin": 95.91,
            "gross_margin_4q_avg": 95.86,
            "net_income": 1170784,
            "net_income_4q": null,
            "revenue": 2846672,
            "revenue_4q": null,
            "common_shares": 704504,
            "book_valuer_per_share": 127.58,
            "book_valuer_per_share_4q_avg": 103.76,
            "equity": 9001826,
            "current_ratio": 345.94,
            "debt_ratio": 26.29,
            "inventory_turnover_ratio": 1.12,
            "account_receivable_turnover_ratio": 1.7,
            "reinvestment_rate": -3.07,
            "research_to_sale_ratio": 19.23,
            "price_fair": 1133.56,
            "eps_avg_yearly": 32.39,
            "eps_latest_yearly": 66.48,
            "eps_growth_yearly": 49.24
        },
        "20213": {
            "year_quarter": 20213,
            "year": 2021,
            "quarter": 3,
            "eps": 17.09,
            "eps_growth_year": 29.27,
            "eps_4q": 63.34,
            "eps_4q_growth_year": 43.54,
            "roe": 14.88,
            "roe_4q": 59.65,
            "gross_profit": 2748578,
            "gross_margin": 96.21,
            "gross_margin_4q_avg": 95.89,
            "net_income": 1203883,
            "net_income_4q": null,
            "revenue": 2856924,
            "revenue_4q": null,
            "common_shares": 704504,
            "book_valuer_per_share": 101.79,
            "book_valuer_per_share_4q_avg": 108.72,
            "equity": 7184860,
            "current_ratio": 338.04,
            "debt_ratio": 26.45,
            "inventory_turnover_ratio": 0.87,
            "account_receivable_turnover_ratio": 1.74,
            "reinvestment_rate": -2.92,
            "research_to_sale_ratio": 20.61,
            "price_fair": 1247.4,
            "eps_avg_yearly": 35.64,
            "eps_latest_yearly": 68.36,
            "eps_growth_yearly": 45.56
        },
        "20214": {
            "year_quarter": 20214,
            "year": 2021,
            "quarter": 4,
            "eps": 16.77,
            "eps_growth_year": 29.95,
            "eps_4q": 67.21,
            "eps_4q_growth_year": 38.91,
            "roe": 14.62,
            "roe_4q": 59.65,
            "gross_profit": 2702699,
            "gross_margin": 95.55,
            "gross_margin_4q_avg": 95.94,
            "net_income": 1181234,
            "net_income_4q": null,
            "revenue": 2828638,
            "revenue_4q": null,
            "common_shares": 704504,
            "book_valuer_per_share": 127.17,
            "book_valuer_per_share_4q_avg": 116.93,
            "equity": 8972572,
            "current_ratio": 324.42,
            "debt_ratio": 26.66,
            "inventory_turnover_ratio": 0.91,
            "account_receivable_turnover_ratio": 1.7,
            "reinvestment_rate": -2.83,
            "research_to_sale_ratio": 20.6,
            "price_fair": 1366.58,
            "eps_avg_yearly": 39.05,
            "eps_latest_yearly": 67.08,
            "eps_growth_yearly": 50.79
        },
        "20221": {
            "year_quarter": 20221,
            "year": 2022,
            "quarter": 1,
            "eps": 18.74,
            "eps_growth_year": 12.01,
            "eps_4q": 69.21,
            "eps_4q_growth_year": 28.49,
            "roe": 13.86,
            "roe_4q": 57.26,
            "gross_profit": 2810787,
            "gross_margin": 96.3,
            "gross_margin_4q_avg": 95.99,
            "net_income": 1320061,
            "net_income_4q": null,
            "revenue": 2918792,
            "revenue_4q": null,
            "common_shares": 704504,
            "book_valuer_per_share": 142.89,
            "book_valuer_per_share_4q_avg": 124.86,
            "equity": 10080206,
            "current_ratio": 346.92,
            "debt_ratio": 25.94,
            "inventory_turnover_ratio": 0.74,
            "account_receivable_turnover_ratio": 1.67,
            "reinvestment_rate": -0.97,
            "research_to_sale_ratio": 21.08,
            "price_fair": 1508.76,
            "eps_avg_yearly": 43.11,
            "eps_latest_yearly": 74.96,
            "eps_growth_yearly": 58.96
        },
        "20222": {
            "year_quarter": 20222,
            "year": 2022,
            "quarter": 2,
            "eps": 9.46,
            "eps_growth_year": -43.08,
            "eps_4q": 35.76,
            "eps_4q_growth_year": -39.87,
            "roe": 14.92,
            "roe_4q": 58.28,
            "gross_profit": 2761896,
            "gross_margin": 96.14,
            "gross_margin_4q_avg": 96.05,
            "net_income": 1334213,
            "net_income_4q": null,
            "revenue": 2872922,
            "revenue_4q": null,
            "common_shares": 704504,
            "book_valuer_per_share": 110.48,
            "book_valuer_per_share_4q_avg": 120.58,
            "equity": 7798872,
            "current_ratio": 185.63,
            "debt_ratio": 48.84,
            "inventory_turnover_ratio": 0.72,
            "account_receivable_turnover_ratio": 1.64,
            "reinvestment_rate": -0.91,
            "research_to_sale_ratio": 21.5,
            "price_fair": 1561.7,
            "eps_avg_yearly": 44.62,
            "eps_latest_yearly": 37.84,
            "eps_growth_yearly": 37.34
        },
        "20223": {
            "year_quarter": 20223,
            "year": 2022,
            "quarter": 3,
            "eps": 10.59,
            "eps_growth_year": -38.03,
            "eps_4q": 37.8,
            "eps_4q_growth_year": -40.32,
            "roe": 17.57,
            "roe_4q": 60.97,
            "gross_profit": 2867336,
            "gross_margin": 95.92,
            "gross_margin_4q_avg": 95.98,
            "net_income": 1493397,
            "net_income_4q": null,
            "revenue": 2989271,
            "revenue_4q": null,
            "common_shares": 1409008,
            "book_valuer_per_share": 65.2,
            "book_valuer_per_share_4q_avg": 111.44,
            "equity": 9203090,
            "current_ratio": 403.49,
            "debt_ratio": 22.54,
            "inventory_turnover_ratio": 0.85,
            "account_receivable_turnover_ratio": 1.83,
            "reinvestment_rate": -0.83,
            "research_to_sale_ratio": 23.32,
            "price_fair": 1629.43,
            "eps_avg_yearly": 46.56,
            "eps_latest_yearly": 42.36,
            "eps_growth_yearly": 44.44
        },
        "20224": {
            "year_quarter": 20224,
            "year": 2022,
            "quarter": 4,
            "eps": 9.46,
            "eps_growth_year": -43.56,
            "eps_4q": 38.88,
            "eps_4q_growth_year": -42.15,
            "roe": 13.43,
            "roe_4q": 59.78,
            "gross_profit": 3033442,
            "gross_margin": 95.78,
            "gross_margin_4q_avg": 96.04,
            "net_income": 1333904,
            "net_income_4q": null,
            "revenue": 3167014,
            "revenue_4q": null,
            "common_shares": 1409008,
            "book_valuer_per_share": 75.66,
            "book_valuer_per_share_4q_avg": 98.56,
            "equity": 10663332,
            "current_ratio": 365.45,
            "debt_ratio": 24.8,
            "inventory_turnover_ratio": 1.09,
            "account_receivable_turnover_ratio": 1.99,
            "reinvestment_rate": -0.68,
            "research_to_sale_ratio": 21.08,
            "price_fair": 1679.3,
            "eps_avg_yearly": 47.98,
            "eps_latest_yearly": 37.84,
            "eps_growth_yearly": 33.79
        },
        "20231": {
            "year_quarter": 20231,
            "year": 2023,
            "quarter": 1,
            "eps": 10.24,
            "eps_growth_year": -45.36,
            "eps_4q": 39.75,
            "eps_4q_growth_year": -42.57,
            "roe": 12.63,
            "roe_4q": 58.550000000000004,
            "gross_profit": 3226963,
            "gross_margin": 97.09,
            "gross_margin_4q_avg": 96.23,
            "net_income": 1443214,
            "net_income_4q": null,
            "revenue": 3323851,
            "revenue_4q": null,
            "common_shares": 1409008,
            "book_valuer_per_share": 86.48,
            "book_valuer_per_share_4q_avg": 84.46,
            "equity": 12188938,
            "current_ratio": 385.33,
            "debt_ratio": 23.17,
            "inventory_turnover_ratio": 0.83,
            "account_receivable_turnover_ratio": 1.91,
            "reinvestment_rate": -0.61,
            "research_to_sale_ratio": 21.69,
            "price_fair": 1729.18,
            "eps_avg_yearly": 49.41,
            "eps_latest_yearly": 40.96,
            "eps_growth_yearly": 30.66
        },
        "20232": {
            "year_quarter": 20232,
            "year": 2023,
            "quarter": 2,
            "eps": 11.81,
            "eps_growth_year": 24.84,
            "eps_4q": 42.1,
            "eps_4q_growth_year": 17.75,
            "roe": 15.79,
            "roe_4q": 59.42,
            "gross_profit": 3329115,
            "gross_margin": 95.69,
            "gross_margin_4q_avg": 96.12,
            "net_income": 1663851,
            "net_income_4q": null,
            "revenue": 3478897,
            "revenue_4q": null,
            "common_shares": 1409008,
            "book_valuer_per_share": 63.05,
            "book_valuer_per_share_4q_avg": 72.6,
            "equity": 8887400,
            "current_ratio": 158.1,
            "debt_ratio": 51.66,
            "inventory_turnover_ratio": 1.31,
            "account_receivable_turnover_ratio": 1.86,
            "reinvestment_rate": -0.58,
            "research_to_sale_ratio": 23.27,
            "price_fair": 1718.39,
            "eps_avg_yearly": 50.74,
            "eps_latest_yearly": 47.24,
            "eps_growth_yearly": 23.87
        },
        "20233": {
            "year_quarter": 20233,
            "year": 2023,
            "quarter": 3,
            "eps": 12.39,
            "eps_growth_year": 17,
            "eps_4q": 43.9,
            "eps_4q_growth_year": 16.14,
            "roe": 17.93,
            "roe_4q": 59.78,
            "gross_profit": 3434416,
            "gross_margin": 95.86,
            "gross_margin_4q_avg": 96.11,
            "net_income": 1745330,
            "net_income_4q": null,
            "revenue": 3582616,
            "revenue_4q": null,
            "common_shares": 1409008,
            "book_valuer_per_share": 75.09,
            "book_valuer_per_share_4q_avg": 75.07,
            "equity": 10584241,
            "current_ratio": 330.64,
            "debt_ratio": 23.47,
            "inventory_turnover_ratio": 1.29,
            "account_receivable_turnover_ratio": 1.82,
            "reinvestment_rate": -0.49,
            "research_to_sale_ratio": 23.1,
            "price_fair": 1425.72,
            "eps_avg_yearly": 51.73,
            "eps_latest_yearly": 49.56,
            "eps_growth_yearly": 17.56
        }
    },
    "months": {
        "2004-04": {
            "month": "2004-04",
            "price": "74.69",
            "revenue": 73237
        },
        "2004-05": {
            "month": "2004-05",
            "price": "79.27",
            "revenue": 74651
        },
        "2004-06": {
            "month": "2004-06",
            "price": "86.06",
            "revenue": 83955
        },
        "2004-07": {
            "month": "2004-07",
            "price": "60.54",
            "revenue": 93279
        },
        "2004-08": {
            "month": "2004-08",
            "price": "63.98",
            "revenue": 62349
        },
        "2004-09": {
            "month": "2004-09",
            "price": "63.11",
            "revenue": 75635
        },
        "2004-10": {
            "month": "2004-10",
            "price": "59.97",
            "revenue": 68383
        },
        "2004-11": {
            "month": "2004-11",
            "price": "55.25",
            "revenue": 79356
        },
        "2004-12": {
            "month": "2004-12",
            "price": "48.22",
            "revenue": 96785
        },
        "2005-01": {
            "month": "2005-01",
            "price": "51.38",
            "revenue": 73665
        },
        "2005-02": {
            "month": "2005-02",
            "price": "74.68",
            "revenue": 58496
        },
        "2005-03": {
            "month": "2005-03",
            "price": "84.19",
            "revenue": 70606
        },
        "2005-04": {
            "month": "2005-04",
            "price": "126.21",
            "revenue": 83592
        },
        "2005-05": {
            "month": "2005-05",
            "price": "118.00",
            "revenue": 79403
        },
        "2005-06": {
            "month": "2005-06",
            "price": "107.89",
            "revenue": 103485
        },
        "2005-07": {
            "month": "2005-07",
            "price": "114.91",
            "revenue": 86858
        },
        "2005-08": {
            "month": "2005-08",
            "price": "122.93",
            "revenue": 102411
        },
        "2005-09": {
            "month": "2005-09",
            "price": "118.33",
            "revenue": 125945
        },
        "2005-10": {
            "month": "2005-10",
            "price": "109.21",
            "revenue": 118004
        },
        "2005-11": {
            "month": "2005-11",
            "price": "106.41",
            "revenue": 110534
        },
        "2005-12": {
            "month": "2005-12",
            "price": "120.77",
            "revenue": 154413
        },
        "2006-01": {
            "month": "2006-01",
            "price": "166.10",
            "revenue": 120308
        },
        "2006-02": {
            "month": "2006-02",
            "price": "169.06",
            "revenue": 93383
        },
        "2006-03": {
            "month": "2006-03",
            "price": "182.29",
            "revenue": 129109
        },
        "2006-04": {
            "month": "2006-04",
            "price": "183.89",
            "revenue": 141853
        },
        "2006-05": {
            "month": "2006-05",
            "price": "199.27",
            "revenue": 133746
        },
        "2006-06": {
            "month": "2006-06",
            "price": "207.29",
            "revenue": 130501
        },
        "2006-07": {
            "month": "2006-07",
            "price": "155.75",
            "revenue": 129509
        },
        "2006-08": {
            "month": "2006-08",
            "price": "177.48",
            "revenue": 124612
        },
        "2006-09": {
            "month": "2006-09",
            "price": "258.57",
            "revenue": 120513
        },
        "2006-10": {
            "month": "2006-10",
            "price": "204.85",
            "revenue": 122849
        },
        "2006-11": {
            "month": "2006-11",
            "price": "204.86",
            "revenue": 130968
        },
        "2006-12": {
            "month": "2006-12",
            "price": "242.52",
            "revenue": 181644
        },
        "2007-01": {
            "month": "2007-01",
            "price": "279.43",
            "revenue": 174884
        },
        "2007-02": {
            "month": "2007-02",
            "price": "281.79",
            "revenue": 137462
        },
        "2007-03": {
            "month": "2007-03",
            "price": "281.67",
            "revenue": 181710
        },
        "2007-04": {
            "month": "2007-04",
            "price": "313.95",
            "revenue": 196291
        },
        "2007-05": {
            "month": "2007-05",
            "price": "324.86",
            "revenue": 158217
        },
        "2007-06": {
            "month": "2007-06",
            "price": "332.92",
            "revenue": 162373
        },
        "2007-07": {
            "month": "2007-07",
            "price": "363.77",
            "revenue": 212870
        },
        "2007-08": {
            "month": "2007-08",
            "price": "390.93",
            "revenue": 241845
        },
        "2007-09": {
            "month": "2007-09",
            "price": "345.19",
            "revenue": 268614
        },
        "2007-10": {
            "month": "2007-10",
            "price": "346.34",
            "revenue": 279551
        },
        "2007-11": {
            "month": "2007-11",
            "price": "306.27",
            "revenue": 185743
        },
        "2007-12": {
            "month": "2007-12",
            "price": "251.19",
            "revenue": 188123
        },
        "2008-01": {
            "month": "2008-01",
            "price": "213.16",
            "revenue": 170646
        },
        "2008-02": {
            "month": "2008-02",
            "price": "205.79",
            "revenue": 152057
        },
        "2008-03": {
            "month": "2008-03",
            "price": "237.71",
            "revenue": 161803
        },
        "2008-04": {
            "month": "2008-04",
            "price": "260.40",
            "revenue": 180557
        },
        "2008-05": {
            "month": "2008-05",
            "price": "264.48",
            "revenue": 217650
        },
        "2008-06": {
            "month": "2008-06",
            "price": "249.43",
            "revenue": 228156
        },
        "2008-07": {
            "month": "2008-07",
            "price": "216.89",
            "revenue": 271445
        },
        "2008-08": {
            "month": "2008-08",
            "price": "194.79",
            "revenue": 192315
        },
        "2008-09": {
            "month": "2008-09",
            "price": "148.05",
            "revenue": 193349
        },
        "2008-10": {
            "month": "2008-10",
            "price": "119.48",
            "revenue": 229860
        },
        "2008-11": {
            "month": "2008-11",
            "price": "113.58",
            "revenue": 247667
        },
        "2008-12": {
            "month": "2008-12",
            "price": "131.72",
            "revenue": 249500
        },
        "2009-01": {
            "month": "2009-01",
            "price": "136.20",
            "revenue": 200978
        },
        "2009-02": {
            "month": "2009-02",
            "price": "138.42",
            "revenue": 256593
        },
        "2009-03": {
            "month": "2009-03",
            "price": "187.39",
            "revenue": 296588
        },
        "2009-04": {
            "month": "2009-04",
            "price": "214.95",
            "revenue": 270991
        },
        "2009-05": {
            "month": "2009-05",
            "price": "262.58",
            "revenue": 270411
        },
        "2009-06": {
            "month": "2009-06",
            "price": "257.33",
            "revenue": 258145
        },
        "2009-07": {
            "month": "2009-07",
            "price": "283.17",
            "revenue": 300881
        },
        "2009-08": {
            "month": "2009-08",
            "price": "273.05",
            "revenue": 262691
        },
        "2009-09": {
            "month": "2009-09",
            "price": "266.48",
            "revenue": 321772
        },
        "2009-10": {
            "month": "2009-10",
            "price": "261.48",
            "revenue": 353987
        },
        "2009-11": {
            "month": "2009-11",
            "price": "250.74",
            "revenue": 297364
        },
        "2009-12": {
            "month": "2009-12",
            "price": "249.41",
            "revenue": 288593
        },
        "2010-01": {
            "month": "2010-01",
            "price": "252.52",
            "revenue": 249287
        },
        "2010-02": {
            "month": "2010-02",
            "price": "219.46",
            "revenue": 265894
        },
        "2010-03": {
            "month": "2010-03",
            "price": "229.02",
            "revenue": 307433
        },
        "2010-04": {
            "month": "2010-04",
            "price": "247.12",
            "revenue": 270264
        },
        "2010-05": {
            "month": "2010-05",
            "price": "231.52",
            "revenue": 262390
        },
        "2010-06": {
            "month": "2010-06",
            "price": "225.00",
            "revenue": 218355
        },
        "2010-07": {
            "month": "2010-07",
            "price": "213.73",
            "revenue": 227042
        },
        "2010-08": {
            "month": "2010-08",
            "price": "177.34",
            "revenue": 204542
        },
        "2010-09": {
            "month": "2010-09",
            "price": "164.98",
            "revenue": 232535
        },
        "2010-10": {
            "month": "2010-10",
            "price": "157.43",
            "revenue": 234778
        },
        "2010-11": {
            "month": "2010-11",
            "price": "168.16",
            "revenue": 219425
        },
        "2010-12": {
            "month": "2010-12",
            "price": "166.96",
            "revenue": 224040
        },
        "2011-01": {
            "month": "2011-01",
            "price": "157.15",
            "revenue": 229631
        },
        "2011-02": {
            "month": "2011-02",
            "price": "137.93",
            "revenue": 224621
        },
        "2011-03": {
            "month": "2011-03",
            "price": "135.98",
            "revenue": 240706
        },
        "2011-04": {
            "month": "2011-04",
            "price": "138.58",
            "revenue": 261386
        },
        "2011-05": {
            "month": "2011-05",
            "price": "154.24",
            "revenue": 240372
        },
        "2011-06": {
            "month": "2011-06",
            "price": "156.21",
            "revenue": 241764
        },
        "2011-07": {
            "month": "2011-07",
            "price": "139.26",
            "revenue": 233661
        },
        "2011-08": {
            "month": "2011-08",
            "price": "123.15",
            "revenue": 264743
        },
        "2011-09": {
            "month": "2011-09",
            "price": "141.67",
            "revenue": 282611
        },
        "2011-10": {
            "month": "2011-10",
            "price": "155.25",
            "revenue": 293802
        },
        "2011-11": {
            "month": "2011-11",
            "price": "177.86",
            "revenue": 260374
        },
        "2011-12": {
            "month": "2011-12",
            "price": "190.84",
            "revenue": 287622
        },
        "2012-01": {
            "month": "2012-01",
            "price": "195.77",
            "revenue": 212506
        },
        "2012-02": {
            "month": "2012-02",
            "price": "214.55",
            "revenue": 227079
        },
        "2012-03": {
            "month": "2012-03",
            "price": "196.76",
            "revenue": 226272
        },
        "2012-04": {
            "month": "2012-04",
            "price": "165.92",
            "revenue": 190424
        },
        "2012-05": {
            "month": "2012-05",
            "price": "136.86",
            "revenue": 189887
        },
        "2012-06": {
            "month": "2012-06",
            "price": "137.17",
            "revenue": 186994
        },
        "2012-07": {
            "month": "2012-07",
            "price": "134.18",
            "revenue": 164757
        },
        "2012-08": {
            "month": "2012-08",
            "price": "121.70",
            "revenue": 158868
        },
        "2012-09": {
            "month": "2012-09",
            "price": "113.40",
            "revenue": 137700
        },
        "2012-10": {
            "month": "2012-10",
            "price": "109.77",
            "revenue": 138953
        },
        "2012-11": {
            "month": "2012-11",
            "price": "103.07",
            "revenue": 127935
        },
        "2012-12": {
            "month": "2012-12",
            "price": "110.52",
            "revenue": 130049
        },
        "2013-01": {
            "month": "2013-01",
            "price": "105.11",
            "revenue": 147777
        },
        "2013-02": {
            "month": "2013-02",
            "price": "101.81",
            "revenue": 157504
        },
        "2013-03": {
            "month": "2013-03",
            "price": "98.70",
            "revenue": 154323
        },
        "2013-04": {
            "month": "2013-04",
            "price": "82.56",
            "revenue": 122657
        },
        "2013-05": {
            "month": "2013-05",
            "price": "80.50",
            "revenue": 140395
        },
        "2013-06": {
            "month": "2013-06",
            "price": "81.63",
            "revenue": 122852
        },
        "2013-07": {
            "month": "2013-07",
            "price": "73.41",
            "revenue": 116506
        },
        "2013-08": {
            "month": "2013-08",
            "price": "66.49",
            "revenue": 110796
        },
        "2013-09": {
            "month": "2013-09",
            "price": "61.88",
            "revenue": 113338
        },
        "2013-10": {
            "month": "2013-10",
            "price": "59.39",
            "revenue": 116867
        },
        "2013-11": {
            "month": "2013-11",
            "price": "50.82",
            "revenue": 114940
        },
        "2013-12": {
            "month": "2013-12",
            "price": "54.97",
            "revenue": 118007
        },
        "2014-01": {
            "month": "2014-01",
            "price": "59.68",
            "revenue": 109877
        },
        "2014-02": {
            "month": "2014-02",
            "price": "56.95",
            "revenue": 114332
        },
        "2014-03": {
            "month": "2014-03",
            "price": "78.60",
            "revenue": 132505
        },
        "2014-04": {
            "month": "2014-04",
            "price": "88.74",
            "revenue": 143121
        },
        "2014-05": {
            "month": "2014-05",
            "price": "96.55",
            "revenue": 142539
        },
        "2014-06": {
            "month": "2014-06",
            "price": "151.55",
            "revenue": 135317
        },
        "2014-07": {
            "month": "2014-07",
            "price": "159.02",
            "revenue": 144076
        },
        "2014-08": {
            "month": "2014-08",
            "price": "143.81",
            "revenue": 147541
        },
        "2014-09": {
            "month": "2014-09",
            "price": "168.17",
            "revenue": 177542
        },
        "2014-10": {
            "month": "2014-10",
            "price": "154.75",
            "revenue": 140457
        },
        "2014-11": {
            "month": "2014-11",
            "price": "133.80",
            "revenue": 149110
        },
        "2014-12": {
            "month": "2014-12",
            "price": "153.88",
            "revenue": 109854
        },
        "2015-01": {
            "month": "2015-01",
            "price": "149.28",
            "revenue": 112468
        },
        "2015-02": {
            "month": "2015-02",
            "price": "140.73",
            "revenue": 100955
        },
        "2015-03": {
            "month": "2015-03",
            "price": "131.59",
            "revenue": 154443
        },
        "2015-04": {
            "month": "2015-04",
            "price": "131.70",
            "revenue": 162270
        },
        "2015-05": {
            "month": "2015-05",
            "price": "111.24",
            "revenue": 155085
        },
        "2015-06": {
            "month": "2015-06",
            "price": "103.20",
            "revenue": 160471
        },
        "2015-07": {
            "month": "2015-07",
            "price": "111.84",
            "revenue": 162568
        },
        "2015-08": {
            "month": "2015-08",
            "price": "78.03",
            "revenue": 163625
        },
        "2015-09": {
            "month": "2015-09",
            "price": "75.91",
            "revenue": 176535
        },
        "2015-10": {
            "month": "2015-10",
            "price": "88.54",
            "revenue": 168277
        },
        "2015-11": {
            "month": "2015-11",
            "price": "82.75",
            "revenue": 190783
        },
        "2015-12": {
            "month": "2015-12",
            "price": "105.74",
            "revenue": 209820
        },
        "2016-01": {
            "month": "2016-01",
            "price": "136.21",
            "revenue": 271153
        },
        "2016-02": {
            "month": "2016-02",
            "price": "208.65",
            "revenue": 254589
        },
        "2016-03": {
            "month": "2016-03",
            "price": "250.11",
            "revenue": 285997
        },
        "2016-04": {
            "month": "2016-04",
            "price": "295.18",
            "revenue": 329943
        },
        "2016-05": {
            "month": "2016-05",
            "price": "279.19",
            "revenue": 298474
        },
        "2016-06": {
            "month": "2016-06",
            "price": "286.74",
            "revenue": 271475
        },
        "2016-07": {
            "month": "2016-07",
            "price": "258.08",
            "revenue": 300047
        },
        "2016-08": {
            "month": "2016-08",
            "price": "230.24",
            "revenue": 250102
        },
        "2016-09": {
            "month": "2016-09",
            "price": "189.45",
            "revenue": 248529
        },
        "2016-10": {
            "month": "2016-10",
            "price": "198.78",
            "revenue": 254235
        },
        "2016-11": {
            "month": "2016-11",
            "price": "169.34",
            "revenue": 293989
        },
        "2016-12": {
            "month": "2016-12",
            "price": "207.27",
            "revenue": 261270
        },
        "2017-01": {
            "month": "2017-01",
            "price": "200.91",
            "revenue": 251554
        },
        "2017-02": {
            "month": "2017-02",
            "price": "207.22",
            "revenue": 236915
        },
        "2017-03": {
            "month": "2017-03",
            "price": "188.13",
            "revenue": 294923
        },
        "2017-04": {
            "month": "2017-04",
            "price": "188.11",
            "revenue": 300036
        },
        "2017-05": {
            "month": "2017-05",
            "price": "203.78",
            "revenue": 282761
        },
        "2017-06": {
            "month": "2017-06",
            "price": "193.41",
            "revenue": 277399
        },
        "2017-07": {
            "month": "2017-07",
            "price": "158.29",
            "revenue": 294878
        },
        "2017-08": {
            "month": "2017-08",
            "price": "164.15",
            "revenue": 296497
        },
        "2017-09": {
            "month": "2017-09",
            "price": "167.77",
            "revenue": 288061
        },
        "2017-10": {
            "month": "2017-10",
            "price": "165.63",
            "revenue": 246480
        },
        "2017-11": {
            "month": "2017-11",
            "price": "160.61",
            "revenue": 259193
        },
        "2017-12": {
            "month": "2017-12",
            "price": "158.26",
            "revenue": 284997
        },
        "2018-01": {
            "month": "2018-01",
            "price": "161.82",
            "revenue": 202059
        },
        "2018-02": {
            "month": "2018-02",
            "price": "157.19",
            "revenue": 249640
        },
        "2018-03": {
            "month": "2018-03",
            "price": "157.13",
            "revenue": 271297
        },
        "2018-04": {
            "month": "2018-04",
            "price": "162.67",
            "revenue": 230354
        },
        "2018-05": {
            "month": "2018-05",
            "price": "176.91",
            "revenue": 254691
        },
        "2018-06": {
            "month": "2018-06",
            "price": "180.62",
            "revenue": 250975
        },
        "2018-07": {
            "month": "2018-07",
            "price": "172.48",
            "revenue": 240164
        },
        "2018-08": {
            "month": "2018-08",
            "price": "162.78",
            "revenue": 257477
        },
        "2018-09": {
            "month": "2018-09",
            "price": "145.16",
            "revenue": 229903
        },
        "2018-10": {
            "month": "2018-10",
            "price": "138.39",
            "revenue": 283605
        },
        "2018-11": {
            "month": "2018-11",
            "price": "143.86",
            "revenue": 286899
        },
        "2018-12": {
            "month": "2018-12",
            "price": "147.95",
            "revenue": 310054
        },
        "2019-01": {
            "month": "2019-01",
            "price": "151.12",
            "revenue": 299210
        },
        "2019-02": {
            "month": "2019-02",
            "price": "164.12",
            "revenue": 318351
        },
        "2019-03": {
            "month": "2019-03",
            "price": "209.65",
            "revenue": 358779
        },
        "2019-04": {
            "month": "2019-04",
            "price": "242.15",
            "revenue": 338857
        },
        "2019-05": {
            "month": "2019-05",
            "price": "254.43",
            "revenue": 392523
        },
        "2019-06": {
            "month": "2019-06",
            "price": "298.45",
            "revenue": 421700
        },
        "2019-07": {
            "month": "2019-07",
            "price": "308.00",
            "revenue": 501664
        },
        "2019-08": {
            "month": "2019-08",
            "price": "373.17",
            "revenue": 489277
        },
        "2019-09": {
            "month": "2019-09",
            "price": "385.63",
            "revenue": 494887
        },
        "2019-10": {
            "month": "2019-10",
            "price": "391.79",
            "revenue": 553856
        },
        "2019-11": {
            "month": "2019-11",
            "price": "379.88",
            "revenue": 547668
        },
        "2019-12": {
            "month": "2019-12",
            "price": "371.23",
            "revenue": 574381
        },
        "2020-01": {
            "month": "2020-01",
            "price": "439.93",
            "revenue": 616077
        },
        "2020-02": {
            "month": "2020-02",
            "price": "525.24",
            "revenue": 627294
        },
        "2020-03": {
            "month": "2020-03",
            "price": "546.30",
            "revenue": 650978
        },
        "2020-04": {
            "month": "2020-04",
            "price": "575.30",
            "revenue": 593803
        },
        "2020-05": {
            "month": "2020-05",
            "price": "528.80",
            "revenue": 682974
        },
        "2020-06": {
            "month": "2020-06",
            "price": "648.35",
            "revenue": 681452
        },
        "2020-07": {
            "month": "2020-07",
            "price": "773.30",
            "revenue": 753551
        },
        "2020-08": {
            "month": "2020-08",
            "price": "801.62",
            "revenue": 734801
        },
        "2020-09": {
            "month": "2020-09",
            "price": "829.27",
            "revenue": 760147
        },
        "2020-10": {
            "month": "2020-10",
            "price": "769.47",
            "revenue": 771327
        },
        "2020-11": {
            "month": "2020-11",
            "price": "712.24",
            "revenue": 742138
        },
        "2020-12": {
            "month": "2020-12",
            "price": "694.57",
            "revenue": 811316
        },
        "2021-01": {
            "month": "2021-01",
            "price": "789.75",
            "revenue": 841495
        },
        "2021-02": {
            "month": "2021-02",
            "price": "826.38",
            "revenue": 917898
        },
        "2021-03": {
            "month": "2021-03",
            "price": "747.86",
            "revenue": 994161
        },
        "2021-04": {
            "month": "2021-04",
            "price": "768.11",
            "revenue": 922588
        },
        "2021-05": {
            "month": "2021-05",
            "price": "798.19",
            "revenue": 963377
        },
        "2021-06": {
            "month": "2021-06",
            "price": "887.43",
            "revenue": 960707
        },
        "2021-07": {
            "month": "2021-07",
            "price": "834.23",
            "revenue": 968902
        },
        "2021-08": {
            "month": "2021-08",
            "price": "760.36",
            "revenue": 965114
        },
        "2021-09": {
            "month": "2021-09",
            "price": "661.85",
            "revenue": 922908
        },
        "2021-10": {
            "month": "2021-10",
            "price": "701.00",
            "revenue": 1020855
        },
        "2021-11": {
            "month": "2021-11",
            "price": "779.95",
            "revenue": 916357
        },
        "2021-12": {
            "month": "2021-12",
            "price": "795.91",
            "revenue": 891426
        },
        "2022-01": {
            "month": "2022-01",
            "price": "742.11",
            "revenue": 959890
        },
        "2022-02": {
            "month": "2022-02",
            "price": "709.13",
            "revenue": 946239
        },
        "2022-03": {
            "month": "2022-03",
            "price": "727.61",
            "revenue": 1012663
        },
        "2022-04": {
            "month": "2022-04",
            "price": "743.11",
            "revenue": 977253
        },
        "2022-05": {
            "month": "2022-05",
            "price": "720.05",
            "revenue": 1000978
        },
        "2022-06": {
            "month": "2022-06",
            "price": "729.33",
            "revenue": 894691
        },
        "2022-07": {
            "month": "2022-07",
            "price": "674.12",
            "revenue": 975949
        },
        "2022-08": {
            "month": "2022-08",
            "price": "385.70",
            "revenue": 1011007
        },
        "2022-09": {
            "month": "2022-09",
            "price": "358.71",
            "revenue": 1002315
        },
        "2022-10": {
            "month": "2022-10",
            "price": "352.20",
            "revenue": 1041805
        },
        "2022-11": {
            "month": "2022-11",
            "price": "379.64",
            "revenue": 1023251
        },
        "2022-12": {
            "month": "2022-12",
            "price": "406.66",
            "revenue": 1101958
        },
        "2023-01": {
            "month": "2023-01",
            "price": "469.19",
            "revenue": 1149191
        },
        "2023-02": {
            "month": "2023-02",
            "price": "509.25",
            "revenue": 1058809
        },
        "2023-03": {
            "month": "2023-03",
            "price": "559.35",
            "revenue": 1115851
        },
        "2023-04": {
            "month": "2023-04",
            "price": "533.53",
            "revenue": 1149778
        },
        "2023-05": {
            "month": "2023-05",
            "price": "551.91",
            "revenue": 1159684
        },
        "2023-06": {
            "month": "2023-06",
            "price": "619.25",
            "revenue": 1169435
        },
        "2023-07": {
            "month": "2023-07",
            "price": "626.95",
            "revenue": 1147346
        },
        "2023-08": {
            "month": "2023-08",
            "price": "574.55",
            "revenue": 1228080
        },
        "2023-09": {
            "month": "2023-09",
            "price": "614.00",
            "revenue": 1207190
        },
        "2023-10": {
            "month": "2023-10",
            "price": "626.70",
            "revenue": 1231274
        },
        "2023-11": {
            "month": "2023-11",
            "price": "647.23",
            "revenue": 1234535
        },
        "2023-12": {
            "month": "2023-12",
            "price": "727.67",
            "revenue": 1324622
        }
    }
}
