{
    "summary": {
        "stock_name": "英濟",
        "stock_id": "3294",
        "category": "電子零組件",
        "main_business": "精密塑膠零組件射出成型<br>精密模具開發、設計及製造<br>電子組裝、噴塗印刷",
        "website_url": "http://www.megaforce.com.tw",
        "ceo": "姜同會",
        "pe_ratio": -11,
        "report_year_from": 2003,
        "report_year_to": 2023,
        "age": 20,
        "eps_negative_percentage": 37,
        "eps_growth_avg": {
            "last_all": -30.16,
            "last_2y": -24.1,
            "last_4y": -43.08,
            "last_8y": -6.13,
            "last_12y": -19.54,
            "last_16y": -30.16,
            "last_20y": null,
            "at_2006_last_3y": null,
            "at_2007_last_3y": null,
            "at_2008_last_3y": null,
            "at_2009_last_3y": -48.76,
            "at_2010_last_3y": -70.92,
            "at_2011_last_3y": -97.01,
            "at_2012_last_3y": -100,
            "at_2013_last_3y": -100,
            "at_2014_last_3y": -100,
            "at_2015_last_3y": -100,
            "at_2016_last_3y": 54.24,
            "at_2017_last_3y": 67.78,
            "at_2018_last_3y": 11.85,
            "at_2019_last_3y": 11.85,
            "at_2020_last_3y": 27.11,
            "at_2021_last_3y": -24.1,
            "at_2022_last_3y": -24.1,
            "at_2023_last_3y": -24.1,
            "at_2006_last_all": null,
            "at_2007_last_all": -0.52,
            "at_2008_last_all": -31.69,
            "at_2009_last_all": -48.76,
            "at_2010_last_all": -48.76,
            "at_2011_last_all": -48.76,
            "at_2012_last_all": -59.01,
            "at_2013_last_all": -59.01,
            "at_2014_last_all": -59.01,
            "at_2015_last_all": -59.01,
            "at_2016_last_all": -40.14,
            "at_2017_last_all": -22.79,
            "at_2018_last_all": -32.44,
            "at_2019_last_all": -32.44,
            "at_2020_last_all": -17.72,
            "at_2021_last_all": -23.18,
            "at_2022_last_all": -30.16,
            "at_2023_last_all": -30.16
        },
        "latest_eps": -1.69,
        "latest_price": 17.9,
        "latest_roe": -9.68,
        "latest_gross_margin": 4.77,
        "latest_equity": 2171263,
        "latest_revenue": 831250,
        "latest_gross_profit": 39658,
        "latest_net_income": -106513,
        "latest_debt_ratio": 52.85,
        "latest_current_ratio": 173.42,
        "latest_account_receivable_turnover_ratio": 0.7,
        "latest_inventory_turnover_ratio": 1.68,
        "latest_reinvestment_rate": null,
        "latest_research_to_sale_ratio": 4.61
    },
    "eps_dividends": {
        "2001": {
            "cash": 0,
            "stock": 0,
            "eps": 0
        },
        "2002": {
            "cash": 0,
            "stock": 0,
            "eps": 0
        },
        "2003": {
            "cash": 0,
            "stock": 0,
            "eps": 0
        },
        "2004": {
            "cash": 1,
            "stock": 1,
            "eps": 0
        },
        "2005": {
            "cash": 0,
            "stock": 0,
            "eps": 3.67
        },
        "2006": {
            "cash": 2,
            "stock": 2,
            "eps": 4.32
        },
        "2007": {
            "cash": 2,
            "stock": 2,
            "eps": 3.51
        },
        "2008": {
            "cash": 2,
            "stock": 1,
            "eps": 0.21
        },
        "2009": {
            "cash": 0,
            "stock": 0,
            "eps": -1.34
        },
        "2010": {
            "cash": 0,
            "stock": 0,
            "eps": -1.09
        },
        "2011": {
            "cash": 0,
            "stock": 0,
            "eps": 2.21
        },
        "2012": {
            "cash": 1,
            "stock": 0,
            "eps": -1.37
        },
        "2013": {
            "cash": 0,
            "stock": 0,
            "eps": -0.63
        },
        "2014": {
            "cash": 0,
            "stock": 0,
            "eps": -1.49
        },
        "2015": {
            "cash": 0,
            "stock": 0,
            "eps": 0.59
        },
        "2016": {
            "cash": 0,
            "stock": 0,
            "eps": 0.91
        },
        "2017": {
            "cash": 0,
            "stock": 0,
            "eps": 1.65
        },
        "2018": {
            "cash": 0,
            "stock": 0,
            "eps": 0
        },
        "2019": {
            "cash": 0,
            "stock": 0,
            "eps": 0.23
        },
        "2020": {
            "cash": 0,
            "stock": 0,
            "eps": 0.65
        },
        "2021": {
            "cash": 1,
            "stock": 0,
            "eps": 0.18
        },
        "2022": {
            "cash": 0,
            "stock": 0,
            "eps": -1.2
        },
        "2023": {
            "cash": 0,
            "stock": 0,
            "eps": -0.81
        }
    },
    "dividends": {
        "2004-04-22": {
            "cash": 0.8,
            "stock": 1.3
        },
        "2005-04-26": {
            "cash": 0.27,
            "stock": 0.24
        },
        "2006-04-25": {
            "cash": 1.5,
            "stock": 1.5
        },
        "2007-04-20": {
            "cash": 1.5,
            "stock": 1.5
        },
        "2008-04-28": {
            "cash": 1.5,
            "stock": 0.5
        },
        "2009-04-24": {
            "cash": 0.2,
            "stock": 0.2
        },
        "2012-04-25": {
            "cash": 1,
            "stock": 0
        },
        "2016-08-19": {
            "cash": 0.3,
            "stock": 0
        },
        "2017-08-25": {
            "cash": 0.32,
            "stock": 0
        },
        "2018-08-23": {
            "cash": 0.46,
            "stock": 0
        },
        "2019-08-09": {
            "cash": 0.23,
            "stock": 0
        },
        "2020-07-30": {
            "cash": 0.3,
            "stock": 0
        },
        "2021-09-16": {
            "cash": 0.5,
            "stock": 0
        },
        "2022-07-27": {
            "cash": 0.25,
            "stock": 0
        }
    },
    "prices": {
        "200101": "無",
        "200102": "無",
        "200103": "無",
        "200104": "無",
        "200105": "無",
        "200106": "無",
        "200107": "無",
        "200108": "無",
        "200109": "無",
        "200110": "無",
        "200111": "無",
        "200112": "無",
        "200201": "無",
        "200202": "無",
        "200203": "無",
        "200204": "無",
        "200205": "無",
        "200206": "無",
        "200207": "無",
        "200208": "無",
        "200209": "無",
        "200210": "無",
        "200211": "無",
        "200212": "無",
        "200301": "無",
        "200302": "無",
        "200303": "無",
        "200304": "無",
        "200305": "無",
        "200306": "無",
        "200307": "無",
        "200308": "無",
        "200309": "無",
        "200310": "無",
        "200311": "無",
        "200312": "無",
        "200401": "無",
        "200402": "無",
        "200403": "無",
        "200404": "無",
        "200405": "無",
        "200406": "無",
        "200407": "無",
        "200408": "無",
        "200409": "無",
        "200410": "無",
        "200411": "無",
        "200412": "無",
        "200501": "無",
        "200502": "無",
        "200503": "無",
        "200504": "無",
        "200505": "無",
        "200506": "無",
        "200507": "無",
        "200508": "無",
        "200509": "無",
        "200510": "37.17",
        "200511": "38.28",
        "200512": "34.25",
        "200601": "37.48",
        "200602": "37.41",
        "200603": "37.50",
        "200604": "41.72",
        "200605": "48.38",
        "200606": "42.88",
        "200607": "40.96",
        "200608": "41.33",
        "200609": "39.76",
        "200610": "38.63",
        "200611": "41.40",
        "200612": "43.14",
        "200701": "46.75",
        "200702": "50.81",
        "200703": "56.53",
        "200704": "59.50",
        "200705": "64.74",
        "200706": "87.20",
        "200707": "94.99",
        "200708": "73.97",
        "200709": "65.87",
        "200710": "56.63",
        "200711": "44.33",
        "200712": "41.50",
        "200801": "39.88",
        "200802": "41.51",
        "200803": "40.13",
        "200804": "38.90",
        "200805": "34.00",
        "200806": "25.78",
        "200807": "19.42",
        "200808": "21.22",
        "200809": "17.04",
        "200810": "11.15",
        "200811": "10.53",
        "200812": "9.94",
        "200901": "9.21",
        "200902": "9.25",
        "200903": "11.20",
        "200904": "12.91",
        "200905": "13.32",
        "200906": "12.24",
        "200907": "13.11",
        "200908": "17.30",
        "200909": "22.91",
        "200910": "21.74",
        "200911": "18.29",
        "200912": "18.90",
        "201001": "19.20",
        "201002": "16.23",
        "201003": "17.09",
        "201004": "18.20",
        "201005": "15.23",
        "201006": "14.42",
        "201007": "15.87",
        "201008": "15.78",
        "201009": "14.28",
        "201010": "13.70",
        "201011": "11.38",
        "201012": "12.32",
        "201101": "12.10",
        "201102": "12.04",
        "201103": "13.12",
        "201104": "15.00",
        "201105": "17.22",
        "201106": "18.50",
        "201107": "20.82",
        "201108": "20.95",
        "201109": "19.36",
        "201110": "17.84",
        "201111": "14.70",
        "201112": "12.81",
        "201201": "12.89",
        "201202": "15.77",
        "201203": "16.41",
        "201204": "14.68",
        "201205": "12.87",
        "201206": "12.26",
        "201207": "11.70",
        "201208": "11.56",
        "201209": "11.14",
        "201210": "11.25",
        "201211": "11.76",
        "201212": "12.84",
        "201301": "11.57",
        "201302": "11.11",
        "201303": "11.04",
        "201304": "11.21",
        "201305": "13.17",
        "201306": "13.82",
        "201307": "12.33",
        "201308": "11.50",
        "201309": "12.21",
        "201310": "12.91",
        "201311": "13.14",
        "201312": "13.25",
        "201401": "13.73",
        "201402": "13.08",
        "201403": "13.34",
        "201404": "13.22",
        "201405": "12.40",
        "201406": "13.19",
        "201407": "13.33",
        "201408": "13.01",
        "201409": "13.82",
        "201410": "17.96",
        "201411": "18.11",
        "201412": "18.74",
        "201501": "19.20",
        "201502": "17.84",
        "201503": "18.04",
        "201504": "18.15",
        "201505": "17.50",
        "201506": "17.73",
        "201507": "19.45",
        "201508": "18.50",
        "201509": "17.93",
        "201510": "17.78",
        "201511": "18.16",
        "201512": "17.90",
        "201601": "16.28",
        "201602": "13.99",
        "201603": "13.84",
        "201604": "13.69",
        "201605": "13.81",
        "201606": "13.48",
        "201607": "13.91",
        "201608": "14.26",
        "201609": "17.48",
        "201610": "16.51",
        "201611": "16.18",
        "201612": "16.25",
        "201701": "16.62",
        "201702": "16.64",
        "201703": "17.34",
        "201704": "15.98",
        "201705": "15.68",
        "201706": "15.40",
        "201707": "15.81",
        "201708": "20.39",
        "201709": "27.31",
        "201710": "28.57",
        "201711": "28.48",
        "201712": "24.46",
        "201801": "24.24",
        "201802": "21.81",
        "201803": "21.74",
        "201804": "19.27",
        "201805": "17.39",
        "201806": "16.52",
        "201807": "14.44",
        "201808": "13.39",
        "201809": "13.86",
        "201810": "12.85",
        "201811": "12.42",
        "201812": "12.73",
        "201901": "12.63",
        "201902": "13.96",
        "201903": "15.30",
        "201904": "15.55",
        "201905": "13.57",
        "201906": "13.53",
        "201907": "13.83",
        "201908": "14.34",
        "201909": "15.12",
        "201910": "15.15",
        "201911": "15.38",
        "201912": "15.91",
        "202001": "16.38",
        "202002": "15.05",
        "202003": "12.40",
        "202004": "12.28",
        "202005": "13.52",
        "202006": "13.63",
        "202007": "13.63",
        "202008": "14.46",
        "202009": "16.28",
        "202010": "16.55",
        "202011": "17.89",
        "202012": "22.39",
        "202101": "18.91",
        "202102": "17.91",
        "202103": "24.39",
        "202104": "26.73",
        "202105": "20.77",
        "202106": "21.97",
        "202107": "20.40",
        "202108": "18.19",
        "202109": "17.17",
        "202110": "19.66",
        "202111": "23.50",
        "202112": "33.71",
        "202201": "26.04",
        "202202": "25.02",
        "202203": "22.22",
        "202204": "22.25",
        "202205": "20.97",
        "202206": "21.23",
        "202207": "18.74",
        "202208": "20.71",
        "202209": "19.59",
        "202210": "16.81",
        "202211": "16.92",
        "202212": "17.55",
        "202301": "17.00",
        "202302": "17.65",
        "202303": "18.35",
        "202304": "19.03",
        "202305": "18.13"
    },
    "quarters": {
        "20011": {
            "year_quarter": 20011,
            "year": 2001,
            "quarter": 1,
            "eps": null,
            "eps_growth_year": null,
            "eps_4q": null,
            "eps_4q_growth_year": null,
            "roe": null,
            "roe_4q": 0,
            "gross_profit": null,
            "gross_margin": null,
            "gross_margin_4q_avg": 0,
            "net_income": null,
            "revenue": null,
            "common_shares": null,
            "book_valuer_per_share": null,
            "book_valuer_per_share_4q_avg": 0,
            "equity": null,
            "current_ratio": null,
            "debt_ratio": null,
            "inventory_turnover_ratio": null,
            "account_receivable_turnover_ratio": null,
            "reinvestment_rate": null,
            "research_to_sale_ratio": null,
            "price_fair": 0,
            "eps_avg_yearly": 0,
            "eps_latest_yearly": 0,
            "eps_growth_yearly": 0
        },
        "20012": {
            "year_quarter": 20012,
            "year": 2001,
            "quarter": 2,
            "eps": null,
            "eps_growth_year": null,
            "eps_4q": null,
            "eps_4q_growth_year": null,
            "roe": null,
            "roe_4q": 0,
            "gross_profit": null,
            "gross_margin": null,
            "gross_margin_4q_avg": 0,
            "net_income": null,
            "revenue": null,
            "common_shares": null,
            "book_valuer_per_share": null,
            "book_valuer_per_share_4q_avg": 0,
            "equity": null,
            "current_ratio": null,
            "debt_ratio": null,
            "inventory_turnover_ratio": null,
            "account_receivable_turnover_ratio": null,
            "reinvestment_rate": null,
            "research_to_sale_ratio": null,
            "price_fair": 0,
            "eps_avg_yearly": 0,
            "eps_latest_yearly": 0,
            "eps_growth_yearly": 0
        },
        "20013": {
            "year_quarter": 20013,
            "year": 2001,
            "quarter": 3,
            "eps": null,
            "eps_growth_year": null,
            "eps_4q": null,
            "eps_4q_growth_year": null,
            "roe": null,
            "roe_4q": 0,
            "gross_profit": null,
            "gross_margin": null,
            "gross_margin_4q_avg": 0,
            "net_income": null,
            "revenue": null,
            "common_shares": null,
            "book_valuer_per_share": null,
            "book_valuer_per_share_4q_avg": 0,
            "equity": null,
            "current_ratio": null,
            "debt_ratio": null,
            "inventory_turnover_ratio": null,
            "account_receivable_turnover_ratio": null,
            "reinvestment_rate": null,
            "research_to_sale_ratio": null,
            "price_fair": 0,
            "eps_avg_yearly": 0,
            "eps_latest_yearly": 0,
            "eps_growth_yearly": 0
        },
        "20014": {
            "year_quarter": 20014,
            "year": 2001,
            "quarter": 4,
            "eps": null,
            "eps_growth_year": null,
            "eps_4q": null,
            "eps_4q_growth_year": null,
            "roe": null,
            "roe_4q": 0,
            "gross_profit": null,
            "gross_margin": null,
            "gross_margin_4q_avg": 0,
            "net_income": null,
            "revenue": null,
            "common_shares": 55000,
            "book_valuer_per_share": 11.7,
            "book_valuer_per_share_4q_avg": 2.93,
            "equity": 64370,
            "current_ratio": 87.58,
            "debt_ratio": 79.63,
            "inventory_turnover_ratio": null,
            "account_receivable_turnover_ratio": null,
            "reinvestment_rate": null,
            "research_to_sale_ratio": null,
            "price_fair": 0,
            "eps_avg_yearly": 0,
            "eps_latest_yearly": 0,
            "eps_growth_yearly": 0
        },
        "20021": {
            "year_quarter": 20021,
            "year": 2002,
            "quarter": 1,
            "eps": null,
            "eps_growth_year": null,
            "eps_4q": null,
            "eps_4q_growth_year": null,
            "roe": null,
            "roe_4q": 0,
            "gross_profit": null,
            "gross_margin": null,
            "gross_margin_4q_avg": 0,
            "net_income": null,
            "revenue": null,
            "common_shares": null,
            "book_valuer_per_share": null,
            "book_valuer_per_share_4q_avg": 2.93,
            "equity": null,
            "current_ratio": null,
            "debt_ratio": null,
            "inventory_turnover_ratio": null,
            "account_receivable_turnover_ratio": null,
            "reinvestment_rate": null,
            "research_to_sale_ratio": null,
            "price_fair": 0,
            "eps_avg_yearly": 0,
            "eps_latest_yearly": 0,
            "eps_growth_yearly": 0
        },
        "20022": {
            "year_quarter": 20022,
            "year": 2002,
            "quarter": 2,
            "eps": null,
            "eps_growth_year": null,
            "eps_4q": null,
            "eps_4q_growth_year": null,
            "roe": null,
            "roe_4q": 0,
            "gross_profit": null,
            "gross_margin": null,
            "gross_margin_4q_avg": 0,
            "net_income": null,
            "revenue": null,
            "common_shares": null,
            "book_valuer_per_share": null,
            "book_valuer_per_share_4q_avg": 2.93,
            "equity": null,
            "current_ratio": null,
            "debt_ratio": null,
            "inventory_turnover_ratio": null,
            "account_receivable_turnover_ratio": null,
            "reinvestment_rate": null,
            "research_to_sale_ratio": null,
            "price_fair": 0,
            "eps_avg_yearly": 0,
            "eps_latest_yearly": 0,
            "eps_growth_yearly": 0
        },
        "20023": {
            "year_quarter": 20023,
            "year": 2002,
            "quarter": 3,
            "eps": null,
            "eps_growth_year": null,
            "eps_4q": null,
            "eps_4q_growth_year": null,
            "roe": null,
            "roe_4q": 0,
            "gross_profit": null,
            "gross_margin": null,
            "gross_margin_4q_avg": 0,
            "net_income": null,
            "revenue": null,
            "common_shares": null,
            "book_valuer_per_share": null,
            "book_valuer_per_share_4q_avg": 2.93,
            "equity": null,
            "current_ratio": null,
            "debt_ratio": null,
            "inventory_turnover_ratio": null,
            "account_receivable_turnover_ratio": null,
            "reinvestment_rate": null,
            "research_to_sale_ratio": null,
            "price_fair": 0,
            "eps_avg_yearly": 0,
            "eps_latest_yearly": 0,
            "eps_growth_yearly": 0
        },
        "20024": {
            "year_quarter": 20024,
            "year": 2002,
            "quarter": 4,
            "eps": null,
            "eps_growth_year": null,
            "eps_4q": null,
            "eps_4q_growth_year": null,
            "roe": null,
            "roe_4q": 0,
            "gross_profit": null,
            "gross_margin": null,
            "gross_margin_4q_avg": 0,
            "net_income": null,
            "revenue": null,
            "common_shares": 400000,
            "book_valuer_per_share": 9.78,
            "book_valuer_per_share_4q_avg": 2.45,
            "equity": 391080,
            "current_ratio": 180.69,
            "debt_ratio": 32.81,
            "inventory_turnover_ratio": null,
            "account_receivable_turnover_ratio": null,
            "reinvestment_rate": null,
            "research_to_sale_ratio": null,
            "price_fair": 0,
            "eps_avg_yearly": 0,
            "eps_latest_yearly": 0,
            "eps_growth_yearly": 0
        },
        "20031": {
            "year_quarter": 20031,
            "year": 2003,
            "quarter": 1,
            "eps": null,
            "eps_growth_year": null,
            "eps_4q": null,
            "eps_4q_growth_year": null,
            "roe": null,
            "roe_4q": 0,
            "gross_profit": null,
            "gross_margin": null,
            "gross_margin_4q_avg": 0,
            "net_income": null,
            "revenue": null,
            "common_shares": null,
            "book_valuer_per_share": null,
            "book_valuer_per_share_4q_avg": 2.45,
            "equity": null,
            "current_ratio": null,
            "debt_ratio": null,
            "inventory_turnover_ratio": null,
            "account_receivable_turnover_ratio": null,
            "reinvestment_rate": null,
            "research_to_sale_ratio": null,
            "price_fair": 0,
            "eps_avg_yearly": 0,
            "eps_latest_yearly": 0,
            "eps_growth_yearly": 0
        },
        "20032": {
            "year_quarter": 20032,
            "year": 2003,
            "quarter": 2,
            "eps": null,
            "eps_growth_year": null,
            "eps_4q": null,
            "eps_4q_growth_year": null,
            "roe": null,
            "roe_4q": 0,
            "gross_profit": null,
            "gross_margin": null,
            "gross_margin_4q_avg": 0,
            "net_income": null,
            "revenue": null,
            "common_shares": null,
            "book_valuer_per_share": null,
            "book_valuer_per_share_4q_avg": 2.45,
            "equity": null,
            "current_ratio": null,
            "debt_ratio": null,
            "inventory_turnover_ratio": null,
            "account_receivable_turnover_ratio": null,
            "reinvestment_rate": null,
            "research_to_sale_ratio": null,
            "price_fair": 0,
            "eps_avg_yearly": 0,
            "eps_latest_yearly": 0,
            "eps_growth_yearly": 0
        },
        "20033": {
            "year_quarter": 20033,
            "year": 2003,
            "quarter": 3,
            "eps": null,
            "eps_growth_year": null,
            "eps_4q": null,
            "eps_4q_growth_year": null,
            "roe": null,
            "roe_4q": 0,
            "gross_profit": null,
            "gross_margin": null,
            "gross_margin_4q_avg": 0,
            "net_income": null,
            "revenue": null,
            "common_shares": null,
            "book_valuer_per_share": null,
            "book_valuer_per_share_4q_avg": 2.45,
            "equity": null,
            "current_ratio": null,
            "debt_ratio": null,
            "inventory_turnover_ratio": null,
            "account_receivable_turnover_ratio": null,
            "reinvestment_rate": null,
            "research_to_sale_ratio": null,
            "price_fair": 0,
            "eps_avg_yearly": 0,
            "eps_latest_yearly": 0,
            "eps_growth_yearly": 0
        },
        "20034": {
            "year_quarter": 20034,
            "year": 2003,
            "quarter": 4,
            "eps": null,
            "eps_growth_year": null,
            "eps_4q": null,
            "eps_4q_growth_year": null,
            "roe": null,
            "roe_4q": 0,
            "gross_profit": null,
            "gross_margin": null,
            "gross_margin_4q_avg": 0,
            "net_income": null,
            "revenue": null,
            "common_shares": 455000,
            "book_valuer_per_share": 12.74,
            "book_valuer_per_share_4q_avg": 3.19,
            "equity": 868438,
            "current_ratio": 122.93,
            "debt_ratio": 60.83,
            "inventory_turnover_ratio": null,
            "account_receivable_turnover_ratio": null,
            "reinvestment_rate": null,
            "research_to_sale_ratio": null,
            "price_fair": 0,
            "eps_avg_yearly": 0,
            "eps_latest_yearly": 0,
            "eps_growth_yearly": 0
        },
        "20041": {
            "year_quarter": 20041,
            "year": 2004,
            "quarter": 1,
            "eps": null,
            "eps_growth_year": null,
            "eps_4q": null,
            "eps_4q_growth_year": null,
            "roe": null,
            "roe_4q": 0,
            "gross_profit": null,
            "gross_margin": null,
            "gross_margin_4q_avg": 0,
            "net_income": null,
            "revenue": null,
            "common_shares": null,
            "book_valuer_per_share": null,
            "book_valuer_per_share_4q_avg": 3.19,
            "equity": null,
            "current_ratio": null,
            "debt_ratio": null,
            "inventory_turnover_ratio": null,
            "account_receivable_turnover_ratio": null,
            "reinvestment_rate": null,
            "research_to_sale_ratio": null,
            "price_fair": 0,
            "eps_avg_yearly": 0,
            "eps_latest_yearly": 0,
            "eps_growth_yearly": 0
        },
        "20042": {
            "year_quarter": 20042,
            "year": 2004,
            "quarter": 2,
            "eps": null,
            "eps_growth_year": null,
            "eps_4q": null,
            "eps_4q_growth_year": null,
            "roe": null,
            "roe_4q": 0,
            "gross_profit": null,
            "gross_margin": null,
            "gross_margin_4q_avg": 0,
            "net_income": null,
            "revenue": null,
            "common_shares": null,
            "book_valuer_per_share": null,
            "book_valuer_per_share_4q_avg": 3.19,
            "equity": null,
            "current_ratio": null,
            "debt_ratio": null,
            "inventory_turnover_ratio": null,
            "account_receivable_turnover_ratio": null,
            "reinvestment_rate": null,
            "research_to_sale_ratio": null,
            "price_fair": 0,
            "eps_avg_yearly": 0,
            "eps_latest_yearly": 0,
            "eps_growth_yearly": 0
        },
        "20043": {
            "year_quarter": 20043,
            "year": 2004,
            "quarter": 3,
            "eps": null,
            "eps_growth_year": null,
            "eps_4q": null,
            "eps_4q_growth_year": null,
            "roe": null,
            "roe_4q": 0,
            "gross_profit": null,
            "gross_margin": null,
            "gross_margin_4q_avg": 0,
            "net_income": null,
            "revenue": null,
            "common_shares": null,
            "book_valuer_per_share": null,
            "book_valuer_per_share_4q_avg": 3.19,
            "equity": null,
            "current_ratio": null,
            "debt_ratio": null,
            "inventory_turnover_ratio": null,
            "account_receivable_turnover_ratio": null,
            "reinvestment_rate": null,
            "research_to_sale_ratio": null,
            "price_fair": 0,
            "eps_avg_yearly": 0,
            "eps_latest_yearly": 0,
            "eps_growth_yearly": 0
        },
        "20044": {
            "year_quarter": 20044,
            "year": 2004,
            "quarter": 4,
            "eps": null,
            "eps_growth_year": null,
            "eps_4q": null,
            "eps_4q_growth_year": null,
            "roe": null,
            "roe_4q": 0,
            "gross_profit": null,
            "gross_margin": null,
            "gross_margin_4q_avg": 0,
            "net_income": null,
            "revenue": null,
            "common_shares": 522452,
            "book_valuer_per_share": 13.21,
            "book_valuer_per_share_4q_avg": 3.3,
            "equity": 1053729,
            "current_ratio": 135.52,
            "debt_ratio": 61.29,
            "inventory_turnover_ratio": null,
            "account_receivable_turnover_ratio": null,
            "reinvestment_rate": null,
            "research_to_sale_ratio": null,
            "price_fair": 0,
            "eps_avg_yearly": 0,
            "eps_latest_yearly": 0,
            "eps_growth_yearly": 0
        },
        "20051": {
            "year_quarter": 20051,
            "year": 2005,
            "quarter": 1,
            "eps": null,
            "eps_growth_year": null,
            "eps_4q": null,
            "eps_4q_growth_year": null,
            "roe": null,
            "roe_4q": 0,
            "gross_profit": null,
            "gross_margin": null,
            "gross_margin_4q_avg": 0,
            "net_income": null,
            "revenue": null,
            "common_shares": null,
            "book_valuer_per_share": null,
            "book_valuer_per_share_4q_avg": 3.3,
            "equity": null,
            "current_ratio": null,
            "debt_ratio": null,
            "inventory_turnover_ratio": null,
            "account_receivable_turnover_ratio": null,
            "reinvestment_rate": null,
            "research_to_sale_ratio": null,
            "price_fair": 0,
            "eps_avg_yearly": 0,
            "eps_latest_yearly": 0,
            "eps_growth_yearly": 0
        },
        "20052": {
            "year_quarter": 20052,
            "year": 2005,
            "quarter": 2,
            "eps": null,
            "eps_growth_year": null,
            "eps_4q": null,
            "eps_4q_growth_year": null,
            "roe": null,
            "roe_4q": 0,
            "gross_profit": null,
            "gross_margin": null,
            "gross_margin_4q_avg": 0,
            "net_income": null,
            "revenue": null,
            "common_shares": null,
            "book_valuer_per_share": null,
            "book_valuer_per_share_4q_avg": 3.3,
            "equity": null,
            "current_ratio": null,
            "debt_ratio": null,
            "inventory_turnover_ratio": null,
            "account_receivable_turnover_ratio": null,
            "reinvestment_rate": null,
            "research_to_sale_ratio": null,
            "price_fair": 0,
            "eps_avg_yearly": 0,
            "eps_latest_yearly": 0,
            "eps_growth_yearly": 0
        },
        "20053": {
            "year_quarter": 20053,
            "year": 2005,
            "quarter": 3,
            "eps": 2.16,
            "eps_growth_year": null,
            "eps_4q": null,
            "eps_4q_growth_year": null,
            "roe": 12.53,
            "roe_4q": 12.53,
            "gross_profit": 117411,
            "gross_margin": 23.59,
            "gross_margin_4q_avg": 5.9,
            "net_income": 141847,
            "revenue": 497651,
            "common_shares": 522452,
            "book_valuer_per_share": 21.66,
            "book_valuer_per_share_4q_avg": 8.72,
            "equity": 1131793,
            "current_ratio": 147.56,
            "debt_ratio": 46.76,
            "inventory_turnover_ratio": 2.48,
            "account_receivable_turnover_ratio": null,
            "reinvestment_rate": null,
            "research_to_sale_ratio": null,
            "price_fair": 0,
            "eps_avg_yearly": 0,
            "eps_latest_yearly": 0,
            "eps_growth_yearly": 0
        },
        "20054": {
            "year_quarter": 20054,
            "year": 2005,
            "quarter": 4,
            "eps": 1.51,
            "eps_growth_year": null,
            "eps_4q": null,
            "eps_4q_growth_year": null,
            "roe": 7.89,
            "roe_4q": 20.419999999999998,
            "gross_profit": 98958,
            "gross_margin": 19.2,
            "gross_margin_4q_avg": 10.7,
            "net_income": 102787,
            "revenue": 515417,
            "common_shares": 727364,
            "book_valuer_per_share": 16.91,
            "book_valuer_per_share_4q_avg": 9.64,
            "equity": 1474713,
            "current_ratio": 142.97,
            "debt_ratio": 59.17,
            "inventory_turnover_ratio": 1.49,
            "account_receivable_turnover_ratio": null,
            "reinvestment_rate": null,
            "research_to_sale_ratio": null,
            "price_fair": 18.12,
            "eps_avg_yearly": 6.04,
            "eps_latest_yearly": 6.04,
            "eps_growth_yearly": -120.37
        },
        "20061": {
            "year_quarter": 20061,
            "year": 2006,
            "quarter": 1,
            "eps": 0.37,
            "eps_growth_year": null,
            "eps_4q": null,
            "eps_4q_growth_year": null,
            "roe": 1.99,
            "roe_4q": 22.409999999999997,
            "gross_profit": 90912,
            "gross_margin": 22.76,
            "gross_margin_4q_avg": 16.39,
            "net_income": 27158,
            "revenue": 399526,
            "common_shares": 727364,
            "book_valuer_per_share": 17.24,
            "book_valuer_per_share_4q_avg": 13.95,
            "equity": 1253861,
            "current_ratio": 120.87,
            "debt_ratio": 45.52,
            "inventory_turnover_ratio": 1.16,
            "account_receivable_turnover_ratio": null,
            "reinvestment_rate": null,
            "research_to_sale_ratio": null,
            "price_fair": 11.28,
            "eps_avg_yearly": 3.76,
            "eps_latest_yearly": 1.48,
            "eps_growth_yearly": -211.18
        },
        "20062": {
            "year_quarter": 20062,
            "year": 2006,
            "quarter": 2,
            "eps": 1.47,
            "eps_growth_year": null,
            "eps_4q": 5.21,
            "eps_4q_growth_year": null,
            "roe": 8.58,
            "roe_4q": 30.990000000000002,
            "gross_profit": 127208,
            "gross_margin": 27.16,
            "gross_margin_4q_avg": 23.18,
            "net_income": 106780,
            "revenue": 468359,
            "common_shares": 727364,
            "book_valuer_per_share": 16.98,
            "book_valuer_per_share_4q_avg": 18.2,
            "equity": 1234868,
            "current_ratio": 118.37,
            "debt_ratio": 49.03,
            "inventory_turnover_ratio": 2.48,
            "account_receivable_turnover_ratio": null,
            "reinvestment_rate": null,
            "research_to_sale_ratio": null,
            "price_fair": 156.33,
            "eps_avg_yearly": 4.47,
            "eps_latest_yearly": 5.88,
            "eps_growth_yearly": 255.61
        },
        "20063": {
            "year_quarter": 20063,
            "year": 2006,
            "quarter": 3,
            "eps": 1.13,
            "eps_growth_year": -47.69,
            "eps_4q": 3.93,
            "eps_4q_growth_year": null,
            "roe": 7.33,
            "roe_4q": 25.79,
            "gross_profit": 33126,
            "gross_margin": 8.42,
            "gross_margin_4q_avg": 19.39,
            "net_income": 95375,
            "revenue": 393256,
            "common_shares": 846469,
            "book_valuer_per_share": 16.16,
            "book_valuer_per_share_4q_avg": 16.82,
            "equity": 1368222,
            "current_ratio": 142.81,
            "debt_ratio": 46.58,
            "inventory_turnover_ratio": 2.42,
            "account_receivable_turnover_ratio": null,
            "reinvestment_rate": null,
            "research_to_sale_ratio": null,
            "price_fair": 156.8,
            "eps_avg_yearly": 4.48,
            "eps_latest_yearly": 4.52,
            "eps_growth_yearly": 168.58
        },
        "20064": {
            "year_quarter": 20064,
            "year": 2006,
            "quarter": 4,
            "eps": 1.35,
            "eps_growth_year": -10.6,
            "eps_4q": 4.06,
            "eps_4q_growth_year": null,
            "roe": 7.53,
            "roe_4q": 25.429999999999996,
            "gross_profit": 66141,
            "gross_margin": 14.88,
            "gross_margin_4q_avg": 18.31,
            "net_income": 114286,
            "revenue": 444574,
            "common_shares": 846469,
            "book_valuer_per_share": 17.46,
            "book_valuer_per_share_4q_avg": 16.96,
            "equity": 1669239,
            "current_ratio": 142.76,
            "debt_ratio": 62.14,
            "inventory_turnover_ratio": 1.35,
            "account_receivable_turnover_ratio": null,
            "reinvestment_rate": null,
            "research_to_sale_ratio": null,
            "price_fair": 163.24,
            "eps_avg_yearly": 4.66,
            "eps_latest_yearly": 5.4,
            "eps_growth_yearly": 150.44
        },
        "20071": {
            "year_quarter": 20071,
            "year": 2007,
            "quarter": 1,
            "eps": 0.71,
            "eps_growth_year": 91.89,
            "eps_4q": 4.47,
            "eps_4q_growth_year": null,
            "roe": 3.69,
            "roe_4q": 27.130000000000003,
            "gross_profit": 23234,
            "gross_margin": 5.73,
            "gross_margin_4q_avg": 14.05,
            "net_income": 59790,
            "revenue": 405429,
            "common_shares": 846469,
            "book_valuer_per_share": 18.52,
            "book_valuer_per_share_4q_avg": 17.28,
            "equity": 1567830,
            "current_ratio": 157.87,
            "debt_ratio": 43.56,
            "inventory_turnover_ratio": 1.4,
            "account_receivable_turnover_ratio": null,
            "reinvestment_rate": null,
            "research_to_sale_ratio": null,
            "price_fair": 152.6,
            "eps_avg_yearly": 4.36,
            "eps_latest_yearly": 2.84,
            "eps_growth_yearly": 93.76
        },
        "20072": {
            "year_quarter": 20072,
            "year": 2007,
            "quarter": 2,
            "eps": 0.51,
            "eps_growth_year": -65.31,
            "eps_4q": 3.53,
            "eps_4q_growth_year": -32.19,
            "roe": 2.55,
            "roe_4q": 21.1,
            "gross_profit": 37070,
            "gross_margin": 5.18,
            "gross_margin_4q_avg": 8.55,
            "net_income": 45439,
            "revenue": 715273,
            "common_shares": 952289,
            "book_valuer_per_share": 20.99,
            "book_valuer_per_share_4q_avg": 18.28,
            "equity": 1999042,
            "current_ratio": 141.92,
            "debt_ratio": 42.68,
            "inventory_turnover_ratio": 5.21,
            "account_receivable_turnover_ratio": null,
            "reinvestment_rate": null,
            "research_to_sale_ratio": null,
            "price_fair": 141,
            "eps_avg_yearly": 4.03,
            "eps_latest_yearly": 2.04,
            "eps_growth_yearly": 64.27
        },
        "20073": {
            "year_quarter": 20073,
            "year": 2007,
            "quarter": 3,
            "eps": 0.91,
            "eps_growth_year": -19.47,
            "eps_4q": 2.98,
            "eps_4q_growth_year": -24.18,
            "roe": 4.69,
            "roe_4q": 18.46,
            "gross_profit": 18326,
            "gross_margin": 2.66,
            "gross_margin_4q_avg": 7.11,
            "net_income": 96353,
            "revenue": 688540,
            "common_shares": 1104182,
            "book_valuer_per_share": 19.13,
            "book_valuer_per_share_4q_avg": 19.03,
            "equity": 2112579,
            "current_ratio": 111.3,
            "debt_ratio": 49.52,
            "inventory_turnover_ratio": 5.07,
            "account_receivable_turnover_ratio": null,
            "reinvestment_rate": null,
            "research_to_sale_ratio": null,
            "price_fair": 139.3,
            "eps_avg_yearly": 3.98,
            "eps_latest_yearly": 3.64,
            "eps_growth_yearly": 95.45
        },
        "20074": {
            "year_quarter": 20074,
            "year": 2007,
            "quarter": 4,
            "eps": 1.38,
            "eps_growth_year": 2.22,
            "eps_4q": 3.27,
            "eps_4q_growth_year": -19.49,
            "roe": 6.11,
            "roe_4q": 17.040000000000003,
            "gross_profit": 32916,
            "gross_margin": 7.42,
            "gross_margin_4q_avg": 5.25,
            "net_income": 147355,
            "revenue": 443636,
            "common_shares": 1104182,
            "book_valuer_per_share": 22.91,
            "book_valuer_per_share_4q_avg": 20.39,
            "equity": 2712301,
            "current_ratio": 135.18,
            "debt_ratio": 62.74,
            "inventory_turnover_ratio": 1.06,
            "account_receivable_turnover_ratio": null,
            "reinvestment_rate": null,
            "research_to_sale_ratio": null,
            "price_fair": 145.29,
            "eps_avg_yearly": 4.15,
            "eps_latest_yearly": 5.52,
            "eps_growth_yearly": 107.8
        },
        "20081": {
            "year_quarter": 20081,
            "year": 2008,
            "quarter": 1,
            "eps": -0.64,
            "eps_growth_year": -190.14,
            "eps_4q": 2,
            "eps_4q_growth_year": -55.32,
            "roe": -2.31,
            "roe_4q": 11.04,
            "gross_profit": 249543,
            "gross_margin": 13.88,
            "gross_margin_4q_avg": 7.29,
            "net_income": -67650,
            "revenue": 1798141,
            "common_shares": 1244182,
            "book_valuer_per_share": 23.59,
            "book_valuer_per_share_4q_avg": 21.66,
            "equity": 3135125,
            "current_ratio": 140.34,
            "debt_ratio": 56.68,
            "inventory_turnover_ratio": 2.46,
            "account_receivable_turnover_ratio": null,
            "reinvestment_rate": null,
            "research_to_sale_ratio": null,
            "price_fair": 145.29,
            "eps_avg_yearly": 4.15,
            "eps_latest_yearly": 5.52,
            "eps_growth_yearly": 107.8
        },
        "20082": {
            "year_quarter": 20082,
            "year": 2008,
            "quarter": 2,
            "eps": 0.16,
            "eps_growth_year": -68.63,
            "eps_4q": 1.53,
            "eps_4q_growth_year": -56.57,
            "roe": 0.64,
            "roe_4q": 9.13,
            "gross_profit": 252134,
            "gross_margin": 13.74,
            "gross_margin_4q_avg": 9.43,
            "net_income": 19283,
            "revenue": 1834530,
            "common_shares": 1245682,
            "book_valuer_per_share": 21.93,
            "book_valuer_per_share_4q_avg": 21.89,
            "equity": 2935870,
            "current_ratio": 122.24,
            "debt_ratio": 58.01,
            "inventory_turnover_ratio": 2.39,
            "account_receivable_turnover_ratio": null,
            "reinvestment_rate": null,
            "research_to_sale_ratio": null,
            "price_fair": 145.29,
            "eps_avg_yearly": 4.15,
            "eps_latest_yearly": 5.52,
            "eps_growth_yearly": 107.8
        },
        "20083": {
            "year_quarter": 20083,
            "year": 2008,
            "quarter": 3,
            "eps": 0.93,
            "eps_growth_year": 2.2,
            "eps_4q": 1.36,
            "eps_4q_growth_year": -54.4,
            "roe": 4.71,
            "roe_4q": 9.15,
            "gross_profit": 374384,
            "gross_margin": 16.02,
            "gross_margin_4q_avg": 12.77,
            "net_income": 143582,
            "revenue": 2337145,
            "common_shares": 1322891,
            "book_valuer_per_share": 22.72,
            "book_valuer_per_share_4q_avg": 22.79,
            "equity": 3161354,
            "current_ratio": 116.05,
            "debt_ratio": 61.24,
            "inventory_turnover_ratio": 2.49,
            "account_receivable_turnover_ratio": null,
            "reinvestment_rate": null,
            "research_to_sale_ratio": null,
            "price_fair": 143.78,
            "eps_avg_yearly": 4.11,
            "eps_latest_yearly": 3.72,
            "eps_growth_yearly": 289.52
        },
        "20084": {
            "year_quarter": 20084,
            "year": 2008,
            "quarter": 4,
            "eps": -0.24,
            "eps_growth_year": -117.39,
            "eps_4q": 0.12,
            "eps_4q_growth_year": -96.46,
            "roe": -0.94,
            "roe_4q": 2.1,
            "gross_profit": 140385,
            "gross_margin": 6.72,
            "gross_margin_4q_avg": 12.59,
            "net_income": -29201,
            "revenue": 2088212,
            "common_shares": 1322891,
            "book_valuer_per_share": 22.95,
            "book_valuer_per_share_4q_avg": 22.8,
            "equity": 3077971,
            "current_ratio": 116.12,
            "debt_ratio": 57.46,
            "inventory_turnover_ratio": 2.56,
            "account_receivable_turnover_ratio": 1.78,
            "reinvestment_rate": null,
            "research_to_sale_ratio": null,
            "price_fair": 143.78,
            "eps_avg_yearly": 4.11,
            "eps_latest_yearly": 3.72,
            "eps_growth_yearly": 289.52
        },
        "20091": {
            "year_quarter": 20091,
            "year": 2009,
            "quarter": 1,
            "eps": -0.1,
            "eps_growth_year": null,
            "eps_4q": 0.73,
            "eps_4q_growth_year": -63.39,
            "roe": -0.38,
            "roe_4q": 4.03,
            "gross_profit": 70177,
            "gross_margin": 5.24,
            "gross_margin_4q_avg": 10.43,
            "net_income": -11667,
            "revenue": 1338363,
            "common_shares": 1322891,
            "book_valuer_per_share": 23.41,
            "book_valuer_per_share_4q_avg": 22.75,
            "equity": 3141818,
            "current_ratio": 121.48,
            "debt_ratio": 50.39,
            "inventory_turnover_ratio": 2.13,
            "account_receivable_turnover_ratio": 0.65,
            "reinvestment_rate": null,
            "research_to_sale_ratio": null,
            "price_fair": 143.78,
            "eps_avg_yearly": 4.11,
            "eps_latest_yearly": 3.72,
            "eps_growth_yearly": 289.52
        },
        "20092": {
            "year_quarter": 20092,
            "year": 2009,
            "quarter": 2,
            "eps": -1.08,
            "eps_growth_year": -775,
            "eps_4q": -0.48,
            "eps_4q_growth_year": -131.08,
            "roe": -4.25,
            "roe_4q": -0.8600000000000003,
            "gross_profit": 2253,
            "gross_margin": 0.18,
            "gross_margin_4q_avg": 7.04,
            "net_income": -128942,
            "revenue": 1258447,
            "common_shares": 1324031,
            "book_valuer_per_share": 21.65,
            "book_valuer_per_share_4q_avg": 22.68,
            "equity": 2920130,
            "current_ratio": 121.19,
            "debt_ratio": 49.14,
            "inventory_turnover_ratio": 2.54,
            "account_receivable_turnover_ratio": 0.77,
            "reinvestment_rate": 245.95,
            "research_to_sale_ratio": null,
            "price_fair": 143.78,
            "eps_avg_yearly": 4.11,
            "eps_latest_yearly": 3.72,
            "eps_growth_yearly": 289.52
        },
        "20093": {
            "year_quarter": 20093,
            "year": 2009,
            "quarter": 3,
            "eps": 0.67,
            "eps_growth_year": -27.96,
            "eps_4q": -0.69,
            "eps_4q_growth_year": -150.87,
            "roe": 3.14,
            "roe_4q": -2.4299999999999997,
            "gross_profit": 251290,
            "gross_margin": 15.03,
            "gross_margin_4q_avg": 6.79,
            "net_income": 92429,
            "revenue": 1671700,
            "common_shares": 1358604,
            "book_valuer_per_share": 21.39,
            "book_valuer_per_share_4q_avg": 22.35,
            "equity": 2962835,
            "current_ratio": 126.35,
            "debt_ratio": 50.96,
            "inventory_turnover_ratio": 3.27,
            "account_receivable_turnover_ratio": 1.04,
            "reinvestment_rate": 222.73,
            "research_to_sale_ratio": null,
            "price_fair": 143.78,
            "eps_avg_yearly": 4.11,
            "eps_latest_yearly": 3.72,
            "eps_growth_yearly": 289.52
        },
        "20094": {
            "year_quarter": 20094,
            "year": 2009,
            "quarter": 4,
            "eps": -0.83,
            "eps_growth_year": null,
            "eps_4q": -1.31,
            "eps_4q_growth_year": -1231.07,
            "roe": -3.87,
            "roe_4q": -5.36,
            "gross_profit": 84671,
            "gross_margin": 6.16,
            "gross_margin_4q_avg": 6.65,
            "net_income": -111919,
            "revenue": 1374152,
            "common_shares": 1361249,
            "book_valuer_per_share": 20.61,
            "book_valuer_per_share_4q_avg": 21.77,
            "equity": 2824425,
            "current_ratio": 116.94,
            "debt_ratio": 52.28,
            "inventory_turnover_ratio": 2.9,
            "account_receivable_turnover_ratio": 1.67,
            "reinvestment_rate": 611.52,
            "research_to_sale_ratio": null,
            "price_fair": 136.27,
            "eps_avg_yearly": 3.89,
            "eps_latest_yearly": 3.72,
            "eps_growth_yearly": 335.06
        },
        "20101": {
            "year_quarter": 20101,
            "year": 2010,
            "quarter": 1,
            "eps": -0.14,
            "eps_growth_year": null,
            "eps_4q": -1.35,
            "eps_4q_growth_year": -284.86,
            "roe": -0.73,
            "roe_4q": -5.709999999999999,
            "gross_profit": 131455,
            "gross_margin": 9.79,
            "gross_margin_4q_avg": 7.79,
            "net_income": -20342,
            "revenue": 1342985,
            "common_shares": 1362169,
            "book_valuer_per_share": 20.43,
            "book_valuer_per_share_4q_avg": 21.02,
            "equity": 2755833,
            "current_ratio": 116.61,
            "debt_ratio": 54.43,
            "inventory_turnover_ratio": 2.44,
            "account_receivable_turnover_ratio": 0.82,
            "reinvestment_rate": 757.02,
            "research_to_sale_ratio": 1.45,
            "price_fair": 146.83,
            "eps_avg_yearly": 4.2,
            "eps_latest_yearly": 3.72,
            "eps_growth_yearly": 414.7
        },
        "20102": {
            "year_quarter": 20102,
            "year": 2010,
            "quarter": 2,
            "eps": -0.1,
            "eps_growth_year": null,
            "eps_4q": -0.4,
            "eps_4q_growth_year": null,
            "roe": -0.54,
            "roe_4q": -2.0000000000000004,
            "gross_profit": 161749,
            "gross_margin": 9.74,
            "gross_margin_4q_avg": 10.18,
            "net_income": -15062,
            "revenue": 1660464,
            "common_shares": 1366421,
            "book_valuer_per_share": 20.73,
            "book_valuer_per_share_4q_avg": 20.79,
            "equity": 2806208,
            "current_ratio": 118.18,
            "debt_ratio": 57.16,
            "inventory_turnover_ratio": 2.67,
            "account_receivable_turnover_ratio": 0.91,
            "reinvestment_rate": 987.4,
            "research_to_sale_ratio": 1.16,
            "price_fair": 138.4,
            "eps_avg_yearly": 3.95,
            "eps_latest_yearly": 3.72,
            "eps_growth_yearly": 304.05
        },
        "20103": {
            "year_quarter": 20103,
            "year": 2010,
            "quarter": 3,
            "eps": 0.04,
            "eps_growth_year": -93.42,
            "eps_4q": -1.02,
            "eps_4q_growth_year": null,
            "roe": 0.15,
            "roe_4q": -4.99,
            "gross_profit": 190250,
            "gross_margin": 9.87,
            "gross_margin_4q_avg": 8.89,
            "net_income": 4075,
            "revenue": 1927460,
            "common_shares": 1366779,
            "book_valuer_per_share": 20.54,
            "book_valuer_per_share_4q_avg": 20.58,
            "equity": 2779911,
            "current_ratio": 123.64,
            "debt_ratio": 59.54,
            "inventory_turnover_ratio": 2.8,
            "account_receivable_turnover_ratio": 0.89,
            "reinvestment_rate": 1235.5,
            "research_to_sale_ratio": 1.08,
            "price_fair": 135.1,
            "eps_avg_yearly": 3.86,
            "eps_latest_yearly": 3.72,
            "eps_growth_yearly": 370.15
        },
        "20104": {
            "year_quarter": 20104,
            "year": 2010,
            "quarter": 4,
            "eps": -0.89,
            "eps_growth_year": null,
            "eps_4q": -1.08,
            "eps_4q_growth_year": null,
            "roe": -4.48,
            "roe_4q": -5.6,
            "gross_profit": 185183,
            "gross_margin": 10.41,
            "gross_margin_4q_avg": 9.95,
            "net_income": -119639,
            "revenue": 1778536,
            "common_shares": 1366779,
            "book_valuer_per_share": 18.9,
            "book_valuer_per_share_4q_avg": 20.15,
            "equity": 2557546,
            "current_ratio": 126.33,
            "debt_ratio": 56.25,
            "inventory_turnover_ratio": 2.7,
            "account_receivable_turnover_ratio": 0.8,
            "reinvestment_rate": 2854.98,
            "research_to_sale_ratio": 0.95,
            "price_fair": 124.32,
            "eps_avg_yearly": 3.55,
            "eps_latest_yearly": 3.72,
            "eps_growth_yearly": 428.6
        },
        "20111": {
            "year_quarter": 20111,
            "year": 2011,
            "quarter": 1,
            "eps": 0.41,
            "eps_growth_year": null,
            "eps_4q": -0.53,
            "eps_4q_growth_year": null,
            "roe": 2.07,
            "roe_4q": -2.8000000000000007,
            "gross_profit": 230519,
            "gross_margin": 14.7,
            "gross_margin_4q_avg": 11.18,
            "net_income": 54072,
            "revenue": 1567929,
            "common_shares": 1366939,
            "book_valuer_per_share": 19.63,
            "book_valuer_per_share_4q_avg": 19.95,
            "equity": 2658888,
            "current_ratio": 132.02,
            "debt_ratio": 54.26,
            "inventory_turnover_ratio": 2.37,
            "account_receivable_turnover_ratio": 0.75,
            "reinvestment_rate": 3969.48,
            "research_to_sale_ratio": 1.08,
            "price_fair": 130.55,
            "eps_avg_yearly": 3.73,
            "eps_latest_yearly": 3.72,
            "eps_growth_yearly": 583.16
        },
        "20112": {
            "year_quarter": 20112,
            "year": 2011,
            "quarter": 2,
            "eps": 0.62,
            "eps_growth_year": null,
            "eps_4q": 0.2,
            "eps_4q_growth_year": null,
            "roe": 3.11,
            "roe_4q": 0.8499999999999993,
            "gross_profit": 272345,
            "gross_margin": 15.92,
            "gross_margin_4q_avg": 12.73,
            "net_income": 83798,
            "revenue": 1710674,
            "common_shares": 1374371,
            "book_valuer_per_share": 20.1,
            "book_valuer_per_share_4q_avg": 19.79,
            "equity": 2735237,
            "current_ratio": 128.71,
            "debt_ratio": 54.94,
            "inventory_turnover_ratio": 2.53,
            "account_receivable_turnover_ratio": 0.81,
            "reinvestment_rate": 2765.48,
            "research_to_sale_ratio": 1.08,
            "price_fair": 134.4,
            "eps_avg_yearly": 3.84,
            "eps_latest_yearly": 2.48,
            "eps_growth_yearly": 662.55
        },
        "20113": {
            "year_quarter": 20113,
            "year": 2011,
            "quarter": 3,
            "eps": 0.22,
            "eps_growth_year": 403.47,
            "eps_4q": 0.37,
            "eps_4q_growth_year": null,
            "roe": 1.04,
            "roe_4q": 1.7400000000000002,
            "gross_profit": 173339,
            "gross_margin": 10.64,
            "gross_margin_4q_avg": 12.92,
            "net_income": 29478,
            "revenue": 1629180,
            "common_shares": 1361201,
            "book_valuer_per_share": 21.55,
            "book_valuer_per_share_4q_avg": 20.05,
            "equity": 2947530,
            "current_ratio": 155.22,
            "debt_ratio": 52.52,
            "inventory_turnover_ratio": 2.53,
            "account_receivable_turnover_ratio": 0.75,
            "reinvestment_rate": 1802.46,
            "research_to_sale_ratio": 1.2,
            "price_fair": 110.25,
            "eps_avg_yearly": 3.15,
            "eps_latest_yearly": 0.88,
            "eps_growth_yearly": 519.6
        },
        "20114": {
            "year_quarter": 20114,
            "year": 2011,
            "quarter": 4,
            "eps": 0.96,
            "eps_growth_year": null,
            "eps_4q": 2.21,
            "eps_4q_growth_year": null,
            "roe": 4.31,
            "roe_4q": 10.53,
            "gross_profit": 193656,
            "gross_margin": 12.85,
            "gross_margin_4q_avg": 13.53,
            "net_income": 130130,
            "revenue": 1506957,
            "common_shares": 1361771,
            "book_valuer_per_share": 22.62,
            "book_valuer_per_share_4q_avg": 20.98,
            "equity": 3093649,
            "current_ratio": 156.24,
            "debt_ratio": 49.83,
            "inventory_turnover_ratio": 2.39,
            "account_receivable_turnover_ratio": 0.7,
            "reinvestment_rate": -103,
            "research_to_sale_ratio": 1.33,
            "price_fair": 95.55,
            "eps_avg_yearly": 2.73,
            "eps_latest_yearly": 3.84,
            "eps_growth_yearly": 804.32
        },
        "20121": {
            "year_quarter": 20121,
            "year": 2012,
            "quarter": 1,
            "eps": -0.16,
            "eps_growth_year": -139.02,
            "eps_4q": 1.64,
            "eps_4q_growth_year": null,
            "roe": -0.72,
            "roe_4q": 7.74,
            "gross_profit": 127728,
            "gross_margin": 11.35,
            "gross_margin_4q_avg": 12.69,
            "net_income": -21998,
            "revenue": 1125361,
            "common_shares": 1361846,
            "book_valuer_per_share": 22.07,
            "book_valuer_per_share_4q_avg": 21.59,
            "equity": 3017517,
            "current_ratio": 180.13,
            "debt_ratio": 43.63,
            "inventory_turnover_ratio": 1.92,
            "account_receivable_turnover_ratio": 0.61,
            "reinvestment_rate": -221.17,
            "research_to_sale_ratio": 1.6,
            "price_fair": 95.55,
            "eps_avg_yearly": 2.73,
            "eps_latest_yearly": 3.84,
            "eps_growth_yearly": 804.32
        },
        "20122": {
            "year_quarter": 20122,
            "year": 2012,
            "quarter": 2,
            "eps": -0.6,
            "eps_growth_year": -195.88,
            "eps_4q": 0.42,
            "eps_4q_growth_year": 117.22,
            "roe": -2.79,
            "roe_4q": 1.8399999999999999,
            "gross_profit": 118042,
            "gross_margin": 9.49,
            "gross_margin_4q_avg": 11.08,
            "net_income": -81460,
            "revenue": 1243259,
            "common_shares": 1362111,
            "book_valuer_per_share": 20.62,
            "book_valuer_per_share_4q_avg": 21.72,
            "equity": 2820291,
            "current_ratio": 173.83,
            "debt_ratio": 45.11,
            "inventory_turnover_ratio": 2.16,
            "account_receivable_turnover_ratio": 0.79,
            "reinvestment_rate": null,
            "research_to_sale_ratio": 1.7,
            "price_fair": 95.55,
            "eps_avg_yearly": 2.73,
            "eps_latest_yearly": 3.84,
            "eps_growth_yearly": 804.32
        },
        "20123": {
            "year_quarter": 20123,
            "year": 2012,
            "quarter": 3,
            "eps": -0.28,
            "eps_growth_year": -226.85,
            "eps_4q": -0.08,
            "eps_4q_growth_year": -121.37,
            "roe": -1.37,
            "roe_4q": -0.5700000000000003,
            "gross_profit": 105238,
            "gross_margin": 8.23,
            "gross_margin_4q_avg": 10.48,
            "net_income": -38064,
            "revenue": 1278719,
            "common_shares": 1362111,
            "book_valuer_per_share": 20.14,
            "book_valuer_per_share_4q_avg": 21.36,
            "equity": 2755170,
            "current_ratio": 146.88,
            "debt_ratio": 47.75,
            "inventory_turnover_ratio": 2.24,
            "account_receivable_turnover_ratio": 0.75,
            "reinvestment_rate": null,
            "research_to_sale_ratio": 1.98,
            "price_fair": 84,
            "eps_avg_yearly": 2.4,
            "eps_latest_yearly": 3.84,
            "eps_growth_yearly": 430.76
        },
        "20124": {
            "year_quarter": 20124,
            "year": 2012,
            "quarter": 4,
            "eps": -0.33,
            "eps_growth_year": -134.87,
            "eps_4q": -1.43,
            "eps_4q_growth_year": -164.86,
            "roe": -1.59,
            "roe_4q": -6.47,
            "gross_profit": 105906,
            "gross_margin": 8.27,
            "gross_margin_4q_avg": 9.34,
            "net_income": -42751,
            "revenue": 1281133,
            "common_shares": 1362141,
            "book_valuer_per_share": 20.23,
            "book_valuer_per_share_4q_avg": 20.77,
            "equity": 2623351,
            "current_ratio": 137.73,
            "debt_ratio": 49.57,
            "inventory_turnover_ratio": 2.21,
            "account_receivable_turnover_ratio": 0.74,
            "reinvestment_rate": null,
            "research_to_sale_ratio": 1.97,
            "price_fair": 84,
            "eps_avg_yearly": 2.4,
            "eps_latest_yearly": 3.84,
            "eps_growth_yearly": 430.76
        },
        "20131": {
            "year_quarter": 20131,
            "year": 2013,
            "quarter": 1,
            "eps": 0.08,
            "eps_growth_year": null,
            "eps_4q": -1.19,
            "eps_4q_growth_year": -172.21,
            "roe": 0.4,
            "roe_4q": -5.35,
            "gross_profit": 133385,
            "gross_margin": 11.47,
            "gross_margin_4q_avg": 9.37,
            "net_income": 10613,
            "revenue": 1163333,
            "common_shares": 1290371,
            "book_valuer_per_share": 20.24,
            "book_valuer_per_share_4q_avg": 20.31,
            "equity": 2626018,
            "current_ratio": 140.27,
            "debt_ratio": 50.14,
            "inventory_turnover_ratio": 1.83,
            "account_receivable_turnover_ratio": 0.7,
            "reinvestment_rate": null,
            "research_to_sale_ratio": 1.97,
            "price_fair": 84,
            "eps_avg_yearly": 2.4,
            "eps_latest_yearly": 3.84,
            "eps_growth_yearly": 430.76
        },
        "20132": {
            "year_quarter": 20132,
            "year": 2013,
            "quarter": 2,
            "eps": 0.08,
            "eps_growth_year": null,
            "eps_4q": -0.48,
            "eps_4q_growth_year": -212.24,
            "roe": 0.41,
            "roe_4q": -2.1500000000000004,
            "gross_profit": 148847,
            "gross_margin": 11.22,
            "gross_margin_4q_avg": 9.8,
            "net_income": 10784,
            "revenue": 1326836,
            "common_shares": 1290371,
            "book_valuer_per_share": 20.68,
            "book_valuer_per_share_4q_avg": 20.32,
            "equity": 2682380,
            "current_ratio": 140.71,
            "debt_ratio": 50.37,
            "inventory_turnover_ratio": 1.96,
            "account_receivable_turnover_ratio": 0.79,
            "reinvestment_rate": null,
            "research_to_sale_ratio": 1.75,
            "price_fair": 65.8,
            "eps_avg_yearly": 1.88,
            "eps_latest_yearly": 0.32,
            "eps_growth_yearly": 323.07
        },
        "20133": {
            "year_quarter": 20133,
            "year": 2013,
            "quarter": 3,
            "eps": -0.14,
            "eps_growth_year": null,
            "eps_4q": -0.32,
            "eps_4q_growth_year": null,
            "roe": -0.65,
            "roe_4q": -1.4300000000000002,
            "gross_profit": 161878,
            "gross_margin": 11.62,
            "gross_margin_4q_avg": 10.65,
            "net_income": -17206,
            "revenue": 1393084,
            "common_shares": 1290471,
            "book_valuer_per_share": 20.32,
            "book_valuer_per_share_4q_avg": 20.37,
            "equity": 2636891,
            "current_ratio": 145.29,
            "debt_ratio": 48.43,
            "inventory_turnover_ratio": 2.09,
            "account_receivable_turnover_ratio": 0.79,
            "reinvestment_rate": null,
            "research_to_sale_ratio": 1.71,
            "price_fair": 65.8,
            "eps_avg_yearly": 1.88,
            "eps_latest_yearly": 0.32,
            "eps_growth_yearly": 323.07
        },
        "20134": {
            "year_quarter": 20134,
            "year": 2013,
            "quarter": 4,
            "eps": -0.65,
            "eps_growth_year": null,
            "eps_4q": -0.63,
            "eps_4q_growth_year": null,
            "roe": -3.18,
            "roe_4q": -3.02,
            "gross_profit": 165685,
            "gross_margin": 13.02,
            "gross_margin_4q_avg": 11.83,
            "net_income": -83605,
            "revenue": 1272367,
            "common_shares": 1291914,
            "book_valuer_per_share": 20.19,
            "book_valuer_per_share_4q_avg": 20.36,
            "equity": 2622907,
            "current_ratio": 148.43,
            "debt_ratio": 47.62,
            "inventory_turnover_ratio": 1.93,
            "account_receivable_turnover_ratio": 0.72,
            "reinvestment_rate": null,
            "research_to_sale_ratio": 2.36,
            "price_fair": 65.8,
            "eps_avg_yearly": 1.88,
            "eps_latest_yearly": 0.32,
            "eps_growth_yearly": 323.07
        },
        "20141": {
            "year_quarter": 20141,
            "year": 2014,
            "quarter": 1,
            "eps": -0.5,
            "eps_growth_year": -725,
            "eps_4q": -1.19,
            "eps_4q_growth_year": null,
            "roe": -2.61,
            "roe_4q": -6.03,
            "gross_profit": 72132,
            "gross_margin": 6.94,
            "gross_margin_4q_avg": 10.7,
            "net_income": -68280,
            "revenue": 1038873,
            "common_shares": 1300249,
            "book_valuer_per_share": 19.5,
            "book_valuer_per_share_4q_avg": 20.17,
            "equity": 2608187,
            "current_ratio": 160.01,
            "debt_ratio": 45.22,
            "inventory_turnover_ratio": 1.74,
            "account_receivable_turnover_ratio": 0.66,
            "reinvestment_rate": null,
            "research_to_sale_ratio": 2.8,
            "price_fair": 65.8,
            "eps_avg_yearly": 1.88,
            "eps_latest_yearly": 0.32,
            "eps_growth_yearly": 323.07
        },
        "20142": {
            "year_quarter": 20142,
            "year": 2014,
            "quarter": 2,
            "eps": -0.54,
            "eps_growth_year": -775,
            "eps_4q": -1.81,
            "eps_4q_growth_year": null,
            "roe": -2.91,
            "roe_4q": -9.35,
            "gross_profit": 90845,
            "gross_margin": 7.61,
            "gross_margin_4q_avg": 9.8,
            "net_income": -74172,
            "revenue": 1194018,
            "common_shares": 1300249,
            "book_valuer_per_share": 18.68,
            "book_valuer_per_share_4q_avg": 19.67,
            "equity": 2497057,
            "current_ratio": 153.03,
            "debt_ratio": 47.83,
            "inventory_turnover_ratio": 1.99,
            "account_receivable_turnover_ratio": 0.83,
            "reinvestment_rate": null,
            "research_to_sale_ratio": 2.62,
            "price_fair": 65.8,
            "eps_avg_yearly": 1.88,
            "eps_latest_yearly": 0.32,
            "eps_growth_yearly": 323.07
        },
        "20143": {
            "year_quarter": 20143,
            "year": 2014,
            "quarter": 3,
            "eps": -0.22,
            "eps_growth_year": null,
            "eps_4q": -1.9,
            "eps_4q_growth_year": null,
            "roe": -1.31,
            "roe_4q": -10.01,
            "gross_profit": 136597,
            "gross_margin": 11.16,
            "gross_margin_4q_avg": 9.68,
            "net_income": -32912,
            "revenue": 1224052,
            "common_shares": 1300249,
            "book_valuer_per_share": 18.88,
            "book_valuer_per_share_4q_avg": 19.31,
            "equity": 2519577,
            "current_ratio": 150.16,
            "debt_ratio": 48.76,
            "inventory_turnover_ratio": 1.78,
            "account_receivable_turnover_ratio": 0.8,
            "reinvestment_rate": null,
            "research_to_sale_ratio": 2.75,
            "price_fair": 65.8,
            "eps_avg_yearly": 1.88,
            "eps_latest_yearly": 0.32,
            "eps_growth_yearly": 323.07
        },
        "20144": {
            "year_quarter": 20144,
            "year": 2014,
            "quarter": 4,
            "eps": -0.23,
            "eps_growth_year": null,
            "eps_4q": -1.48,
            "eps_4q_growth_year": null,
            "roe": -1.46,
            "roe_4q": -8.29,
            "gross_profit": 138038,
            "gross_margin": 9.85,
            "gross_margin_4q_avg": 8.89,
            "net_income": -37237,
            "revenue": 1401693,
            "common_shares": 1300734,
            "book_valuer_per_share": 19.29,
            "book_valuer_per_share_4q_avg": 19.09,
            "equity": 2566588,
            "current_ratio": 147.88,
            "debt_ratio": 49.92,
            "inventory_turnover_ratio": 1.94,
            "account_receivable_turnover_ratio": 0.84,
            "reinvestment_rate": null,
            "research_to_sale_ratio": 2.68,
            "price_fair": 65.8,
            "eps_avg_yearly": 1.88,
            "eps_latest_yearly": 0.32,
            "eps_growth_yearly": 323.07
        },
        "20151": {
            "year_quarter": 20151,
            "year": 2015,
            "quarter": 1,
            "eps": 0.02,
            "eps_growth_year": null,
            "eps_4q": -0.97,
            "eps_4q_growth_year": null,
            "roe": -0.19,
            "roe_4q": -5.87,
            "gross_profit": 164620,
            "gross_margin": 12.65,
            "gross_margin_4q_avg": 10.32,
            "net_income": -4836,
            "revenue": 1301303,
            "common_shares": 1301119,
            "book_valuer_per_share": 19.13,
            "book_valuer_per_share_4q_avg": 19,
            "equity": 2539059,
            "current_ratio": 145.48,
            "debt_ratio": 50.99,
            "inventory_turnover_ratio": 1.59,
            "account_receivable_turnover_ratio": 0.76,
            "reinvestment_rate": null,
            "research_to_sale_ratio": 2.69,
            "price_fair": 65.8,
            "eps_avg_yearly": 1.88,
            "eps_latest_yearly": 0.32,
            "eps_growth_yearly": 323.07
        },
        "20152": {
            "year_quarter": 20152,
            "year": 2015,
            "quarter": 2,
            "eps": -0.26,
            "eps_growth_year": null,
            "eps_4q": -0.69,
            "eps_4q_growth_year": null,
            "roe": -1.68,
            "roe_4q": -4.640000000000001,
            "gross_profit": 125431,
            "gross_margin": 8.75,
            "gross_margin_4q_avg": 10.6,
            "net_income": -42156,
            "revenue": 1434224,
            "common_shares": 1301219,
            "book_valuer_per_share": 18.67,
            "book_valuer_per_share_4q_avg": 18.99,
            "equity": 2469716,
            "current_ratio": 137.7,
            "debt_ratio": 53.44,
            "inventory_turnover_ratio": 1.68,
            "account_receivable_turnover_ratio": 0.84,
            "reinvestment_rate": null,
            "research_to_sale_ratio": 2.58,
            "price_fair": 58.8,
            "eps_avg_yearly": 1.68,
            "eps_latest_yearly": 0.32,
            "eps_growth_yearly": 362.46
        },
        "20153": {
            "year_quarter": 20153,
            "year": 2015,
            "quarter": 3,
            "eps": 0.68,
            "eps_growth_year": null,
            "eps_4q": 0.22,
            "eps_4q_growth_year": null,
            "roe": 3.19,
            "roe_4q": -0.1399999999999999,
            "gross_profit": 297674,
            "gross_margin": 17.94,
            "gross_margin_4q_avg": 12.3,
            "net_income": 81665,
            "revenue": 1658991,
            "common_shares": 1301924,
            "book_valuer_per_share": 20.08,
            "book_valuer_per_share_4q_avg": 19.29,
            "equity": 2648514,
            "current_ratio": 135.36,
            "debt_ratio": 54.99,
            "inventory_turnover_ratio": 1.78,
            "account_receivable_turnover_ratio": 0.85,
            "reinvestment_rate": null,
            "research_to_sale_ratio": 2.62,
            "price_fair": 72.8,
            "eps_avg_yearly": 2.08,
            "eps_latest_yearly": 0.32,
            "eps_growth_yearly": 672.73
        },
        "20154": {
            "year_quarter": 20154,
            "year": 2015,
            "quarter": 4,
            "eps": 0.15,
            "eps_growth_year": null,
            "eps_4q": 0.6,
            "eps_4q_growth_year": null,
            "roe": 0.53,
            "roe_4q": 1.85,
            "gross_profit": 240953,
            "gross_margin": 15.84,
            "gross_margin_4q_avg": 13.8,
            "net_income": 13964,
            "revenue": 1521052,
            "common_shares": 1302344,
            "book_valuer_per_share": 19.78,
            "book_valuer_per_share_4q_avg": 19.42,
            "equity": 2641238,
            "current_ratio": 136.3,
            "debt_ratio": 52.17,
            "inventory_turnover_ratio": 1.95,
            "account_receivable_turnover_ratio": 0.77,
            "reinvestment_rate": null,
            "research_to_sale_ratio": 3.12,
            "price_fair": 1.38,
            "eps_avg_yearly": 0.46,
            "eps_latest_yearly": 0.6,
            "eps_growth_yearly": -155.88
        },
        "20161": {
            "year_quarter": 20161,
            "year": 2016,
            "quarter": 1,
            "eps": -0.49,
            "eps_growth_year": -2550,
            "eps_4q": 0.08,
            "eps_4q_growth_year": null,
            "roe": -2.76,
            "roe_4q": -0.7199999999999995,
            "gross_profit": 86239,
            "gross_margin": 7.86,
            "gross_margin_4q_avg": 12.6,
            "net_income": -71224,
            "revenue": 1097462,
            "common_shares": 1302344,
            "book_valuer_per_share": 18.9,
            "book_valuer_per_share_4q_avg": 19.36,
            "equity": 2519136,
            "current_ratio": 140.91,
            "debt_ratio": 48.7,
            "inventory_turnover_ratio": 1.91,
            "account_receivable_turnover_ratio": 0.68,
            "reinvestment_rate": null,
            "research_to_sale_ratio": 3.39,
            "price_fair": 1.38,
            "eps_avg_yearly": 0.46,
            "eps_latest_yearly": 0.6,
            "eps_growth_yearly": -155.88
        },
        "20162": {
            "year_quarter": 20162,
            "year": 2016,
            "quarter": 2,
            "eps": 0.23,
            "eps_growth_year": null,
            "eps_4q": 0.58,
            "eps_4q_growth_year": null,
            "roe": 1,
            "roe_4q": 1.9600000000000002,
            "gross_profit": 218613,
            "gross_margin": 17.33,
            "gross_margin_4q_avg": 14.74,
            "net_income": 24670,
            "revenue": 1261496,
            "common_shares": 1302344,
            "book_valuer_per_share": 18.31,
            "book_valuer_per_share_4q_avg": 19.27,
            "equity": 2436106,
            "current_ratio": 147.19,
            "debt_ratio": 46.87,
            "inventory_turnover_ratio": 2.07,
            "account_receivable_turnover_ratio": 0.86,
            "reinvestment_rate": null,
            "research_to_sale_ratio": 3.15,
            "price_fair": 1.38,
            "eps_avg_yearly": 0.46,
            "eps_latest_yearly": 0.6,
            "eps_growth_yearly": -155.88
        },
        "20163": {
            "year_quarter": 20163,
            "year": 2016,
            "quarter": 3,
            "eps": 0.57,
            "eps_growth_year": -16.18,
            "eps_4q": 0.46,
            "eps_4q_growth_year": 109.83,
            "roe": 2.82,
            "roe_4q": 1.59,
            "gross_profit": 329095,
            "gross_margin": 22.74,
            "gross_margin_4q_avg": 15.94,
            "net_income": 68577,
            "revenue": 1447359,
            "common_shares": 1302344,
            "book_valuer_per_share": 18.25,
            "book_valuer_per_share_4q_avg": 18.81,
            "equity": 2421673,
            "current_ratio": 152.29,
            "debt_ratio": 46.52,
            "inventory_turnover_ratio": 2.02,
            "account_receivable_turnover_ratio": 0.91,
            "reinvestment_rate": null,
            "research_to_sale_ratio": 2.36,
            "price_fair": 37.33,
            "eps_avg_yearly": 1.07,
            "eps_latest_yearly": 2.28,
            "eps_growth_yearly": 93.18
        },
        "20164": {
            "year_quarter": 20164,
            "year": 2016,
            "quarter": 4,
            "eps": 0.6,
            "eps_growth_year": 289.84,
            "eps_4q": 0.9,
            "eps_4q_growth_year": 49.88,
            "roe": 2.96,
            "roe_4q": 4.02,
            "gross_profit": 275168,
            "gross_margin": 20.17,
            "gross_margin_4q_avg": 17.03,
            "net_income": 72046,
            "revenue": 1364017,
            "common_shares": 1302344,
            "book_valuer_per_share": 18.48,
            "book_valuer_per_share_4q_avg": 18.49,
            "equity": 2442389,
            "current_ratio": 159.55,
            "debt_ratio": 44.96,
            "inventory_turnover_ratio": 1.84,
            "account_receivable_turnover_ratio": 0.84,
            "reinvestment_rate": null,
            "research_to_sale_ratio": 1.92,
            "price_fair": 49,
            "eps_avg_yearly": 1.4,
            "eps_latest_yearly": 2.4,
            "eps_growth_yearly": 75.15
        },
        "20171": {
            "year_quarter": 20171,
            "year": 2017,
            "quarter": 1,
            "eps": -0.22,
            "eps_growth_year": null,
            "eps_4q": 1.18,
            "eps_4q_growth_year": 1306.93,
            "roe": -1.42,
            "roe_4q": 5.359999999999999,
            "gross_profit": 124198,
            "gross_margin": 11.54,
            "gross_margin_4q_avg": 17.95,
            "net_income": -33489,
            "revenue": 1076513,
            "common_shares": 1302494,
            "book_valuer_per_share": 17.2,
            "book_valuer_per_share_4q_avg": 18.06,
            "equity": 2272522,
            "current_ratio": 175.13,
            "debt_ratio": 45.32,
            "inventory_turnover_ratio": 1.64,
            "account_receivable_turnover_ratio": 0.76,
            "reinvestment_rate": null,
            "research_to_sale_ratio": 2.72,
            "price_fair": 49,
            "eps_avg_yearly": 1.4,
            "eps_latest_yearly": 2.4,
            "eps_growth_yearly": 75.15
        },
        "20172": {
            "year_quarter": 20172,
            "year": 2017,
            "quarter": 2,
            "eps": 0.4,
            "eps_growth_year": 73.91,
            "eps_4q": 1.35,
            "eps_4q_growth_year": 134.36,
            "roe": 2.07,
            "roe_4q": 6.43,
            "gross_profit": 192759,
            "gross_margin": 15.13,
            "gross_margin_4q_avg": 17.4,
            "net_income": 47780,
            "revenue": 1274150,
            "common_shares": 1302494,
            "book_valuer_per_share": 17.77,
            "book_valuer_per_share_4q_avg": 17.93,
            "equity": 2342700,
            "current_ratio": 169.63,
            "debt_ratio": 47.45,
            "inventory_turnover_ratio": 1.85,
            "account_receivable_turnover_ratio": 0.93,
            "reinvestment_rate": null,
            "research_to_sale_ratio": 2.27,
            "price_fair": 61.6,
            "eps_avg_yearly": 1.76,
            "eps_latest_yearly": 2.4,
            "eps_growth_yearly": 100.2
        },
        "20173": {
            "year_quarter": 20173,
            "year": 2017,
            "quarter": 3,
            "eps": 1.16,
            "eps_growth_year": 103.51,
            "eps_4q": 1.93,
            "eps_4q_growth_year": 320.47,
            "roe": 6.12,
            "roe_4q": 9.73,
            "gross_profit": 291022,
            "gross_margin": 18.81,
            "gross_margin_4q_avg": 16.41,
            "net_income": 149352,
            "revenue": 1547190,
            "common_shares": 1313389,
            "book_valuer_per_share": 19.2,
            "book_valuer_per_share_4q_avg": 18.16,
            "equity": 2539096,
            "current_ratio": 177.2,
            "debt_ratio": 46.65,
            "inventory_turnover_ratio": 2,
            "account_receivable_turnover_ratio": 0.95,
            "reinvestment_rate": -532.03,
            "research_to_sale_ratio": 1.81,
            "price_fair": 86.8,
            "eps_avg_yearly": 2.48,
            "eps_latest_yearly": 4.64,
            "eps_growth_yearly": 265.15
        },
        "20174": {
            "year_quarter": 20174,
            "year": 2017,
            "quarter": 4,
            "eps": 0.31,
            "eps_growth_year": -47.44,
            "eps_4q": 1.65,
            "eps_4q_growth_year": 82.61,
            "roe": 1.57,
            "roe_4q": 8.34,
            "gross_profit": 238337,
            "gross_margin": 16.04,
            "gross_margin_4q_avg": 15.38,
            "net_income": 40416,
            "revenue": 1486214,
            "common_shares": 1315129,
            "book_valuer_per_share": 19.64,
            "book_valuer_per_share_4q_avg": 18.45,
            "equity": 2599268,
            "current_ratio": 178.31,
            "debt_ratio": 45.84,
            "inventory_turnover_ratio": 1.91,
            "account_receivable_turnover_ratio": 0.83,
            "reinvestment_rate": -211.69,
            "research_to_sale_ratio": 1.86,
            "price_fair": 78.12,
            "eps_avg_yearly": 2.23,
            "eps_latest_yearly": 1.24,
            "eps_growth_yearly": 153.5
        },
        "20181": {
            "year_quarter": 20181,
            "year": 2018,
            "quarter": 1,
            "eps": -0.52,
            "eps_growth_year": null,
            "eps_4q": 1.34,
            "eps_4q_growth_year": 13.57,
            "roe": -2.71,
            "roe_4q": 7.050000000000001,
            "gross_profit": 68346,
            "gross_margin": 6.51,
            "gross_margin_4q_avg": 14.12,
            "net_income": -70026,
            "revenue": 1050267,
            "common_shares": 1319749,
            "book_valuer_per_share": 19.36,
            "book_valuer_per_share_4q_avg": 18.99,
            "equity": 2573124,
            "current_ratio": 180.58,
            "debt_ratio": 44.6,
            "inventory_turnover_ratio": 1.54,
            "account_receivable_turnover_ratio": 0.67,
            "reinvestment_rate": -178.57,
            "research_to_sale_ratio": 2.38,
            "price_fair": 78.12,
            "eps_avg_yearly": 2.23,
            "eps_latest_yearly": 1.24,
            "eps_growth_yearly": 153.5
        },
        "20182": {
            "year_quarter": 20182,
            "year": 2018,
            "quarter": 2,
            "eps": -0.19,
            "eps_growth_year": -147.5,
            "eps_4q": 0.75,
            "eps_4q_growth_year": -44.34,
            "roe": -1,
            "roe_4q": 3.9800000000000004,
            "gross_profit": 105496,
            "gross_margin": 9.8,
            "gross_margin_4q_avg": 12.79,
            "net_income": -25154,
            "revenue": 1076546,
            "common_shares": 1320159,
            "book_valuer_per_share": 18.56,
            "book_valuer_per_share_4q_avg": 19.19,
            "equity": 2468895,
            "current_ratio": 167.98,
            "debt_ratio": 47.85,
            "inventory_turnover_ratio": 1.56,
            "account_receivable_turnover_ratio": 0.84,
            "reinvestment_rate": -132.31,
            "research_to_sale_ratio": 2.83,
            "price_fair": 78.12,
            "eps_avg_yearly": 2.23,
            "eps_latest_yearly": 1.24,
            "eps_growth_yearly": 153.5
        },
        "20183": {
            "year_quarter": 20183,
            "year": 2018,
            "quarter": 3,
            "eps": 0.35,
            "eps_growth_year": -69.83,
            "eps_4q": -0.05,
            "eps_4q_growth_year": -102.35,
            "roe": 1.88,
            "roe_4q": -0.26,
            "gross_profit": 212115,
            "gross_margin": 15.3,
            "gross_margin_4q_avg": 11.91,
            "net_income": 45638,
            "revenue": 1386805,
            "common_shares": 1320159,
            "book_valuer_per_share": 18.01,
            "book_valuer_per_share_4q_avg": 18.89,
            "equity": 2395828,
            "current_ratio": 173.98,
            "debt_ratio": 50.14,
            "inventory_turnover_ratio": 1.87,
            "account_receivable_turnover_ratio": 0.98,
            "reinvestment_rate": -114.85,
            "research_to_sale_ratio": 2.15,
            "price_fair": 78.12,
            "eps_avg_yearly": 2.23,
            "eps_latest_yearly": 1.24,
            "eps_growth_yearly": 153.5
        },
        "20184": {
            "year_quarter": 20184,
            "year": 2018,
            "quarter": 4,
            "eps": 0.36,
            "eps_growth_year": 15.97,
            "eps_4q": 0.01,
            "eps_4q_growth_year": -99.64,
            "roe": 1.88,
            "roe_4q": 0.04999999999999982,
            "gross_profit": 191253,
            "gross_margin": 14.58,
            "gross_margin_4q_avg": 11.55,
            "net_income": 45669,
            "revenue": 1312014,
            "common_shares": 1320159,
            "book_valuer_per_share": 18.52,
            "book_valuer_per_share_4q_avg": 18.61,
            "equity": 2460709,
            "current_ratio": 183.34,
            "debt_ratio": 49.35,
            "inventory_turnover_ratio": 1.74,
            "account_receivable_turnover_ratio": 0.86,
            "reinvestment_rate": -90.38,
            "research_to_sale_ratio": 2.33,
            "price_fair": 73.5,
            "eps_avg_yearly": 2.1,
            "eps_latest_yearly": 1.44,
            "eps_growth_yearly": 129.82
        },
        "20191": {
            "year_quarter": 20191,
            "year": 2019,
            "quarter": 1,
            "eps": -0.6,
            "eps_growth_year": null,
            "eps_4q": -0.07,
            "eps_4q_growth_year": -105.1,
            "roe": -3.28,
            "roe_4q": -0.52,
            "gross_profit": 53677,
            "gross_margin": 5.71,
            "gross_margin_4q_avg": 11.35,
            "net_income": -80707,
            "revenue": 939412,
            "common_shares": 1320159,
            "book_valuer_per_share": 18.53,
            "book_valuer_per_share_4q_avg": 18.41,
            "equity": 2461141,
            "current_ratio": 183.46,
            "debt_ratio": 49.94,
            "inventory_turnover_ratio": 1.42,
            "account_receivable_turnover_ratio": 0.72,
            "reinvestment_rate": -103.82,
            "research_to_sale_ratio": 3.01,
            "price_fair": 73.5,
            "eps_avg_yearly": 2.1,
            "eps_latest_yearly": 1.44,
            "eps_growth_yearly": 129.82
        },
        "20192": {
            "year_quarter": 20192,
            "year": 2019,
            "quarter": 2,
            "eps": 0.12,
            "eps_growth_year": null,
            "eps_4q": 0.23,
            "eps_4q_growth_year": -68.81,
            "roe": 0.56,
            "roe_4q": 1.04,
            "gross_profit": 154576,
            "gross_margin": 13,
            "gross_margin_4q_avg": 12.15,
            "net_income": 13629,
            "revenue": 1188639,
            "common_shares": 1320159,
            "book_valuer_per_share": 18.09,
            "book_valuer_per_share_4q_avg": 18.29,
            "equity": 2401911,
            "current_ratio": 173.22,
            "debt_ratio": 52.44,
            "inventory_turnover_ratio": 1.74,
            "account_receivable_turnover_ratio": 0.99,
            "reinvestment_rate": -102.39,
            "research_to_sale_ratio": 2.75,
            "price_fair": 73.5,
            "eps_avg_yearly": 2.1,
            "eps_latest_yearly": 1.44,
            "eps_growth_yearly": 129.82
        },
        "20193": {
            "year_quarter": 20193,
            "year": 2019,
            "quarter": 3,
            "eps": 0.54,
            "eps_growth_year": 54.29,
            "eps_4q": 0.42,
            "eps_4q_growth_year": null,
            "roe": 2.96,
            "roe_4q": 2.12,
            "gross_profit": 289683,
            "gross_margin": 18.5,
            "gross_margin_4q_avg": 12.95,
            "net_income": 70640,
            "revenue": 1565450,
            "common_shares": 1320159,
            "book_valuer_per_share": 17.88,
            "book_valuer_per_share_4q_avg": 18.26,
            "equity": 2373412,
            "current_ratio": 162.26,
            "debt_ratio": 55.69,
            "inventory_turnover_ratio": 2.22,
            "account_receivable_turnover_ratio": 1.04,
            "reinvestment_rate": -141.78,
            "research_to_sale_ratio": 1.98,
            "price_fair": 73.8,
            "eps_avg_yearly": 2.11,
            "eps_latest_yearly": 2.16,
            "eps_growth_yearly": 311.27
        },
        "20194": {
            "year_quarter": 20194,
            "year": 2019,
            "quarter": 4,
            "eps": 0.17,
            "eps_growth_year": -52.29,
            "eps_4q": 0.23,
            "eps_4q_growth_year": 3750.09,
            "roe": 0.94,
            "roe_4q": 1.1800000000000002,
            "gross_profit": 176894,
            "gross_margin": 13.54,
            "gross_margin_4q_avg": 12.69,
            "net_income": 22260,
            "revenue": 1306737,
            "common_shares": 1320159,
            "book_valuer_per_share": 17.71,
            "book_valuer_per_share_4q_avg": 18.05,
            "equity": 2349482,
            "current_ratio": 168.77,
            "debt_ratio": 54.81,
            "inventory_turnover_ratio": 2.31,
            "account_receivable_turnover_ratio": 0.8,
            "reinvestment_rate": -117.94,
            "research_to_sale_ratio": 2.73,
            "price_fair": 74.2,
            "eps_avg_yearly": 2.12,
            "eps_latest_yearly": 0.68,
            "eps_growth_yearly": 316.66
        },
        "20201": {
            "year_quarter": 20201,
            "year": 2020,
            "quarter": 1,
            "eps": -1.18,
            "eps_growth_year": null,
            "eps_4q": -0.35,
            "eps_4q_growth_year": null,
            "roe": -6.98,
            "roe_4q": -2.520000000000001,
            "gross_profit": -14172,
            "gross_margin": -2.31,
            "gross_margin_4q_avg": 10.68,
            "net_income": -156310,
            "revenue": 613866,
            "common_shares": 1320159,
            "book_valuer_per_share": 16.03,
            "book_valuer_per_share_4q_avg": 17.43,
            "equity": 2126927,
            "current_ratio": 170.88,
            "debt_ratio": 56.72,
            "inventory_turnover_ratio": 1.47,
            "account_receivable_turnover_ratio": 0.51,
            "reinvestment_rate": -41.25,
            "research_to_sale_ratio": 5.29,
            "price_fair": 74.2,
            "eps_avg_yearly": 2.12,
            "eps_latest_yearly": 0.68,
            "eps_growth_yearly": 316.66
        },
        "20202": {
            "year_quarter": 20202,
            "year": 2020,
            "quarter": 2,
            "eps": 0.3,
            "eps_growth_year": 150,
            "eps_4q": -0.17,
            "eps_4q_growth_year": -172.51,
            "roe": 1.85,
            "roe_4q": -1.2300000000000013,
            "gross_profit": 214193,
            "gross_margin": 18.8,
            "gross_margin_4q_avg": 12.13,
            "net_income": 38949,
            "revenue": 1139513,
            "common_shares": 1320159,
            "book_valuer_per_share": 15.66,
            "book_valuer_per_share_4q_avg": 16.82,
            "equity": 2078945,
            "current_ratio": 156.99,
            "debt_ratio": 60.65,
            "inventory_turnover_ratio": 1.97,
            "account_receivable_turnover_ratio": 1.03,
            "reinvestment_rate": -50.73,
            "research_to_sale_ratio": 3.3,
            "price_fair": 74.2,
            "eps_avg_yearly": 2.12,
            "eps_latest_yearly": 0.68,
            "eps_growth_yearly": 316.66
        },
        "20203": {
            "year_quarter": 20203,
            "year": 2020,
            "quarter": 3,
            "eps": 0.85,
            "eps_growth_year": 57.41,
            "eps_4q": 0.14,
            "eps_4q_growth_year": -66.91,
            "roe": 5.21,
            "roe_4q": 1.02,
            "gross_profit": 346048,
            "gross_margin": 21.19,
            "gross_margin_4q_avg": 12.81,
            "net_income": 112890,
            "revenue": 1633098,
            "common_shares": 1320159,
            "book_valuer_per_share": 17,
            "book_valuer_per_share_4q_avg": 16.6,
            "equity": 2256799,
            "current_ratio": 151.44,
            "debt_ratio": 60.91,
            "inventory_turnover_ratio": 2.32,
            "account_receivable_turnover_ratio": 1.03,
            "reinvestment_rate": -24.46,
            "research_to_sale_ratio": 2.22,
            "price_fair": 79.8,
            "eps_avg_yearly": 2.28,
            "eps_latest_yearly": 3.4,
            "eps_growth_yearly": 336.95
        },
        "20204": {
            "year_quarter": 20204,
            "year": 2020,
            "quarter": 4,
            "eps": 0.68,
            "eps_growth_year": 293.82,
            "eps_4q": 0.65,
            "eps_4q_growth_year": 180.71,
            "roe": 3.86,
            "roe_4q": 3.9399999999999995,
            "gross_profit": 313121,
            "gross_margin": 18.34,
            "gross_margin_4q_avg": 14.01,
            "net_income": 90948,
            "revenue": 1706880,
            "common_shares": 1320159,
            "book_valuer_per_share": 18.48,
            "book_valuer_per_share_4q_avg": 16.79,
            "equity": 2452707,
            "current_ratio": 155.97,
            "debt_ratio": 59.21,
            "inventory_turnover_ratio": 2.31,
            "account_receivable_turnover_ratio": 0.88,
            "reinvestment_rate": -3.21,
            "research_to_sale_ratio": 2.45,
            "price_fair": 81.4,
            "eps_avg_yearly": 2.33,
            "eps_latest_yearly": 2.72,
            "eps_growth_yearly": 322.51
        },
        "20211": {
            "year_quarter": 20211,
            "year": 2021,
            "quarter": 1,
            "eps": 0.16,
            "eps_growth_year": null,
            "eps_4q": 1.99,
            "eps_4q_growth_year": null,
            "roe": 0.88,
            "roe_4q": 11.799999999999999,
            "gross_profit": 179331,
            "gross_margin": 13.71,
            "gross_margin_4q_avg": 18.01,
            "net_income": 21590,
            "revenue": 1307959,
            "common_shares": 1320159,
            "book_valuer_per_share": 18.5,
            "book_valuer_per_share_4q_avg": 17.41,
            "equity": 2454995,
            "current_ratio": 164.96,
            "debt_ratio": 56.46,
            "inventory_turnover_ratio": 1.79,
            "account_receivable_turnover_ratio": 0.72,
            "reinvestment_rate": 19.03,
            "research_to_sale_ratio": 2.57,
            "price_fair": 74.03,
            "eps_avg_yearly": 2.12,
            "eps_latest_yearly": 0.64,
            "eps_growth_yearly": 243.96
        },
        "20212": {
            "year_quarter": 20212,
            "year": 2021,
            "quarter": 2,
            "eps": 0.14,
            "eps_growth_year": -53.33,
            "eps_4q": 1.83,
            "eps_4q_growth_year": null,
            "roe": 0.75,
            "roe_4q": 10.7,
            "gross_profit": 149091,
            "gross_margin": 12.15,
            "gross_margin_4q_avg": 16.35,
            "net_income": 18484,
            "revenue": 1226688,
            "common_shares": 1320159,
            "book_valuer_per_share": 18.49,
            "book_valuer_per_share_4q_avg": 18.12,
            "equity": 2454206,
            "current_ratio": 162.27,
            "debt_ratio": 56.71,
            "inventory_turnover_ratio": 1.57,
            "account_receivable_turnover_ratio": 0.8,
            "reinvestment_rate": 29.55,
            "research_to_sale_ratio": 2.78,
            "price_fair": 67.98,
            "eps_avg_yearly": 1.94,
            "eps_latest_yearly": 0.56,
            "eps_growth_yearly": 211.3
        },
        "20213": {
            "year_quarter": 20213,
            "year": 2021,
            "quarter": 3,
            "eps": -0.27,
            "eps_growth_year": -131.76,
            "eps_4q": 0.72,
            "eps_4q_growth_year": 415.96,
            "roe": -1.45,
            "roe_4q": 4.04,
            "gross_profit": 131995,
            "gross_margin": 9.89,
            "gross_margin_4q_avg": 13.52,
            "net_income": -34711,
            "revenue": 1334825,
            "common_shares": 1320159,
            "book_valuer_per_share": 17.65,
            "book_valuer_per_share_4q_avg": 18.28,
            "equity": 2343879,
            "current_ratio": 162.83,
            "debt_ratio": 59.12,
            "inventory_turnover_ratio": 1.65,
            "account_receivable_turnover_ratio": 0.9,
            "reinvestment_rate": 96.29,
            "research_to_sale_ratio": 2.83,
            "price_fair": 56.18,
            "eps_avg_yearly": 1.61,
            "eps_latest_yearly": 0.56,
            "eps_growth_yearly": 142.71
        },
        "20214": {
            "year_quarter": 20214,
            "year": 2021,
            "quarter": 4,
            "eps": 0.15,
            "eps_growth_year": -78.7,
            "eps_4q": 0.18,
            "eps_4q_growth_year": -72,
            "roe": 0.78,
            "roe_4q": 0.9600000000000001,
            "gross_profit": 165792,
            "gross_margin": 11.43,
            "gross_margin_4q_avg": 11.8,
            "net_income": 18543,
            "revenue": 1450081,
            "common_shares": 1320159,
            "book_valuer_per_share": 17.97,
            "book_valuer_per_share_4q_avg": 18.15,
            "equity": 2393061,
            "current_ratio": 163.47,
            "debt_ratio": 58.9,
            "inventory_turnover_ratio": 1.82,
            "account_receivable_turnover_ratio": 0.91,
            "reinvestment_rate": 92.4,
            "research_to_sale_ratio": 2.19,
            "price_fair": 58,
            "eps_avg_yearly": 1.66,
            "eps_latest_yearly": 0.56,
            "eps_growth_yearly": 204.97
        },
        "20221": {
            "year_quarter": 20221,
            "year": 2022,
            "quarter": 1,
            "eps": -0.32,
            "eps_growth_year": -300,
            "eps_4q": -0.3,
            "eps_4q_growth_year": -115.09,
            "roe": -1.76,
            "roe_4q": -1.6799999999999997,
            "gross_profit": 110954,
            "gross_margin": 8.98,
            "gross_margin_4q_avg": 10.61,
            "net_income": -42843,
            "revenue": 1235931,
            "common_shares": 1320159,
            "book_valuer_per_share": 18.7,
            "book_valuer_per_share_4q_avg": 18.2,
            "equity": 2487257,
            "current_ratio": 170.19,
            "debt_ratio": 56.41,
            "inventory_turnover_ratio": 1.72,
            "account_receivable_turnover_ratio": 0.8,
            "reinvestment_rate": 58.35,
            "research_to_sale_ratio": 2.63,
            "price_fair": 58,
            "eps_avg_yearly": 1.66,
            "eps_latest_yearly": 0.56,
            "eps_growth_yearly": 204.97
        },
        "20222": {
            "year_quarter": 20222,
            "year": 2022,
            "quarter": 2,
            "eps": -1.08,
            "eps_growth_year": -871.43,
            "eps_4q": -1.53,
            "eps_4q_growth_year": -183.35,
            "roe": -6.07,
            "roe_4q": -8.5,
            "gross_profit": -48539,
            "gross_margin": -5.75,
            "gross_margin_4q_avg": 6.14,
            "net_income": -142694,
            "revenue": 843793,
            "common_shares": 1320159,
            "book_valuer_per_share": 16.89,
            "book_valuer_per_share_4q_avg": 17.8,
            "equity": 2214824,
            "current_ratio": 160.84,
            "debt_ratio": 59.27,
            "inventory_turnover_ratio": 1.37,
            "account_receivable_turnover_ratio": 0.69,
            "reinvestment_rate": 101.17,
            "research_to_sale_ratio": 4.1,
            "price_fair": 58,
            "eps_avg_yearly": 1.66,
            "eps_latest_yearly": 0.56,
            "eps_growth_yearly": 204.97
        },
        "20223": {
            "year_quarter": 20223,
            "year": 2022,
            "quarter": 3,
            "eps": 0.42,
            "eps_growth_year": null,
            "eps_4q": -0.84,
            "eps_4q_growth_year": -216.49,
            "roe": 2.37,
            "roe_4q": -4.68,
            "gross_profit": 227926,
            "gross_margin": 14.75,
            "gross_margin_4q_avg": 7.35,
            "net_income": 53580,
            "revenue": 1545657,
            "common_shares": 1320159,
            "book_valuer_per_share": 17.62,
            "book_valuer_per_share_4q_avg": 17.8,
            "equity": 2308404,
            "current_ratio": 152.79,
            "debt_ratio": 58.86,
            "inventory_turnover_ratio": 2.13,
            "account_receivable_turnover_ratio": 1.14,
            "reinvestment_rate": 118.55,
            "research_to_sale_ratio": 2.29,
            "price_fair": 58,
            "eps_avg_yearly": 1.66,
            "eps_latest_yearly": 0.56,
            "eps_growth_yearly": 204.97
        },
        "20224": {
            "year_quarter": 20224,
            "year": 2022,
            "quarter": 4,
            "eps": -0.22,
            "eps_growth_year": -250.03,
            "eps_4q": -1.2,
            "eps_4q_growth_year": -762.56,
            "roe": -1.31,
            "roe_4q": -6.77,
            "gross_profit": 192883,
            "gross_margin": 15.95,
            "gross_margin_4q_avg": 8.48,
            "net_income": -29851,
            "revenue": 1209556,
            "common_shares": 1320159,
            "book_valuer_per_share": 17.18,
            "book_valuer_per_share_4q_avg": 17.6,
            "equity": 2249418,
            "current_ratio": 160.36,
            "debt_ratio": 56.37,
            "inventory_turnover_ratio": 1.88,
            "account_receivable_turnover_ratio": 0.78,
            "reinvestment_rate": null,
            "research_to_sale_ratio": 3.09,
            "price_fair": 59.27,
            "eps_avg_yearly": 1.69,
            "eps_latest_yearly": 0.56,
            "eps_growth_yearly": 237.23
        },
        "20231": {
            "year_quarter": 20231,
            "year": 2023,
            "quarter": 1,
            "eps": -0.81,
            "eps_growth_year": null,
            "eps_4q": -1.69,
            "eps_4q_growth_year": null,
            "roe": -4.82,
            "roe_4q": -9.830000000000002,
            "gross_profit": 39658,
            "gross_margin": 4.77,
            "gross_margin_4q_avg": 7.43,
            "net_income": -106513,
            "revenue": 831250,
            "common_shares": 1320159,
            "book_valuer_per_share": 16.57,
            "book_valuer_per_share_4q_avg": 17.07,
            "equity": 2171263,
            "current_ratio": 173.42,
            "debt_ratio": 52.85,
            "inventory_turnover_ratio": 1.68,
            "account_receivable_turnover_ratio": 0.7,
            "reinvestment_rate": null,
            "research_to_sale_ratio": 4.61,
            "price_fair": 59.27,
            "eps_avg_yearly": 1.69,
            "eps_latest_yearly": 0.56,
            "eps_growth_yearly": 237.23
        }
    },
    "months": {
        "2005-10": {
            "month": "2005-10",
            "price": "37.17",
            "revenue": 193881
        },
        "2005-11": {
            "month": "2005-11",
            "price": "38.28",
            "revenue": 180407
        },
        "2005-12": {
            "month": "2005-12",
            "price": "34.25",
            "revenue": 143823
        },
        "2006-01": {
            "month": "2006-01",
            "price": "37.48",
            "revenue": 135275
        },
        "2006-02": {
            "month": "2006-02",
            "price": "37.41",
            "revenue": 123847
        },
        "2006-03": {
            "month": "2006-03",
            "price": "37.50",
            "revenue": 140403
        },
        "2006-04": {
            "month": "2006-04",
            "price": "41.72",
            "revenue": 152749
        },
        "2006-05": {
            "month": "2006-05",
            "price": "48.38",
            "revenue": 167799
        },
        "2006-06": {
            "month": "2006-06",
            "price": "42.88",
            "revenue": 147811
        },
        "2006-07": {
            "month": "2006-07",
            "price": "40.96",
            "revenue": 123173
        },
        "2006-08": {
            "month": "2006-08",
            "price": "41.33",
            "revenue": 138737
        },
        "2006-09": {
            "month": "2006-09",
            "price": "39.76",
            "revenue": 131345
        },
        "2006-10": {
            "month": "2006-10",
            "price": "38.63",
            "revenue": 143702
        },
        "2006-11": {
            "month": "2006-11",
            "price": "41.40",
            "revenue": 152642
        },
        "2006-12": {
            "month": "2006-12",
            "price": "43.14",
            "revenue": 148230
        },
        "2007-01": {
            "month": "2007-01",
            "price": "46.75",
            "revenue": 135116
        },
        "2007-02": {
            "month": "2007-02",
            "price": "50.81",
            "revenue": 97072
        },
        "2007-03": {
            "month": "2007-03",
            "price": "56.53",
            "revenue": 173241
        },
        "2007-04": {
            "month": "2007-04",
            "price": "59.50",
            "revenue": 531439
        },
        "2007-05": {
            "month": "2007-05",
            "price": "64.74",
            "revenue": 520926
        },
        "2007-06": {
            "month": "2007-06",
            "price": "87.20",
            "revenue": 511023
        },
        "2007-07": {
            "month": "2007-07",
            "price": "94.99",
            "revenue": 585675
        },
        "2007-08": {
            "month": "2007-08",
            "price": "73.97",
            "revenue": 713822
        },
        "2007-09": {
            "month": "2007-09",
            "price": "65.87",
            "revenue": 779638
        },
        "2007-10": {
            "month": "2007-10",
            "price": "56.63",
            "revenue": 678624
        },
        "2007-11": {
            "month": "2007-11",
            "price": "44.33",
            "revenue": 753848
        },
        "2007-12": {
            "month": "2007-12",
            "price": "41.50",
            "revenue": 601519
        },
        "2008-01": {
            "month": "2008-01",
            "price": "39.88",
            "revenue": 676240
        },
        "2008-02": {
            "month": "2008-02",
            "price": "41.51",
            "revenue": 485825
        },
        "2008-03": {
            "month": "2008-03",
            "price": "40.13",
            "revenue": 636076
        },
        "2008-04": {
            "month": "2008-04",
            "price": "38.90",
            "revenue": 647018
        },
        "2008-05": {
            "month": "2008-05",
            "price": "34.00",
            "revenue": 578540
        },
        "2008-06": {
            "month": "2008-06",
            "price": "25.78",
            "revenue": 606481
        },
        "2008-07": {
            "month": "2008-07",
            "price": "19.42",
            "revenue": 730196
        },
        "2008-08": {
            "month": "2008-08",
            "price": "21.22",
            "revenue": 703737
        },
        "2008-09": {
            "month": "2008-09",
            "price": "17.04",
            "revenue": 827240
        },
        "2008-10": {
            "month": "2008-10",
            "price": "11.15",
            "revenue": 934646
        },
        "2008-11": {
            "month": "2008-11",
            "price": "10.53",
            "revenue": 667155
        },
        "2008-12": {
            "month": "2008-12",
            "price": "9.94",
            "revenue": 566621
        },
        "2009-01": {
            "month": "2009-01",
            "price": "9.21",
            "revenue": 454023
        },
        "2009-02": {
            "month": "2009-02",
            "price": "9.25",
            "revenue": 446964
        },
        "2009-03": {
            "month": "2009-03",
            "price": "11.20",
            "revenue": 437376
        },
        "2009-04": {
            "month": "2009-04",
            "price": "12.91",
            "revenue": 473909
        },
        "2009-05": {
            "month": "2009-05",
            "price": "13.32",
            "revenue": 376680
        },
        "2009-06": {
            "month": "2009-06",
            "price": "12.24",
            "revenue": 407856
        },
        "2009-07": {
            "month": "2009-07",
            "price": "13.11",
            "revenue": 544657
        },
        "2009-08": {
            "month": "2009-08",
            "price": "17.30",
            "revenue": 528254
        },
        "2009-09": {
            "month": "2009-09",
            "price": "22.91",
            "revenue": 573799
        },
        "2009-10": {
            "month": "2009-10",
            "price": "21.74",
            "revenue": 490547
        },
        "2009-11": {
            "month": "2009-11",
            "price": "18.29",
            "revenue": 457792
        },
        "2009-12": {
            "month": "2009-12",
            "price": "18.90",
            "revenue": 451104
        },
        "2010-01": {
            "month": "2010-01",
            "price": "19.20",
            "revenue": 458242
        },
        "2010-02": {
            "month": "2010-02",
            "price": "16.23",
            "revenue": 370373
        },
        "2010-03": {
            "month": "2010-03",
            "price": "17.09",
            "revenue": 514370
        },
        "2010-04": {
            "month": "2010-04",
            "price": "18.20",
            "revenue": 521409
        },
        "2010-05": {
            "month": "2010-05",
            "price": "15.23",
            "revenue": 569411
        },
        "2010-06": {
            "month": "2010-06",
            "price": "14.42",
            "revenue": 593638
        },
        "2010-07": {
            "month": "2010-07",
            "price": "15.87",
            "revenue": 595586
        },
        "2010-08": {
            "month": "2010-08",
            "price": "15.78",
            "revenue": 638720
        },
        "2010-09": {
            "month": "2010-09",
            "price": "14.28",
            "revenue": 669198
        },
        "2010-10": {
            "month": "2010-10",
            "price": "13.70",
            "revenue": 642624
        },
        "2010-11": {
            "month": "2010-11",
            "price": "11.38",
            "revenue": 601684
        },
        "2010-12": {
            "month": "2010-12",
            "price": "12.32",
            "revenue": 534191
        },
        "2011-01": {
            "month": "2011-01",
            "price": "12.10",
            "revenue": 504733
        },
        "2011-02": {
            "month": "2011-02",
            "price": "12.04",
            "revenue": 437966
        },
        "2011-03": {
            "month": "2011-03",
            "price": "13.12",
            "revenue": 625230
        },
        "2011-04": {
            "month": "2011-04",
            "price": "15.00",
            "revenue": 606408
        },
        "2011-05": {
            "month": "2011-05",
            "price": "17.22",
            "revenue": 599505
        },
        "2011-06": {
            "month": "2011-06",
            "price": "18.50",
            "revenue": 504761
        },
        "2011-07": {
            "month": "2011-07",
            "price": "20.82",
            "revenue": 509043
        },
        "2011-08": {
            "month": "2011-08",
            "price": "20.95",
            "revenue": 539986
        },
        "2011-09": {
            "month": "2011-09",
            "price": "19.36",
            "revenue": 580150
        },
        "2011-10": {
            "month": "2011-10",
            "price": "17.84",
            "revenue": 516247
        },
        "2011-11": {
            "month": "2011-11",
            "price": "14.70",
            "revenue": 500701
        },
        "2011-12": {
            "month": "2011-12",
            "price": "12.81",
            "revenue": 490010
        },
        "2012-01": {
            "month": "2012-01",
            "price": "12.89",
            "revenue": 359959
        },
        "2012-02": {
            "month": "2012-02",
            "price": "15.77",
            "revenue": 358546
        },
        "2012-03": {
            "month": "2012-03",
            "price": "16.41",
            "revenue": 406856
        },
        "2012-04": {
            "month": "2012-04",
            "price": "14.68",
            "revenue": 424555
        },
        "2012-05": {
            "month": "2012-05",
            "price": "12.87",
            "revenue": 439547
        },
        "2012-06": {
            "month": "2012-06",
            "price": "12.26",
            "revenue": 379157
        },
        "2012-07": {
            "month": "2012-07",
            "price": "11.70",
            "revenue": 418464
        },
        "2012-08": {
            "month": "2012-08",
            "price": "11.56",
            "revenue": 415223
        },
        "2012-09": {
            "month": "2012-09",
            "price": "11.14",
            "revenue": 445032
        },
        "2012-10": {
            "month": "2012-10",
            "price": "11.25",
            "revenue": 472016
        },
        "2012-11": {
            "month": "2012-11",
            "price": "11.76",
            "revenue": 415341
        },
        "2012-12": {
            "month": "2012-12",
            "price": "12.84",
            "revenue": 401396
        },
        "2013-01": {
            "month": "2013-01",
            "price": "11.57",
            "revenue": 438967
        },
        "2013-02": {
            "month": "2013-02",
            "price": "11.11",
            "revenue": 283561
        },
        "2013-03": {
            "month": "2013-03",
            "price": "11.04",
            "revenue": 440805
        },
        "2013-04": {
            "month": "2013-04",
            "price": "11.21",
            "revenue": 483312
        },
        "2013-05": {
            "month": "2013-05",
            "price": "13.17",
            "revenue": 483599
        },
        "2013-06": {
            "month": "2013-06",
            "price": "13.82",
            "revenue": 359925
        },
        "2013-07": {
            "month": "2013-07",
            "price": "12.33",
            "revenue": 437073
        },
        "2013-08": {
            "month": "2013-08",
            "price": "11.50",
            "revenue": 487020
        },
        "2013-09": {
            "month": "2013-09",
            "price": "12.21",
            "revenue": 468991
        },
        "2013-10": {
            "month": "2013-10",
            "price": "12.91",
            "revenue": 451925
        },
        "2013-11": {
            "month": "2013-11",
            "price": "13.14",
            "revenue": 441846
        },
        "2013-12": {
            "month": "2013-12",
            "price": "13.25",
            "revenue": 378596
        },
        "2014-01": {
            "month": "2014-01",
            "price": "13.73",
            "revenue": 375953
        },
        "2014-02": {
            "month": "2014-02",
            "price": "13.08",
            "revenue": 300428
        },
        "2014-03": {
            "month": "2014-03",
            "price": "13.34",
            "revenue": 362491
        },
        "2014-04": {
            "month": "2014-04",
            "price": "13.22",
            "revenue": 380811
        },
        "2014-05": {
            "month": "2014-05",
            "price": "12.40",
            "revenue": 417208
        },
        "2014-06": {
            "month": "2014-06",
            "price": "13.19",
            "revenue": 396000
        },
        "2014-07": {
            "month": "2014-07",
            "price": "13.33",
            "revenue": 397452
        },
        "2014-08": {
            "month": "2014-08",
            "price": "13.01",
            "revenue": 429449
        },
        "2014-09": {
            "month": "2014-09",
            "price": "13.82",
            "revenue": 397151
        },
        "2014-10": {
            "month": "2014-10",
            "price": "17.96",
            "revenue": 423599
        },
        "2014-11": {
            "month": "2014-11",
            "price": "18.11",
            "revenue": 481281
        },
        "2014-12": {
            "month": "2014-12",
            "price": "18.74",
            "revenue": 496724
        },
        "2015-01": {
            "month": "2015-01",
            "price": "19.20",
            "revenue": 487184
        },
        "2015-02": {
            "month": "2015-02",
            "price": "17.84",
            "revenue": 363905
        },
        "2015-03": {
            "month": "2015-03",
            "price": "18.04",
            "revenue": 450214
        },
        "2015-04": {
            "month": "2015-04",
            "price": "18.15",
            "revenue": 518461
        },
        "2015-05": {
            "month": "2015-05",
            "price": "17.50",
            "revenue": 462167
        },
        "2015-06": {
            "month": "2015-06",
            "price": "17.73",
            "revenue": 453596
        },
        "2015-07": {
            "month": "2015-07",
            "price": "19.45",
            "revenue": 518568
        },
        "2015-08": {
            "month": "2015-08",
            "price": "18.50",
            "revenue": 560902
        },
        "2015-09": {
            "month": "2015-09",
            "price": "17.93",
            "revenue": 579521
        },
        "2015-10": {
            "month": "2015-10",
            "price": "17.78",
            "revenue": 567639
        },
        "2015-11": {
            "month": "2015-11",
            "price": "18.16",
            "revenue": 544490
        },
        "2015-12": {
            "month": "2015-12",
            "price": "17.90",
            "revenue": 408923
        },
        "2016-01": {
            "month": "2016-01",
            "price": "16.28",
            "revenue": 420732
        },
        "2016-02": {
            "month": "2016-02",
            "price": "13.99",
            "revenue": 271184
        },
        "2016-03": {
            "month": "2016-03",
            "price": "13.84",
            "revenue": 405547
        },
        "2016-04": {
            "month": "2016-04",
            "price": "13.69",
            "revenue": 438055
        },
        "2016-05": {
            "month": "2016-05",
            "price": "13.81",
            "revenue": 413919
        },
        "2016-06": {
            "month": "2016-06",
            "price": "13.48",
            "revenue": 409522
        },
        "2016-07": {
            "month": "2016-07",
            "price": "13.91",
            "revenue": 474799
        },
        "2016-08": {
            "month": "2016-08",
            "price": "14.26",
            "revenue": 492927
        },
        "2016-09": {
            "month": "2016-09",
            "price": "17.48",
            "revenue": 479633
        },
        "2016-10": {
            "month": "2016-10",
            "price": "16.51",
            "revenue": 491075
        },
        "2016-11": {
            "month": "2016-11",
            "price": "16.18",
            "revenue": 433794
        },
        "2016-12": {
            "month": "2016-12",
            "price": "16.25",
            "revenue": 437125
        },
        "2017-01": {
            "month": "2017-01",
            "price": "16.62",
            "revenue": 353295
        },
        "2017-02": {
            "month": "2017-02",
            "price": "16.64",
            "revenue": 325004
        },
        "2017-03": {
            "month": "2017-03",
            "price": "17.34",
            "revenue": 398214
        },
        "2017-04": {
            "month": "2017-04",
            "price": "15.98",
            "revenue": 426392
        },
        "2017-05": {
            "month": "2017-05",
            "price": "15.68",
            "revenue": 419098
        },
        "2017-06": {
            "month": "2017-06",
            "price": "15.40",
            "revenue": 428661
        },
        "2017-07": {
            "month": "2017-07",
            "price": "15.81",
            "revenue": 530713
        },
        "2017-08": {
            "month": "2017-08",
            "price": "20.39",
            "revenue": 516341
        },
        "2017-09": {
            "month": "2017-09",
            "price": "27.31",
            "revenue": 500134
        },
        "2017-10": {
            "month": "2017-10",
            "price": "28.57",
            "revenue": 532808
        },
        "2017-11": {
            "month": "2017-11",
            "price": "28.48",
            "revenue": 513540
        },
        "2017-12": {
            "month": "2017-12",
            "price": "24.46",
            "revenue": 439867
        },
        "2018-01": {
            "month": "2018-01",
            "price": "24.24",
            "revenue": 475132
        },
        "2018-02": {
            "month": "2018-02",
            "price": "21.81",
            "revenue": 281867
        },
        "2018-03": {
            "month": "2018-03",
            "price": "21.74",
            "revenue": 293268
        },
        "2018-04": {
            "month": "2018-04",
            "price": "19.27",
            "revenue": 370213
        },
        "2018-05": {
            "month": "2018-05",
            "price": "17.39",
            "revenue": 371646
        },
        "2018-06": {
            "month": "2018-06",
            "price": "16.52",
            "revenue": 334687
        },
        "2018-07": {
            "month": "2018-07",
            "price": "14.44",
            "revenue": 441496
        },
        "2018-08": {
            "month": "2018-08",
            "price": "13.39",
            "revenue": 487963
        },
        "2018-09": {
            "month": "2018-09",
            "price": "13.86",
            "revenue": 457346
        },
        "2018-10": {
            "month": "2018-10",
            "price": "12.85",
            "revenue": 427792
        },
        "2018-11": {
            "month": "2018-11",
            "price": "12.42",
            "revenue": 467920
        },
        "2018-12": {
            "month": "2018-12",
            "price": "12.73",
            "revenue": 416302
        },
        "2019-01": {
            "month": "2019-01",
            "price": "12.63",
            "revenue": 408662
        },
        "2019-02": {
            "month": "2019-02",
            "price": "13.96",
            "revenue": 229908
        },
        "2019-03": {
            "month": "2019-03",
            "price": "15.30",
            "revenue": 300842
        },
        "2019-04": {
            "month": "2019-04",
            "price": "15.55",
            "revenue": 371759
        },
        "2019-05": {
            "month": "2019-05",
            "price": "13.57",
            "revenue": 420936
        },
        "2019-06": {
            "month": "2019-06",
            "price": "13.53",
            "revenue": 395944
        },
        "2019-07": {
            "month": "2019-07",
            "price": "13.83",
            "revenue": 571150
        },
        "2019-08": {
            "month": "2019-08",
            "price": "14.34",
            "revenue": 499960
        },
        "2019-09": {
            "month": "2019-09",
            "price": "15.12",
            "revenue": 494340
        },
        "2019-10": {
            "month": "2019-10",
            "price": "15.15",
            "revenue": 425502
        },
        "2019-11": {
            "month": "2019-11",
            "price": "15.38",
            "revenue": 453453
        },
        "2019-12": {
            "month": "2019-12",
            "price": "15.91",
            "revenue": 427782
        },
        "2020-01": {
            "month": "2020-01",
            "price": "16.38",
            "revenue": 254252
        },
        "2020-02": {
            "month": "2020-02",
            "price": "15.05",
            "revenue": 117177
        },
        "2020-03": {
            "month": "2020-03",
            "price": "12.40",
            "revenue": 242437
        },
        "2020-04": {
            "month": "2020-04",
            "price": "12.28",
            "revenue": 354900
        },
        "2020-05": {
            "month": "2020-05",
            "price": "13.52",
            "revenue": 368987
        },
        "2020-06": {
            "month": "2020-06",
            "price": "13.63",
            "revenue": 415626
        },
        "2020-07": {
            "month": "2020-07",
            "price": "13.63",
            "revenue": 510630
        },
        "2020-08": {
            "month": "2020-08",
            "price": "14.46",
            "revenue": 512152
        },
        "2020-09": {
            "month": "2020-09",
            "price": "16.28",
            "revenue": 610316
        },
        "2020-10": {
            "month": "2020-10",
            "price": "16.55",
            "revenue": 546312
        },
        "2020-11": {
            "month": "2020-11",
            "price": "17.89",
            "revenue": 579310
        },
        "2020-12": {
            "month": "2020-12",
            "price": "22.39",
            "revenue": 581258
        },
        "2021-01": {
            "month": "2021-01",
            "price": "18.91",
            "revenue": 483972
        },
        "2021-02": {
            "month": "2021-02",
            "price": "17.91",
            "revenue": 389455
        },
        "2021-03": {
            "month": "2021-03",
            "price": "24.39",
            "revenue": 434532
        },
        "2021-04": {
            "month": "2021-04",
            "price": "26.73",
            "revenue": 410942
        },
        "2021-05": {
            "month": "2021-05",
            "price": "20.77",
            "revenue": 412896
        },
        "2021-06": {
            "month": "2021-06",
            "price": "21.97",
            "revenue": 402850
        },
        "2021-07": {
            "month": "2021-07",
            "price": "20.40",
            "revenue": 487835
        },
        "2021-08": {
            "month": "2021-08",
            "price": "18.19",
            "revenue": 421891
        },
        "2021-09": {
            "month": "2021-09",
            "price": "17.17",
            "revenue": 425099
        },
        "2021-10": {
            "month": "2021-10",
            "price": "19.66",
            "revenue": 464044
        },
        "2021-11": {
            "month": "2021-11",
            "price": "23.50",
            "revenue": 465472
        },
        "2021-12": {
            "month": "2021-12",
            "price": "33.71",
            "revenue": 520565
        },
        "2022-01": {
            "month": "2022-01",
            "price": "26.04",
            "revenue": 409642
        },
        "2022-02": {
            "month": "2022-02",
            "price": "25.02",
            "revenue": 310708
        },
        "2022-03": {
            "month": "2022-03",
            "price": "22.22",
            "revenue": 515581
        },
        "2022-04": {
            "month": "2022-04",
            "price": "22.25",
            "revenue": 135422
        },
        "2022-05": {
            "month": "2022-05",
            "price": "20.97",
            "revenue": 221501
        },
        "2022-06": {
            "month": "2022-06",
            "price": "21.23",
            "revenue": 486870
        },
        "2022-07": {
            "month": "2022-07",
            "price": "18.74",
            "revenue": 595752
        },
        "2022-08": {
            "month": "2022-08",
            "price": "20.71",
            "revenue": 516971
        },
        "2022-09": {
            "month": "2022-09",
            "price": "19.59",
            "revenue": 432934
        },
        "2022-10": {
            "month": "2022-10",
            "price": "16.81",
            "revenue": 399464
        },
        "2022-11": {
            "month": "2022-11",
            "price": "16.92",
            "revenue": 418583
        },
        "2022-12": {
            "month": "2022-12",
            "price": "17.55",
            "revenue": 391509
        },
        "2023-01": {
            "month": "2023-01",
            "price": "17.00",
            "revenue": 220466
        },
        "2023-02": {
            "month": "2023-02",
            "price": "17.65",
            "revenue": 291520
        },
        "2023-03": {
            "month": "2023-03",
            "price": "18.35",
            "revenue": 319264
        },
        "2023-04": {
            "month": "2023-04",
            "price": "19.03",
            "revenue": 283743
        }
    }
}
