{
    "summary": {
        "stock_name": "勝德",
        "stock_id": "3296",
        "category": "電子零組件",
        "main_business": "有線及無線通信機械器材製造買賣<br>電子零組件製造買賣<br>電機與電子機械器材製造買賣",
        "website_url": "http://www.power-tech.com.tw",
        "ceo": "周義雄",
        "pe_ratio": -36,
        "report_year_from": 2003,
        "report_year_to": 2023,
        "age": 20,
        "eps_negative_percentage": 37,
        "eps_growth_avg": {
            "last_all": -26.66,
            "last_2y": -55.56,
            "last_4y": -21.09,
            "last_8y": -22.64,
            "last_12y": -40.79,
            "last_16y": -30.2,
            "last_20y": null,
            "at_2006_last_3y": null,
            "at_2007_last_3y": -4.61,
            "at_2008_last_3y": -21.92,
            "at_2009_last_3y": -3.71,
            "at_2010_last_3y": -10.6,
            "at_2011_last_3y": -37.42,
            "at_2012_last_3y": -28.36,
            "at_2013_last_3y": -83.16,
            "at_2014_last_3y": -100,
            "at_2015_last_3y": -87.84,
            "at_2016_last_3y": -25.23,
            "at_2017_last_3y": -24.69,
            "at_2018_last_3y": 6.48,
            "at_2019_last_3y": 7.08,
            "at_2020_last_3y": -20.69,
            "at_2021_last_3y": -21.09,
            "at_2022_last_3y": -61.46,
            "at_2023_last_3y": -61.46,
            "at_2006_last_all": -8.57,
            "at_2007_last_all": -4.61,
            "at_2008_last_all": -16.61,
            "at_2009_last_all": -3.1,
            "at_2010_last_all": -9.73,
            "at_2011_last_all": -21.01,
            "at_2012_last_all": -21.01,
            "at_2013_last_all": -29.79,
            "at_2014_last_all": -29.79,
            "at_2015_last_all": -34.38,
            "at_2016_last_all": -22.16,
            "at_2017_last_all": -28.52,
            "at_2018_last_all": -18.63,
            "at_2019_last_all": -22.53,
            "at_2020_last_all": -21.77,
            "at_2021_last_all": -26.66,
            "at_2022_last_all": -26.66,
            "at_2023_last_all": -26.66
        },
        "latest_eps": -0.46,
        "latest_price": 16.6,
        "latest_roe": -3.59,
        "latest_gross_margin": 17.26,
        "latest_equity": 1207470,
        "latest_revenue": 363131,
        "latest_gross_profit": 62685,
        "latest_net_income": -44401,
        "latest_debt_ratio": 46.25,
        "latest_current_ratio": 191.62,
        "latest_account_receivable_turnover_ratio": 0.75,
        "latest_inventory_turnover_ratio": 0.9,
        "latest_reinvestment_rate": null,
        "latest_research_to_sale_ratio": 5.75
    },
    "eps_dividends": {
        "2001": {
            "cash": 0,
            "stock": 0,
            "eps": 0
        },
        "2002": {
            "cash": 0,
            "stock": 0,
            "eps": 0
        },
        "2003": {
            "cash": 0,
            "stock": 1,
            "eps": 6.23
        },
        "2004": {
            "cash": 0,
            "stock": 3,
            "eps": 6.52
        },
        "2005": {
            "cash": 3,
            "stock": 2,
            "eps": 5.97
        },
        "2006": {
            "cash": 3,
            "stock": 1,
            "eps": 4.66
        },
        "2007": {
            "cash": 3,
            "stock": 1,
            "eps": 5
        },
        "2008": {
            "cash": 4,
            "stock": 1,
            "eps": 1.77
        },
        "2009": {
            "cash": 1,
            "stock": 0,
            "eps": 2.91
        },
        "2010": {
            "cash": 2,
            "stock": 0,
            "eps": 1.47
        },
        "2011": {
            "cash": 1,
            "stock": 0,
            "eps": -1.19
        },
        "2012": {
            "cash": 0,
            "stock": 0,
            "eps": 1.02
        },
        "2013": {
            "cash": 1,
            "stock": 0,
            "eps": -0.57
        },
        "2014": {
            "cash": 0,
            "stock": 0,
            "eps": 0.37
        },
        "2015": {
            "cash": 0,
            "stock": 0,
            "eps": 0.09
        },
        "2016": {
            "cash": 0,
            "stock": 0,
            "eps": 1.25
        },
        "2017": {
            "cash": 1,
            "stock": 0,
            "eps": 0.02
        },
        "2018": {
            "cash": 0,
            "stock": 0,
            "eps": 1.01
        },
        "2019": {
            "cash": 1,
            "stock": 0,
            "eps": 0.27
        },
        "2020": {
            "cash": 0,
            "stock": 0,
            "eps": 0.24
        },
        "2021": {
            "cash": 0,
            "stock": 0,
            "eps": -1.64
        },
        "2022": {
            "cash": 0,
            "stock": 0,
            "eps": -0.68
        },
        "2023": {
            "cash": 0,
            "stock": 0,
            "eps": -0.46
        }
    },
    "dividends": {
        "2003-05-06": {
            "cash": 0.2,
            "stock": 1
        },
        "2004-04-30": {
            "cash": 0,
            "stock": 3
        },
        "2005-03-28": {
            "cash": 3,
            "stock": 2
        },
        "2006-03-14": {
            "cash": 3.29,
            "stock": 1.1
        },
        "2007-06-15": {
            "cash": 2.88,
            "stock": 0.96
        },
        "2008-06-13": {
            "cash": 3.5,
            "stock": 0.5
        },
        "2009-05-22": {
            "cash": 1,
            "stock": 0
        },
        "2010-03-08": {
            "cash": 2.3,
            "stock": 0
        },
        "2011-03-11": {
            "cash": 1,
            "stock": 0
        },
        "2013-03-20": {
            "cash": 0.73,
            "stock": 0
        },
        "2015-07-15": {
            "cash": 0.3,
            "stock": 0
        },
        "2016-07-20": {
            "cash": 0.1,
            "stock": 0
        },
        "2017-09-08": {
            "cash": 1.2,
            "stock": 0
        },
        "2019-07-30": {
            "cash": 1,
            "stock": 0
        },
        "2020-08-04": {
            "cash": 0.27,
            "stock": 0
        },
        "2021-09-07": {
            "cash": 0.23,
            "stock": 0
        }
    },
    "prices": {
        "200101": "無",
        "200102": "無",
        "200103": "無",
        "200104": "無",
        "200105": "無",
        "200106": "無",
        "200107": "無",
        "200108": "無",
        "200109": "無",
        "200110": "無",
        "200111": "無",
        "200112": "無",
        "200201": "無",
        "200202": "無",
        "200203": "無",
        "200204": "無",
        "200205": "無",
        "200206": "無",
        "200207": "無",
        "200208": "無",
        "200209": "無",
        "200210": "無",
        "200211": "無",
        "200212": "無",
        "200301": "無",
        "200302": "無",
        "200303": "無",
        "200304": "無",
        "200305": "無",
        "200306": "無",
        "200307": "無",
        "200308": "無",
        "200309": "無",
        "200310": "無",
        "200311": "無",
        "200312": "無",
        "200401": "無",
        "200402": "無",
        "200403": "75.12",
        "200404": "79.90",
        "200405": "85.17",
        "200406": "90.16",
        "200407": "94.71",
        "200408": "無",
        "200409": "無",
        "200410": "62.63",
        "200411": "68.04",
        "200412": "76.82",
        "200501": "67.67",
        "200502": "65.80",
        "200503": "71.08",
        "200504": "66.10",
        "200505": "61.30",
        "200506": "66.22",
        "200507": "72.08",
        "200508": "60.41",
        "200509": "51.04",
        "200510": "49.16",
        "200511": "49.15",
        "200512": "53.20",
        "200601": "56.16",
        "200602": "53.63",
        "200603": "50.06",
        "200604": "51.95",
        "200605": "46.39",
        "200606": "42.78",
        "200607": "40.65",
        "200608": "43.04",
        "200609": "45.95",
        "200610": "45.97",
        "200611": "47.59",
        "200612": "49.42",
        "200701": "51.87",
        "200702": "51.97",
        "200703": "62.18",
        "200704": "59.76",
        "200705": "60.45",
        "200706": "75.50",
        "200707": "96.99",
        "200708": "76.97",
        "200709": "68.52",
        "200710": "63.75",
        "200711": "55.36",
        "200712": "53.70",
        "200801": "44.60",
        "200802": "42.27",
        "200803": "44.50",
        "200804": "47.91",
        "200805": "45.05",
        "200806": "40.73",
        "200807": "36.81",
        "200808": "35.12",
        "200809": "23.28",
        "200810": "16.81",
        "200811": "13.27",
        "200812": "12.87",
        "200901": "12.29",
        "200902": "12.90",
        "200903": "15.44",
        "200904": "18.06",
        "200905": "22.49",
        "200906": "25.66",
        "200907": "29.12",
        "200908": "27.95",
        "200909": "30.23",
        "200910": "30.85",
        "200911": "31.33",
        "200912": "33.90",
        "201001": "35.09",
        "201002": "31.74",
        "201003": "34.47",
        "201004": "39.48",
        "201005": "41.52",
        "201006": "41.85",
        "201007": "41.34",
        "201008": "42.65",
        "201009": "42.25",
        "201010": "44.15",
        "201011": "42.21",
        "201012": "40.95",
        "201101": "40.12",
        "201102": "39.41",
        "201103": "46.44",
        "201104": "48.86",
        "201105": "48.13",
        "201106": "45.17",
        "201107": "38.20",
        "201108": "29.60",
        "201109": "17.87",
        "201110": "20.70",
        "201111": "21.20",
        "201112": "21.01",
        "201201": "19.99",
        "201202": "22.95",
        "201203": "25.12",
        "201204": "24.08",
        "201205": "25.30",
        "201206": "25.25",
        "201207": "23.21",
        "201208": "21.00",
        "201209": "20.86",
        "201210": "19.81",
        "201211": "19.51",
        "201212": "19.16",
        "201301": "17.86",
        "201302": "17.00",
        "201303": "17.47",
        "201304": "18.70",
        "201305": "18.25",
        "201306": "21.05",
        "201307": "21.85",
        "201308": "20.21",
        "201309": "19.33",
        "201310": "18.26",
        "201311": "17.54",
        "201312": "20.35",
        "201401": "22.41",
        "201402": "25.46",
        "201403": "25.16",
        "201404": "22.79",
        "201405": "21.54",
        "201406": "21.08",
        "201407": "23.14",
        "201408": "22.79",
        "201409": "22.02",
        "201410": "21.12",
        "201411": "21.85",
        "201412": "21.36",
        "201501": "21.50",
        "201502": "21.10",
        "201503": "21.04",
        "201504": "18.78",
        "201505": "18.06",
        "201506": "17.07",
        "201507": "16.52",
        "201508": "14.83",
        "201509": "16.15",
        "201510": "16.97",
        "201511": "15.08",
        "201512": "13.42",
        "201601": "12.37",
        "201602": "12.55",
        "201603": "14.03",
        "201604": "13.19",
        "201605": "11.63",
        "201606": "11.51",
        "201607": "13.01",
        "201608": "14.11",
        "201609": "13.47",
        "201610": "12.59",
        "201611": "12.43",
        "201612": "12.53",
        "201701": "13.36",
        "201702": "17.21",
        "201703": "19.88",
        "201704": "20.46",
        "201705": "18.71",
        "201706": "18.46",
        "201707": "21.64",
        "201708": "20.07",
        "201709": "20.40",
        "201710": "19.01",
        "201711": "17.29",
        "201712": "16.38",
        "201801": "15.72",
        "201802": "14.77",
        "201803": "15.17",
        "201804": "14.68",
        "201805": "14.60",
        "201806": "15.51",
        "201807": "14.88",
        "201808": "14.95",
        "201809": "14.49",
        "201810": "13.14",
        "201811": "13.68",
        "201812": "14.82",
        "201901": "14.28",
        "201902": "14.86",
        "201903": "15.79",
        "201904": "18.15",
        "201905": "17.64",
        "201906": "16.97",
        "201907": "15.47",
        "201908": "14.57",
        "201909": "15.25",
        "201910": "16.51",
        "201911": "15.60",
        "201912": "14.96",
        "202001": "14.66",
        "202002": "14.64",
        "202003": "12.94",
        "202004": "13.36",
        "202005": "13.17",
        "202006": "13.01",
        "202007": "13.83",
        "202008": "14.11",
        "202009": "14.98",
        "202010": "14.37",
        "202011": "13.89",
        "202012": "15.67",
        "202101": "21.25",
        "202102": "21.22",
        "202103": "21.50",
        "202104": "25.85",
        "202105": "21.07",
        "202106": "20.69",
        "202107": "22.37",
        "202108": "20.99",
        "202109": "19.86",
        "202110": "17.96",
        "202111": "18.67",
        "202112": "18.44",
        "202201": "17.60",
        "202202": "17.25",
        "202203": "16.27",
        "202204": "15.20",
        "202205": "15.74",
        "202206": "16.75",
        "202207": "15.22",
        "202208": "16.68",
        "202209": "17.49",
        "202210": "16.63",
        "202211": "17.18",
        "202212": "16.14",
        "202301": "16.59",
        "202302": "17.53",
        "202303": "17.66",
        "202304": "17.36",
        "202305": "17.19"
    },
    "quarters": {
        "20011": {
            "year_quarter": 20011,
            "year": 2001,
            "quarter": 1,
            "eps": null,
            "eps_growth_year": null,
            "eps_4q": null,
            "eps_4q_growth_year": null,
            "roe": null,
            "gross_profit": null,
            "gross_margin": null,
            "net_income": null,
            "revenue": null,
            "common_shares": null,
            "equity": null,
            "current_ratio": null,
            "debt_ratio": null,
            "inventory_turnover_ratio": null,
            "account_receivable_turnover_ratio": null,
            "reinvestment_rate": null,
            "research_to_sale_ratio": null,
            "price_fair": 0,
            "eps_avg_yearly": 0,
            "eps_latest_yearly": 0,
            "eps_growth_yearly": 0
        },
        "20012": {
            "year_quarter": 20012,
            "year": 2001,
            "quarter": 2,
            "eps": null,
            "eps_growth_year": null,
            "eps_4q": null,
            "eps_4q_growth_year": null,
            "roe": null,
            "gross_profit": null,
            "gross_margin": null,
            "net_income": null,
            "revenue": null,
            "common_shares": null,
            "equity": null,
            "current_ratio": null,
            "debt_ratio": null,
            "inventory_turnover_ratio": null,
            "account_receivable_turnover_ratio": null,
            "reinvestment_rate": null,
            "research_to_sale_ratio": null,
            "price_fair": 0,
            "eps_avg_yearly": 0,
            "eps_latest_yearly": 0,
            "eps_growth_yearly": 0
        },
        "20013": {
            "year_quarter": 20013,
            "year": 2001,
            "quarter": 3,
            "eps": null,
            "eps_growth_year": null,
            "eps_4q": null,
            "eps_4q_growth_year": null,
            "roe": null,
            "gross_profit": null,
            "gross_margin": null,
            "net_income": null,
            "revenue": null,
            "common_shares": null,
            "equity": null,
            "current_ratio": null,
            "debt_ratio": null,
            "inventory_turnover_ratio": null,
            "account_receivable_turnover_ratio": null,
            "reinvestment_rate": null,
            "research_to_sale_ratio": null,
            "price_fair": 0,
            "eps_avg_yearly": 0,
            "eps_latest_yearly": 0,
            "eps_growth_yearly": 0
        },
        "20014": {
            "year_quarter": 20014,
            "year": 2001,
            "quarter": 4,
            "eps": null,
            "eps_growth_year": null,
            "eps_4q": null,
            "eps_4q_growth_year": null,
            "roe": null,
            "gross_profit": null,
            "gross_margin": null,
            "net_income": null,
            "revenue": null,
            "common_shares": 50000,
            "equity": 56435,
            "current_ratio": 259.9,
            "debt_ratio": 23.68,
            "inventory_turnover_ratio": null,
            "account_receivable_turnover_ratio": null,
            "reinvestment_rate": null,
            "research_to_sale_ratio": null,
            "price_fair": 0,
            "eps_avg_yearly": 0,
            "eps_latest_yearly": 0,
            "eps_growth_yearly": 0
        },
        "20021": {
            "year_quarter": 20021,
            "year": 2002,
            "quarter": 1,
            "eps": null,
            "eps_growth_year": null,
            "eps_4q": null,
            "eps_4q_growth_year": null,
            "roe": null,
            "gross_profit": null,
            "gross_margin": null,
            "net_income": null,
            "revenue": null,
            "common_shares": null,
            "equity": null,
            "current_ratio": null,
            "debt_ratio": null,
            "inventory_turnover_ratio": null,
            "account_receivable_turnover_ratio": null,
            "reinvestment_rate": null,
            "research_to_sale_ratio": null,
            "price_fair": 0,
            "eps_avg_yearly": 0,
            "eps_latest_yearly": 0,
            "eps_growth_yearly": 0
        },
        "20022": {
            "year_quarter": 20022,
            "year": 2002,
            "quarter": 2,
            "eps": null,
            "eps_growth_year": null,
            "eps_4q": null,
            "eps_4q_growth_year": null,
            "roe": null,
            "gross_profit": null,
            "gross_margin": null,
            "net_income": null,
            "revenue": null,
            "common_shares": null,
            "equity": null,
            "current_ratio": null,
            "debt_ratio": null,
            "inventory_turnover_ratio": null,
            "account_receivable_turnover_ratio": null,
            "reinvestment_rate": null,
            "research_to_sale_ratio": null,
            "price_fair": 0,
            "eps_avg_yearly": 0,
            "eps_latest_yearly": 0,
            "eps_growth_yearly": 0
        },
        "20023": {
            "year_quarter": 20023,
            "year": 2002,
            "quarter": 3,
            "eps": null,
            "eps_growth_year": null,
            "eps_4q": null,
            "eps_4q_growth_year": null,
            "roe": null,
            "gross_profit": null,
            "gross_margin": null,
            "net_income": null,
            "revenue": null,
            "common_shares": null,
            "equity": null,
            "current_ratio": null,
            "debt_ratio": null,
            "inventory_turnover_ratio": null,
            "account_receivable_turnover_ratio": null,
            "reinvestment_rate": null,
            "research_to_sale_ratio": null,
            "price_fair": 0,
            "eps_avg_yearly": 0,
            "eps_latest_yearly": 0,
            "eps_growth_yearly": 0
        },
        "20024": {
            "year_quarter": 20024,
            "year": 2002,
            "quarter": 4,
            "eps": null,
            "eps_growth_year": null,
            "eps_4q": null,
            "eps_4q_growth_year": null,
            "roe": null,
            "gross_profit": null,
            "gross_margin": null,
            "net_income": null,
            "revenue": null,
            "common_shares": 300000,
            "equity": 565130,
            "current_ratio": 178.91,
            "debt_ratio": 42.8,
            "inventory_turnover_ratio": null,
            "account_receivable_turnover_ratio": null,
            "reinvestment_rate": null,
            "research_to_sale_ratio": null,
            "price_fair": 0,
            "eps_avg_yearly": 0,
            "eps_latest_yearly": 0,
            "eps_growth_yearly": 0
        },
        "20031": {
            "year_quarter": 20031,
            "year": 2003,
            "quarter": 1,
            "eps": 1.15,
            "eps_growth_year": null,
            "eps_4q": null,
            "eps_4q_growth_year": null,
            "roe": 7.83,
            "gross_profit": 97437,
            "gross_margin": 24.87,
            "net_income": 46024,
            "revenue": 391763,
            "common_shares": 400000,
            "equity": 611154,
            "current_ratio": 174.69,
            "debt_ratio": 45.56,
            "inventory_turnover_ratio": null,
            "account_receivable_turnover_ratio": null,
            "reinvestment_rate": null,
            "research_to_sale_ratio": null,
            "price_fair": 0,
            "eps_avg_yearly": 0,
            "eps_latest_yearly": 0,
            "eps_growth_yearly": 0
        },
        "20032": {
            "year_quarter": 20032,
            "year": 2003,
            "quarter": 2,
            "eps": 0.93,
            "eps_growth_year": null,
            "eps_4q": null,
            "eps_4q_growth_year": null,
            "roe": 6.39,
            "gross_profit": 89835,
            "gross_margin": 23.61,
            "net_income": 43292,
            "revenue": 380486,
            "common_shares": 450000,
            "equity": 742946,
            "current_ratio": 222.82,
            "debt_ratio": 36.03,
            "inventory_turnover_ratio": null,
            "account_receivable_turnover_ratio": null,
            "reinvestment_rate": null,
            "research_to_sale_ratio": null,
            "price_fair": 11.16,
            "eps_avg_yearly": 3.72,
            "eps_latest_yearly": 3.72,
            "eps_growth_yearly": -76.52
        },
        "20033": {
            "year_quarter": 20033,
            "year": 2003,
            "quarter": 3,
            "eps": 1.91,
            "eps_growth_year": null,
            "eps_4q": null,
            "eps_4q_growth_year": null,
            "roe": 11.57,
            "gross_profit": 140058,
            "gross_margin": 22.04,
            "net_income": 91222,
            "revenue": 635382,
            "common_shares": 500000,
            "equity": 834168,
            "current_ratio": 194.24,
            "debt_ratio": 42.79,
            "inventory_turnover_ratio": null,
            "account_receivable_turnover_ratio": null,
            "reinvestment_rate": null,
            "research_to_sale_ratio": null,
            "price_fair": 198.8,
            "eps_avg_yearly": 5.68,
            "eps_latest_yearly": 7.64,
            "eps_growth_yearly": 172.49
        },
        "20034": {
            "year_quarter": 20034,
            "year": 2003,
            "quarter": 4,
            "eps": 2.24,
            "eps_growth_year": null,
            "eps_4q": 5.98,
            "eps_4q_growth_year": null,
            "roe": 12.19,
            "gross_profit": 107564,
            "gross_margin": 19.35,
            "net_income": 108230,
            "revenue": 556028,
            "common_shares": 500000,
            "equity": 941548,
            "current_ratio": 188.96,
            "debt_ratio": 49.51,
            "inventory_turnover_ratio": 5.26,
            "account_receivable_turnover_ratio": null,
            "reinvestment_rate": null,
            "research_to_sale_ratio": null,
            "price_fair": 237.07,
            "eps_avg_yearly": 6.77,
            "eps_latest_yearly": 8.96,
            "eps_growth_yearly": 138.03
        },
        "20041": {
            "year_quarter": 20041,
            "year": 2004,
            "quarter": 1,
            "eps": 0.39,
            "eps_growth_year": -66.09,
            "eps_4q": 5.25,
            "eps_4q_growth_year": null,
            "roe": 2.05,
            "gross_profit": 69423,
            "gross_margin": 21.6,
            "net_income": 19476,
            "revenue": 321335,
            "common_shares": 500000,
            "equity": 959118,
            "current_ratio": 312.32,
            "debt_ratio": 26.56,
            "inventory_turnover_ratio": 2.89,
            "account_receivable_turnover_ratio": null,
            "reinvestment_rate": null,
            "research_to_sale_ratio": null,
            "price_fair": 169.21,
            "eps_avg_yearly": 5.47,
            "eps_latest_yearly": 1.56,
            "eps_growth_yearly": 20.93
        },
        "20042": {
            "year_quarter": 20042,
            "year": 2004,
            "quarter": 2,
            "eps": 2.66,
            "eps_growth_year": 186.02,
            "eps_4q": 7.05,
            "eps_4q_growth_year": null,
            "roe": 12.95,
            "gross_profit": 165465,
            "gross_margin": 20.8,
            "net_income": 132752,
            "revenue": 795420,
            "common_shares": 500000,
            "equity": 1090837,
            "current_ratio": 216.92,
            "debt_ratio": 38.59,
            "inventory_turnover_ratio": 319.94,
            "account_receivable_turnover_ratio": null,
            "reinvestment_rate": null,
            "research_to_sale_ratio": null,
            "price_fair": 227.64,
            "eps_avg_yearly": 6.5,
            "eps_latest_yearly": 10.64,
            "eps_growth_yearly": 482.39
        },
        "20043": {
            "year_quarter": 20043,
            "year": 2004,
            "quarter": 3,
            "eps": 2.53,
            "eps_growth_year": 32.46,
            "eps_4q": 6.45,
            "eps_4q_growth_year": null,
            "roe": 14.32,
            "gross_profit": 203836,
            "gross_margin": 20.55,
            "net_income": 168207,
            "revenue": 991723,
            "common_shares": 665000,
            "equity": 1259217,
            "current_ratio": 217.87,
            "debt_ratio": 38.42,
            "inventory_turnover_ratio": 787887,
            "account_receivable_turnover_ratio": null,
            "reinvestment_rate": null,
            "research_to_sale_ratio": null,
            "price_fair": 248.73,
            "eps_avg_yearly": 7.11,
            "eps_latest_yearly": 10.12,
            "eps_growth_yearly": 398.73
        },
        "20044": {
            "year_quarter": 20044,
            "year": 2004,
            "quarter": 4,
            "eps": 0.94,
            "eps_growth_year": -58.04,
            "eps_4q": 5.76,
            "eps_4q_growth_year": -3.63,
            "roe": 4.85,
            "gross_profit": 174565,
            "gross_margin": 20.13,
            "net_income": 62500,
            "revenue": 867242,
            "common_shares": 665000,
            "equity": 1316071,
            "current_ratio": 252.45,
            "debt_ratio": 38.45,
            "inventory_turnover_ratio": 4.73,
            "account_receivable_turnover_ratio": null,
            "reinvestment_rate": null,
            "research_to_sale_ratio": null,
            "price_fair": 232,
            "eps_avg_yearly": 6.63,
            "eps_latest_yearly": 3.76,
            "eps_growth_yearly": 305.86
        },
        "20051": {
            "year_quarter": 20051,
            "year": 2005,
            "quarter": 1,
            "eps": 0.66,
            "eps_growth_year": 69.23,
            "eps_4q": 6.1,
            "eps_4q_growth_year": 16.26,
            "roe": 3.29,
            "gross_profit": 129085,
            "gross_margin": 20.63,
            "net_income": 44059,
            "revenue": 625598,
            "common_shares": 665000,
            "equity": 1360033,
            "current_ratio": 287.35,
            "debt_ratio": 29.91,
            "inventory_turnover_ratio": 3.36,
            "account_receivable_turnover_ratio": null,
            "reinvestment_rate": null,
            "research_to_sale_ratio": null,
            "price_fair": 214.55,
            "eps_avg_yearly": 6.13,
            "eps_latest_yearly": 2.64,
            "eps_growth_yearly": 252.73
        },
        "20052": {
            "year_quarter": 20052,
            "year": 2005,
            "quarter": 2,
            "eps": 1.34,
            "eps_growth_year": -49.62,
            "eps_4q": 5.47,
            "eps_4q_growth_year": -22.38,
            "roe": 6.88,
            "gross_profit": 162523,
            "gross_margin": 18.41,
            "net_income": 89151,
            "revenue": 882820,
            "common_shares": 665000,
            "equity": 1232281,
            "current_ratio": 191.63,
            "debt_ratio": 43.89,
            "inventory_turnover_ratio": 48.78,
            "account_receivable_turnover_ratio": null,
            "reinvestment_rate": null,
            "research_to_sale_ratio": null,
            "price_fair": 211.56,
            "eps_avg_yearly": 6.04,
            "eps_latest_yearly": 5.36,
            "eps_growth_yearly": 270.44
        },
        "20053": {
            "year_quarter": 20053,
            "year": 2005,
            "quarter": 3,
            "eps": 1.8,
            "eps_growth_year": -28.85,
            "eps_4q": 4.2,
            "eps_4q_growth_year": -34.87,
            "roe": 11.24,
            "gross_profit": 183959,
            "gross_margin": 18.75,
            "net_income": 146813,
            "revenue": 980956,
            "common_shares": 816000,
            "equity": 1380734,
            "current_ratio": 291.58,
            "debt_ratio": 29.37,
            "inventory_turnover_ratio": 35.57,
            "account_receivable_turnover_ratio": null,
            "reinvestment_rate": null,
            "research_to_sale_ratio": null,
            "price_fair": 215.6,
            "eps_avg_yearly": 6.16,
            "eps_latest_yearly": 7.2,
            "eps_growth_yearly": 257.13
        },
        "20054": {
            "year_quarter": 20054,
            "year": 2005,
            "quarter": 4,
            "eps": 2.17,
            "eps_growth_year": 130.85,
            "eps_4q": 5.61,
            "eps_4q_growth_year": -2.63,
            "roe": 12.03,
            "gross_profit": 219621,
            "gross_margin": 18.31,
            "net_income": 176758,
            "revenue": 1199641,
            "common_shares": 816000,
            "equity": 1557485,
            "current_ratio": 223.12,
            "debt_ratio": 39.66,
            "inventory_turnover_ratio": 4.92,
            "account_receivable_turnover_ratio": null,
            "reinvestment_rate": null,
            "research_to_sale_ratio": null,
            "price_fair": 223.62,
            "eps_avg_yearly": 6.39,
            "eps_latest_yearly": 8.68,
            "eps_growth_yearly": 241.23
        },
        "20061": {
            "year_quarter": 20061,
            "year": 2006,
            "quarter": 1,
            "eps": 0.39,
            "eps_growth_year": -40.91,
            "eps_4q": 5.47,
            "eps_4q_growth_year": -10.37,
            "roe": 2.01,
            "gross_profit": 133987,
            "gross_margin": 17.96,
            "net_income": 31677,
            "revenue": 745981,
            "common_shares": 816000,
            "equity": 1589355,
            "current_ratio": 395.78,
            "debt_ratio": 19.69,
            "inventory_turnover_ratio": 3.21,
            "account_receivable_turnover_ratio": null,
            "reinvestment_rate": null,
            "research_to_sale_ratio": null,
            "price_fair": 209.53,
            "eps_avg_yearly": 5.99,
            "eps_latest_yearly": 1.56,
            "eps_growth_yearly": 193.78
        },
        "20062": {
            "year_quarter": 20062,
            "year": 2006,
            "quarter": 2,
            "eps": 0.68,
            "eps_growth_year": -49.25,
            "eps_4q": 5.02,
            "eps_4q_growth_year": -8.21,
            "roe": 3.79,
            "gross_profit": 114913,
            "gross_margin": 15.34,
            "net_income": 55652,
            "revenue": 748956,
            "common_shares": 816000,
            "equity": 1349072,
            "current_ratio": 264.02,
            "debt_ratio": 28.36,
            "inventory_turnover_ratio": 105673.83,
            "account_receivable_turnover_ratio": null,
            "reinvestment_rate": null,
            "research_to_sale_ratio": null,
            "price_fair": 200.74,
            "eps_avg_yearly": 5.74,
            "eps_latest_yearly": 2.72,
            "eps_growth_yearly": 201.76
        },
        "20063": {
            "year_quarter": 20063,
            "year": 2006,
            "quarter": 3,
            "eps": 2.33,
            "eps_growth_year": 29.44,
            "eps_4q": 5.22,
            "eps_4q_growth_year": 24.36,
            "roe": 14.61,
            "gross_profit": 190233,
            "gross_margin": 13.02,
            "net_income": 212741,
            "revenue": 1461447,
            "common_shares": 914500,
            "equity": 1562799,
            "current_ratio": 198.77,
            "debt_ratio": 38.74,
            "inventory_turnover_ratio": 12402.09,
            "account_receivable_turnover_ratio": null,
            "reinvestment_rate": null,
            "research_to_sale_ratio": null,
            "price_fair": 209.7,
            "eps_avg_yearly": 5.99,
            "eps_latest_yearly": 9.32,
            "eps_growth_yearly": 256.67
        },
        "20064": {
            "year_quarter": 20064,
            "year": 2006,
            "quarter": 4,
            "eps": 1.26,
            "eps_growth_year": -41.94,
            "eps_4q": 4.55,
            "eps_4q_growth_year": -18.79,
            "roe": 7.09,
            "gross_profit": 167514,
            "gross_margin": 11.07,
            "net_income": 114779,
            "revenue": 1513213,
            "common_shares": 914500,
            "equity": 1677198,
            "current_ratio": 214.68,
            "debt_ratio": 40.32,
            "inventory_turnover_ratio": 5.88,
            "account_receivable_turnover_ratio": null,
            "reinvestment_rate": 15.8,
            "research_to_sale_ratio": null,
            "price_fair": 207.48,
            "eps_avg_yearly": 5.93,
            "eps_latest_yearly": 5.04,
            "eps_growth_yearly": 227.32
        },
        "20071": {
            "year_quarter": 20071,
            "year": 2007,
            "quarter": 1,
            "eps": 0.91,
            "eps_growth_year": 133.33,
            "eps_4q": 5.12,
            "eps_4q_growth_year": -6.42,
            "roe": 4.76,
            "gross_profit": 96363,
            "gross_margin": 10.64,
            "net_income": 82820,
            "revenue": 905322,
            "common_shares": 914500,
            "equity": 1799343,
            "current_ratio": 249.65,
            "debt_ratio": 42.04,
            "inventory_turnover_ratio": 3.53,
            "account_receivable_turnover_ratio": null,
            "reinvestment_rate": 0.45,
            "research_to_sale_ratio": null,
            "price_fair": 202.48,
            "eps_avg_yearly": 5.79,
            "eps_latest_yearly": 3.64,
            "eps_growth_yearly": 206.16
        },
        "20072": {
            "year_quarter": 20072,
            "year": 2007,
            "quarter": 2,
            "eps": 1.41,
            "eps_growth_year": 107.35,
            "eps_4q": 5.89,
            "eps_4q_growth_year": 17.22,
            "roe": 7.26,
            "gross_profit": 123655,
            "gross_margin": 10.48,
            "net_income": 129282,
            "revenue": 1179600,
            "common_shares": 914500,
            "equity": 1761148,
            "current_ratio": 209.51,
            "debt_ratio": 41.63,
            "inventory_turnover_ratio": 4969.15,
            "account_receivable_turnover_ratio": null,
            "reinvestment_rate": 0.74,
            "research_to_sale_ratio": null,
            "price_fair": 206.68,
            "eps_avg_yearly": 5.91,
            "eps_latest_yearly": 5.64,
            "eps_growth_yearly": 224.68
        },
        "20073": {
            "year_quarter": 20073,
            "year": 2007,
            "quarter": 3,
            "eps": 1.86,
            "eps_growth_year": -20.17,
            "eps_4q": 5.05,
            "eps_4q_growth_year": -3.28,
            "roe": 10.07,
            "gross_profit": 153895,
            "gross_margin": 10.43,
            "net_income": 190538,
            "revenue": 1474820,
            "common_shares": 1040950,
            "equity": 2022055,
            "current_ratio": 189.56,
            "debt_ratio": 41.76,
            "inventory_turnover_ratio": 48033.64,
            "account_receivable_turnover_ratio": null,
            "reinvestment_rate": 0.22,
            "research_to_sale_ratio": null,
            "price_fair": 206.24,
            "eps_avg_yearly": 5.89,
            "eps_latest_yearly": 7.44,
            "eps_growth_yearly": 206.32
        },
        "20074": {
            "year_quarter": 20074,
            "year": 2007,
            "quarter": 4,
            "eps": 0.82,
            "eps_growth_year": -34.92,
            "eps_4q": 4.73,
            "eps_4q_growth_year": 3.91,
            "roe": 4.08,
            "gross_profit": 152763,
            "gross_margin": 10.39,
            "net_income": 84399,
            "revenue": 1469632,
            "common_shares": 1054933,
            "equity": 2118447,
            "current_ratio": 265.35,
            "debt_ratio": 36.74,
            "inventory_turnover_ratio": 5.16,
            "account_receivable_turnover_ratio": null,
            "reinvestment_rate": 17.18,
            "research_to_sale_ratio": null,
            "price_fair": 193.81,
            "eps_avg_yearly": 5.54,
            "eps_latest_yearly": 3.28,
            "eps_growth_yearly": 188.02
        },
        "20081": {
            "year_quarter": 20081,
            "year": 2008,
            "quarter": 1,
            "eps": 0.29,
            "eps_growth_year": -68.13,
            "eps_4q": 4.1,
            "eps_4q_growth_year": -19.91,
            "roe": 1.46,
            "gross_profit": 188369,
            "gross_margin": 20.12,
            "net_income": 30762,
            "revenue": 936007,
            "common_shares": 1056179,
            "equity": 2100072,
            "current_ratio": 243.74,
            "debt_ratio": 34.49,
            "inventory_turnover_ratio": 1.26,
            "account_receivable_turnover_ratio": null,
            "reinvestment_rate": 20.56,
            "research_to_sale_ratio": null,
            "price_fair": 192.94,
            "eps_avg_yearly": 5.51,
            "eps_latest_yearly": 1.16,
            "eps_growth_yearly": 192.51
        },
        "20082": {
            "year_quarter": 20082,
            "year": 2008,
            "quarter": 2,
            "eps": 0.01,
            "eps_growth_year": -99.29,
            "eps_4q": 2.9,
            "eps_4q_growth_year": -50.65,
            "roe": 0.06,
            "gross_profit": 54080,
            "gross_margin": 5.15,
            "net_income": 1069,
            "revenue": 1049131,
            "common_shares": 1056179,
            "equity": 1721336,
            "current_ratio": 179.1,
            "debt_ratio": 46.22,
            "inventory_turnover_ratio": 1.45,
            "account_receivable_turnover_ratio": null,
            "reinvestment_rate": 23.75,
            "research_to_sale_ratio": null,
            "price_fair": 159.36,
            "eps_avg_yearly": 4.85,
            "eps_latest_yearly": 0.04,
            "eps_growth_yearly": 22.86
        },
        "20083": {
            "year_quarter": 20083,
            "year": 2008,
            "quarter": 3,
            "eps": 1.15,
            "eps_growth_year": -38.17,
            "eps_4q": 2.19,
            "eps_4q_growth_year": -56.62,
            "roe": 7.09,
            "gross_profit": 231291,
            "gross_margin": 15.44,
            "net_income": 128399,
            "revenue": 1498339,
            "common_shares": 1120988,
            "equity": 1900364,
            "current_ratio": 174.15,
            "debt_ratio": 48.66,
            "inventory_turnover_ratio": 1.74,
            "account_receivable_turnover_ratio": null,
            "reinvestment_rate": 26.35,
            "research_to_sale_ratio": null,
            "price_fair": 157.68,
            "eps_avg_yearly": 4.51,
            "eps_latest_yearly": 4.6,
            "eps_growth_yearly": 2874.08
        },
        "20084": {
            "year_quarter": 20084,
            "year": 2008,
            "quarter": 4,
            "eps": 0.32,
            "eps_growth_year": -60.98,
            "eps_4q": 1.75,
            "eps_4q_growth_year": -62.96,
            "roe": 1.87,
            "gross_profit": 148615,
            "gross_margin": 13.22,
            "net_income": 35785,
            "revenue": 1123876,
            "common_shares": 1120988,
            "equity": 1928561,
            "current_ratio": 248.98,
            "debt_ratio": 32.98,
            "inventory_turnover_ratio": 1.43,
            "account_receivable_turnover_ratio": 2.54,
            "reinvestment_rate": 19.67,
            "research_to_sale_ratio": null,
            "price_fair": 152.25,
            "eps_avg_yearly": 4.35,
            "eps_latest_yearly": 1.28,
            "eps_growth_yearly": 2871.75
        },
        "20091": {
            "year_quarter": 20091,
            "year": 2009,
            "quarter": 1,
            "eps": 0.28,
            "eps_growth_year": -3.45,
            "eps_4q": 1.78,
            "eps_4q_growth_year": -56.57,
            "roe": 1.57,
            "gross_profit": 95313,
            "gross_margin": 14.63,
            "net_income": 30829,
            "revenue": 651654,
            "common_shares": 1120988,
            "equity": 1986778,
            "current_ratio": 370.45,
            "debt_ratio": 25.26,
            "inventory_turnover_ratio": 0.93,
            "account_receivable_turnover_ratio": 0.9,
            "reinvestment_rate": 27.27,
            "research_to_sale_ratio": null,
            "price_fair": 148.93,
            "eps_avg_yearly": 4.26,
            "eps_latest_yearly": 1.12,
            "eps_growth_yearly": 2876.07
        },
        "20092": {
            "year_quarter": 20092,
            "year": 2009,
            "quarter": 2,
            "eps": 0.64,
            "eps_growth_year": 6300,
            "eps_4q": 2.42,
            "eps_4q_growth_year": -16.84,
            "roe": 3.6,
            "gross_profit": 187240,
            "gross_margin": 19.68,
            "net_income": 70295,
            "revenue": 951291,
            "common_shares": 1120988,
            "equity": 1917027,
            "current_ratio": 259.69,
            "debt_ratio": 34.31,
            "inventory_turnover_ratio": 1.3,
            "account_receivable_turnover_ratio": 1.4,
            "reinvestment_rate": 26.63,
            "research_to_sale_ratio": null,
            "price_fair": 142.8,
            "eps_avg_yearly": 4.08,
            "eps_latest_yearly": 2.56,
            "eps_growth_yearly": 2882.45
        },
        "20093": {
            "year_quarter": 20093,
            "year": 2009,
            "quarter": 3,
            "eps": 1.08,
            "eps_growth_year": -6.09,
            "eps_4q": 2.32,
            "eps_4q_growth_year": 5.9,
            "roe": 6.06,
            "gross_profit": 245266,
            "gross_margin": 22.82,
            "net_income": 119210,
            "revenue": 1074686,
            "common_shares": 1120988,
            "equity": 2016078,
            "current_ratio": 299.6,
            "debt_ratio": 30.04,
            "inventory_turnover_ratio": 1.46,
            "account_receivable_turnover_ratio": 1.34,
            "reinvestment_rate": 27.01,
            "research_to_sale_ratio": null,
            "price_fair": 136.5,
            "eps_avg_yearly": 3.9,
            "eps_latest_yearly": 4.32,
            "eps_growth_yearly": 2891.06
        },
        "20094": {
            "year_quarter": 20094,
            "year": 2009,
            "quarter": 4,
            "eps": 0.91,
            "eps_growth_year": 184.38,
            "eps_4q": 2.91,
            "eps_4q_growth_year": 65.94,
            "roe": 4.85,
            "gross_profit": 227955,
            "gross_margin": 24.01,
            "net_income": 100319,
            "revenue": 949315,
            "common_shares": 1120988,
            "equity": 2120052,
            "current_ratio": 328.06,
            "debt_ratio": 27.66,
            "inventory_turnover_ratio": 1.36,
            "account_receivable_turnover_ratio": 2.42,
            "reinvestment_rate": 110.45,
            "research_to_sale_ratio": null,
            "price_fair": 125.48,
            "eps_avg_yearly": 3.59,
            "eps_latest_yearly": 3.64,
            "eps_growth_yearly": 2881.99
        },
        "20101": {
            "year_quarter": 20101,
            "year": 2010,
            "quarter": 1,
            "eps": 0.55,
            "eps_growth_year": 96.43,
            "eps_4q": 3.17,
            "eps_4q_growth_year": 78.25,
            "roe": 2.8,
            "gross_profit": 156733,
            "gross_margin": 19.08,
            "net_income": 60134,
            "revenue": 821318,
            "common_shares": 1120988,
            "equity": 2171162,
            "current_ratio": 343.15,
            "debt_ratio": 26.57,
            "inventory_turnover_ratio": 1.24,
            "account_receivable_turnover_ratio": 1.19,
            "reinvestment_rate": 122.5,
            "research_to_sale_ratio": 5.3,
            "price_fair": 126.88,
            "eps_avg_yearly": 3.63,
            "eps_latest_yearly": 2.2,
            "eps_growth_yearly": 2892.6
        },
        "20102": {
            "year_quarter": 20102,
            "year": 2010,
            "quarter": 2,
            "eps": 0.57,
            "eps_growth_year": -10.84,
            "eps_4q": 3.11,
            "eps_4q_growth_year": 28.65,
            "roe": 3,
            "gross_profit": 191989,
            "gross_margin": 17.62,
            "net_income": 62911,
            "revenue": 1089301,
            "common_shares": 1120988,
            "equity": 2017361,
            "current_ratio": 216.42,
            "debt_ratio": 38.29,
            "inventory_turnover_ratio": 1.54,
            "account_receivable_turnover_ratio": 1.49,
            "reinvestment_rate": 125.59,
            "research_to_sale_ratio": 4.29,
            "price_fair": 125.91,
            "eps_avg_yearly": 3.6,
            "eps_latest_yearly": 2.28,
            "eps_growth_yearly": 2874.92
        },
        "20103": {
            "year_quarter": 20103,
            "year": 2010,
            "quarter": 3,
            "eps": 0.54,
            "eps_growth_year": -49.85,
            "eps_4q": 2.56,
            "eps_4q_growth_year": 10.3,
            "roe": 2.94,
            "gross_profit": 193385,
            "gross_margin": 16.59,
            "net_income": 59949,
            "revenue": 1165578,
            "common_shares": 1120988,
            "equity": 2061603,
            "current_ratio": 281.84,
            "debt_ratio": 31.67,
            "inventory_turnover_ratio": 1.64,
            "account_receivable_turnover_ratio": 1.4,
            "reinvestment_rate": 139.74,
            "research_to_sale_ratio": 3.57,
            "price_fair": 110.25,
            "eps_avg_yearly": 3.15,
            "eps_latest_yearly": 2.16,
            "eps_growth_yearly": 2812.94
        },
        "20104": {
            "year_quarter": 20104,
            "year": 2010,
            "quarter": 4,
            "eps": -0.19,
            "eps_growth_year": -121.22,
            "eps_4q": 1.45,
            "eps_4q_growth_year": -50.03,
            "roe": -1.07,
            "gross_profit": 165180,
            "gross_margin": 20.73,
            "net_income": -21466,
            "revenue": 797002,
            "common_shares": 1120988,
            "equity": 1965908,
            "current_ratio": 269.81,
            "debt_ratio": 33.24,
            "inventory_turnover_ratio": 1.16,
            "account_receivable_turnover_ratio": 1.14,
            "reinvestment_rate": 126.38,
            "research_to_sale_ratio": 5.1,
            "price_fair": 105.84,
            "eps_avg_yearly": 3.02,
            "eps_latest_yearly": 2.16,
            "eps_growth_yearly": 3012.72
        },
        "20111": {
            "year_quarter": 20111,
            "year": 2011,
            "quarter": 1,
            "eps": -0.24,
            "eps_growth_year": -143.64,
            "eps_4q": 0.67,
            "eps_4q_growth_year": -78.87,
            "roe": -1.37,
            "gross_profit": 43682,
            "gross_margin": 7.72,
            "net_income": -26848,
            "revenue": 565521,
            "common_shares": 1120988,
            "equity": 1959092,
            "current_ratio": 211.63,
            "debt_ratio": 39.39,
            "inventory_turnover_ratio": 0.97,
            "account_receivable_turnover_ratio": 1.09,
            "reinvestment_rate": 159.12,
            "research_to_sale_ratio": 5.93,
            "price_fair": 104.3,
            "eps_avg_yearly": 2.98,
            "eps_latest_yearly": 2.16,
            "eps_growth_yearly": 3235.85
        },
        "20112": {
            "year_quarter": 20112,
            "year": 2011,
            "quarter": 2,
            "eps": -0.32,
            "eps_growth_year": -156.03,
            "eps_4q": -0.22,
            "eps_4q_growth_year": -106.92,
            "roe": -1.89,
            "gross_profit": 88750,
            "gross_margin": 11.05,
            "net_income": -35545,
            "revenue": 803462,
            "common_shares": 1121076,
            "equity": 1795524,
            "current_ratio": 197.5,
            "debt_ratio": 41.54,
            "inventory_turnover_ratio": 1.39,
            "account_receivable_turnover_ratio": 1.5,
            "reinvestment_rate": 178.52,
            "research_to_sale_ratio": 4.8,
            "price_fair": 97.14,
            "eps_avg_yearly": 2.78,
            "eps_latest_yearly": 2.16,
            "eps_growth_yearly": 3467.86
        },
        "20113": {
            "year_quarter": 20113,
            "year": 2011,
            "quarter": 3,
            "eps": -0.82,
            "eps_growth_year": -252.05,
            "eps_4q": -1.58,
            "eps_4q_growth_year": -161.63,
            "roe": -5.12,
            "gross_profit": 1010,
            "gross_margin": 0.12,
            "net_income": -91614,
            "revenue": 810377,
            "common_shares": 1121164,
            "equity": 1785547,
            "current_ratio": 190.18,
            "debt_ratio": 42.97,
            "inventory_turnover_ratio": 1.67,
            "account_receivable_turnover_ratio": 1.2,
            "reinvestment_rate": 273.33,
            "research_to_sale_ratio": 5.05,
            "price_fair": 83.53,
            "eps_avg_yearly": 2.39,
            "eps_latest_yearly": 2.16,
            "eps_growth_yearly": 3746.21
        },
        "20114": {
            "year_quarter": 20114,
            "year": 2011,
            "quarter": 4,
            "eps": 0.19,
            "eps_growth_year": null,
            "eps_4q": -1.19,
            "eps_4q_growth_year": -181.64,
            "roe": 1.19,
            "gross_profit": 162855,
            "gross_margin": 14.93,
            "net_income": 21406,
            "revenue": 1090795,
            "common_shares": 1121164,
            "equity": 1822655,
            "current_ratio": 244.48,
            "debt_ratio": 32.89,
            "inventory_turnover_ratio": 1.87,
            "account_receivable_turnover_ratio": 1.35,
            "reinvestment_rate": 268.68,
            "research_to_sale_ratio": 3.45,
            "price_fair": 80.69,
            "eps_avg_yearly": 2.31,
            "eps_latest_yearly": 2.16,
            "eps_growth_yearly": 4107.1
        },
        "20121": {
            "year_quarter": 20121,
            "year": 2012,
            "quarter": 1,
            "eps": 0.53,
            "eps_growth_year": null,
            "eps_4q": -0.42,
            "eps_4q_growth_year": -161.92,
            "roe": 3.24,
            "gross_profit": 160601,
            "gross_margin": 17.84,
            "net_income": 59341,
            "revenue": 900339,
            "common_shares": 1121164,
            "equity": 1846019,
            "current_ratio": 207.88,
            "debt_ratio": 40.08,
            "inventory_turnover_ratio": 1.52,
            "account_receivable_turnover_ratio": 1.12,
            "reinvestment_rate": 273.32,
            "research_to_sale_ratio": 3.65,
            "price_fair": 83.75,
            "eps_avg_yearly": 2.39,
            "eps_latest_yearly": 2.12,
            "eps_growth_yearly": 4195.68
        },
        "20122": {
            "year_quarter": 20122,
            "year": 2012,
            "quarter": 2,
            "eps": 0.17,
            "eps_growth_year": null,
            "eps_4q": 0.07,
            "eps_4q_growth_year": null,
            "roe": 1.03,
            "gross_profit": 130077,
            "gross_margin": 13.62,
            "net_income": 19100,
            "revenue": 955178,
            "common_shares": 1121164,
            "equity": 1874024,
            "current_ratio": 277.25,
            "debt_ratio": 29.24,
            "inventory_turnover_ratio": 1.78,
            "account_receivable_turnover_ratio": 1.33,
            "reinvestment_rate": 261.18,
            "research_to_sale_ratio": 4.07,
            "price_fair": 85.78,
            "eps_avg_yearly": 2.45,
            "eps_latest_yearly": 0.68,
            "eps_growth_yearly": 4206.09
        },
        "20123": {
            "year_quarter": 20123,
            "year": 2012,
            "quarter": 3,
            "eps": 0.32,
            "eps_growth_year": null,
            "eps_4q": 1.21,
            "eps_4q_growth_year": null,
            "roe": 1.9,
            "gross_profit": 140354,
            "gross_margin": 16.37,
            "net_income": 35798,
            "revenue": 857547,
            "common_shares": 1121164,
            "equity": 1891161,
            "current_ratio": 283.34,
            "debt_ratio": 29.13,
            "inventory_turnover_ratio": 1.63,
            "account_receivable_turnover_ratio": 1.3,
            "reinvestment_rate": 294.89,
            "research_to_sale_ratio": 4.45,
            "price_fair": 75.22,
            "eps_avg_yearly": 2.15,
            "eps_latest_yearly": 1.28,
            "eps_growth_yearly": 92.72
        },
        "20124": {
            "year_quarter": 20124,
            "year": 2012,
            "quarter": 4,
            "eps": 0,
            "eps_growth_year": -99.75,
            "eps_4q": 1.02,
            "eps_4q_growth_year": null,
            "roe": 0,
            "gross_profit": 95051,
            "gross_margin": 12.98,
            "net_income": 53,
            "revenue": 732282,
            "common_shares": 1121164,
            "equity": 1885462,
            "current_ratio": 346.57,
            "debt_ratio": 24.16,
            "inventory_turnover_ratio": 1.63,
            "account_receivable_turnover_ratio": 1.24,
            "reinvestment_rate": 296.68,
            "research_to_sale_ratio": 5.27,
            "price_fair": 78.26,
            "eps_avg_yearly": 2.24,
            "eps_latest_yearly": 1.28,
            "eps_growth_yearly": 130.86
        },
        "20131": {
            "year_quarter": 20131,
            "year": 2013,
            "quarter": 1,
            "eps": -0.28,
            "eps_growth_year": -152.83,
            "eps_4q": 0.21,
            "eps_4q_growth_year": null,
            "roe": -1.66,
            "gross_profit": 49670,
            "gross_margin": 9.66,
            "net_income": -31409,
            "revenue": 514182,
            "common_shares": 1121164,
            "equity": 1898034,
            "current_ratio": 402.8,
            "debt_ratio": 21.18,
            "inventory_turnover_ratio": 1.29,
            "account_receivable_turnover_ratio": 1.03,
            "reinvestment_rate": -32.42,
            "research_to_sale_ratio": 7.85,
            "price_fair": 82.6,
            "eps_avg_yearly": 2.36,
            "eps_latest_yearly": 1.28,
            "eps_growth_yearly": 150.96
        },
        "20132": {
            "year_quarter": 20132,
            "year": 2013,
            "quarter": 2,
            "eps": -0.16,
            "eps_growth_year": -193.62,
            "eps_4q": -0.12,
            "eps_4q_growth_year": -268.16,
            "roe": -0.99,
            "gross_profit": 86860,
            "gross_margin": 12.26,
            "net_income": -18176,
            "revenue": 708348,
            "common_shares": 1121164,
            "equity": 1789634,
            "current_ratio": 301.54,
            "debt_ratio": 28.2,
            "inventory_turnover_ratio": 1.77,
            "account_receivable_turnover_ratio": 1.55,
            "reinvestment_rate": -41.49,
            "research_to_sale_ratio": 6,
            "price_fair": 81.73,
            "eps_avg_yearly": 2.34,
            "eps_latest_yearly": 1.28,
            "eps_growth_yearly": 105.54
        },
        "20133": {
            "year_quarter": 20133,
            "year": 2013,
            "quarter": 3,
            "eps": -0.07,
            "eps_growth_year": -121.85,
            "eps_4q": -0.52,
            "eps_4q_growth_year": -142.73,
            "roe": -0.45,
            "gross_profit": 95787,
            "gross_margin": 14.48,
            "net_income": -7972,
            "revenue": 661364,
            "common_shares": 1121164,
            "equity": 1765779,
            "current_ratio": 343.43,
            "debt_ratio": 25.11,
            "inventory_turnover_ratio": 1.73,
            "account_receivable_turnover_ratio": 1.3,
            "reinvestment_rate": -81.55,
            "research_to_sale_ratio": 6.19,
            "price_fair": 71.8,
            "eps_avg_yearly": 2.05,
            "eps_latest_yearly": 1.28,
            "eps_growth_yearly": 81.33
        },
        "20134": {
            "year_quarter": 20134,
            "year": 2013,
            "quarter": 4,
            "eps": -0.06,
            "eps_growth_year": -12828.9,
            "eps_4q": -0.58,
            "eps_4q_growth_year": -156.66,
            "roe": -0.38,
            "gross_profit": 94474,
            "gross_margin": 14.13,
            "net_income": -6689,
            "revenue": 668694,
            "common_shares": 1121164,
            "equity": 1781864,
            "current_ratio": 302.92,
            "debt_ratio": 28.06,
            "inventory_turnover_ratio": 1.71,
            "account_receivable_turnover_ratio": 1.33,
            "reinvestment_rate": -1818.41,
            "research_to_sale_ratio": 6.58,
            "price_fair": 62.53,
            "eps_avg_yearly": 1.79,
            "eps_latest_yearly": 1.28,
            "eps_growth_yearly": 105.38
        },
        "20141": {
            "year_quarter": 20141,
            "year": 2014,
            "quarter": 1,
            "eps": -0.28,
            "eps_growth_year": null,
            "eps_4q": -0.58,
            "eps_4q_growth_year": -371.13,
            "roe": -1.75,
            "gross_profit": 50789,
            "gross_margin": 9.37,
            "net_income": -30992,
            "revenue": 541918,
            "common_shares": 1121164,
            "equity": 1758159,
            "current_ratio": 330.85,
            "debt_ratio": 25.73,
            "inventory_turnover_ratio": 1.42,
            "account_receivable_turnover_ratio": 1.15,
            "reinvestment_rate": null,
            "research_to_sale_ratio": 7.83,
            "price_fair": 59.64,
            "eps_avg_yearly": 1.7,
            "eps_latest_yearly": 1.28,
            "eps_growth_yearly": 158.11
        },
        "20142": {
            "year_quarter": 20142,
            "year": 2014,
            "quarter": 2,
            "eps": 0.01,
            "eps_growth_year": null,
            "eps_4q": -0.4,
            "eps_4q_growth_year": null,
            "roe": 0.08,
            "gross_profit": 117875,
            "gross_margin": 17.78,
            "net_income": 1349,
            "revenue": 663068,
            "common_shares": 1121164,
            "equity": 1733236,
            "current_ratio": 313.23,
            "debt_ratio": 27.13,
            "inventory_turnover_ratio": 1.71,
            "account_receivable_turnover_ratio": 1.52,
            "reinvestment_rate": null,
            "research_to_sale_ratio": 6.86,
            "price_fair": 54.6,
            "eps_avg_yearly": 1.56,
            "eps_latest_yearly": 1.28,
            "eps_growth_yearly": 193.99
        },
        "20143": {
            "year_quarter": 20143,
            "year": 2014,
            "quarter": 3,
            "eps": 0.29,
            "eps_growth_year": null,
            "eps_4q": -0.04,
            "eps_4q_growth_year": null,
            "roe": 1.81,
            "gross_profit": 136595,
            "gross_margin": 16.37,
            "net_income": 32016,
            "revenue": 834660,
            "common_shares": 1121164,
            "equity": 1804597,
            "current_ratio": 281.34,
            "debt_ratio": 30.47,
            "inventory_turnover_ratio": 2.3,
            "account_receivable_turnover_ratio": 1.56,
            "reinvestment_rate": null,
            "research_to_sale_ratio": 5.34,
            "price_fair": 45.85,
            "eps_avg_yearly": 1.31,
            "eps_latest_yearly": 1.16,
            "eps_growth_yearly": 2999.26
        },
        "20144": {
            "year_quarter": 20144,
            "year": 2014,
            "quarter": 4,
            "eps": 0.35,
            "eps_growth_year": null,
            "eps_4q": 0.37,
            "eps_4q_growth_year": null,
            "roe": 2.11,
            "gross_profit": 168640,
            "gross_margin": 18.55,
            "net_income": 38976,
            "revenue": 908951,
            "common_shares": 1121164,
            "equity": 1894293,
            "current_ratio": 274.01,
            "debt_ratio": 31.76,
            "inventory_turnover_ratio": 2.17,
            "account_receivable_turnover_ratio": 1.25,
            "reinvestment_rate": null,
            "research_to_sale_ratio": 5.21,
            "price_fair": 46.48,
            "eps_avg_yearly": 1.33,
            "eps_latest_yearly": 1.4,
            "eps_growth_yearly": 2415.96
        },
        "20151": {
            "year_quarter": 20151,
            "year": 2015,
            "quarter": 1,
            "eps": -0.29,
            "eps_growth_year": null,
            "eps_4q": 0.36,
            "eps_4q_growth_year": null,
            "roe": -1.71,
            "gross_profit": 77155,
            "gross_margin": 14.65,
            "net_income": -31950,
            "revenue": 526759,
            "common_shares": 1121164,
            "equity": 1847872,
            "current_ratio": 323.53,
            "debt_ratio": 26.63,
            "inventory_turnover_ratio": 1.23,
            "account_receivable_turnover_ratio": 0.82,
            "reinvestment_rate": null,
            "research_to_sale_ratio": 7,
            "price_fair": 46.48,
            "eps_avg_yearly": 1.33,
            "eps_latest_yearly": 1.4,
            "eps_growth_yearly": 2415.96
        },
        "20152": {
            "year_quarter": 20152,
            "year": 2015,
            "quarter": 2,
            "eps": -0.25,
            "eps_growth_year": -2600,
            "eps_4q": 0.1,
            "eps_4q_growth_year": null,
            "roe": -1.54,
            "gross_profit": 83387,
            "gross_margin": 13.71,
            "net_income": -27755,
            "revenue": 608426,
            "common_shares": 1121164,
            "equity": 1766597,
            "current_ratio": 311.49,
            "debt_ratio": 27.78,
            "inventory_turnover_ratio": 1.55,
            "account_receivable_turnover_ratio": 1.3,
            "reinvestment_rate": null,
            "research_to_sale_ratio": 6.65,
            "price_fair": 46.48,
            "eps_avg_yearly": 1.33,
            "eps_latest_yearly": 1.4,
            "eps_growth_yearly": 2415.96
        },
        "20153": {
            "year_quarter": 20153,
            "year": 2015,
            "quarter": 3,
            "eps": 0.37,
            "eps_growth_year": 27.59,
            "eps_4q": 0.19,
            "eps_4q_growth_year": null,
            "roe": 2.27,
            "gross_profit": 133343,
            "gross_margin": 17.27,
            "net_income": 40841,
            "revenue": 772108,
            "common_shares": 1121164,
            "equity": 1830277,
            "current_ratio": 286.02,
            "debt_ratio": 30.46,
            "inventory_turnover_ratio": 1.85,
            "account_receivable_turnover_ratio": 1.31,
            "reinvestment_rate": -1511.25,
            "research_to_sale_ratio": 5.46,
            "price_fair": 46.48,
            "eps_avg_yearly": 1.33,
            "eps_latest_yearly": 1.4,
            "eps_growth_yearly": 2415.96
        },
        "20154": {
            "year_quarter": 20154,
            "year": 2015,
            "quarter": 4,
            "eps": 0.26,
            "eps_growth_year": -25.58,
            "eps_4q": 0.09,
            "eps_4q_growth_year": -76.74,
            "roe": 1.54,
            "gross_profit": 159974,
            "gross_margin": 20.26,
            "net_income": 28223,
            "revenue": 789580,
            "common_shares": 1091164,
            "equity": 1823864,
            "current_ratio": 300.79,
            "debt_ratio": 29.31,
            "inventory_turnover_ratio": 1.81,
            "account_receivable_turnover_ratio": 1.1,
            "reinvestment_rate": -1588.26,
            "research_to_sale_ratio": 5.57,
            "price_fair": 44.8,
            "eps_avg_yearly": 1.28,
            "eps_latest_yearly": 1.04,
            "eps_growth_yearly": 1993.48
        },
        "20161": {
            "year_quarter": 20161,
            "year": 2016,
            "quarter": 1,
            "eps": -0.25,
            "eps_growth_year": null,
            "eps_4q": 0.13,
            "eps_4q_growth_year": -64.6,
            "roe": -1.52,
            "gross_profit": 95824,
            "gross_margin": 17.92,
            "net_income": -27397,
            "revenue": 534825,
            "common_shares": 1082244,
            "equity": 1782801,
            "current_ratio": 325,
            "debt_ratio": 27.21,
            "inventory_turnover_ratio": 1.27,
            "account_receivable_turnover_ratio": 0.88,
            "reinvestment_rate": -12321.96,
            "research_to_sale_ratio": 7.7,
            "price_fair": 38.92,
            "eps_avg_yearly": 1.11,
            "eps_latest_yearly": 1.04,
            "eps_growth_yearly": 2249.02
        },
        "20162": {
            "year_quarter": 20162,
            "year": 2016,
            "quarter": 2,
            "eps": 0.35,
            "eps_growth_year": null,
            "eps_4q": 0.74,
            "eps_4q_growth_year": 628.92,
            "roe": 2.15,
            "gross_profit": 128950,
            "gross_margin": 17.95,
            "net_income": 38387,
            "revenue": 718326,
            "common_shares": 1082244,
            "equity": 1786610,
            "current_ratio": 307.18,
            "debt_ratio": 28.92,
            "inventory_turnover_ratio": 1.68,
            "account_receivable_turnover_ratio": 1.22,
            "reinvestment_rate": -5225.15,
            "research_to_sale_ratio": 5.19,
            "price_fair": 42.7,
            "eps_avg_yearly": 1.22,
            "eps_latest_yearly": 1.04,
            "eps_growth_yearly": 2879.2
        },
        "20163": {
            "year_quarter": 20163,
            "year": 2016,
            "quarter": 3,
            "eps": 0.29,
            "eps_growth_year": -21.62,
            "eps_4q": 0.67,
            "eps_4q_growth_year": 263.15,
            "roe": 1.74,
            "gross_profit": 149291,
            "gross_margin": 18.71,
            "net_income": 30291,
            "revenue": 798111,
            "common_shares": 1082244,
            "equity": 1704294,
            "current_ratio": 285.24,
            "debt_ratio": 31.34,
            "inventory_turnover_ratio": 1.99,
            "account_receivable_turnover_ratio": 1.12,
            "reinvestment_rate": -6224.33,
            "research_to_sale_ratio": 4.8,
            "price_fair": 41.65,
            "eps_avg_yearly": 1.19,
            "eps_latest_yearly": 1.16,
            "eps_growth_yearly": 2773.82
        },
        "20164": {
            "year_quarter": 20164,
            "year": 2016,
            "quarter": 4,
            "eps": 0.86,
            "eps_growth_year": 229.22,
            "eps_4q": 1.26,
            "eps_4q_growth_year": 1355.23,
            "roe": 5.07,
            "gross_profit": 175398,
            "gross_margin": 20.81,
            "net_income": 88622,
            "revenue": 842713,
            "common_shares": 1032244,
            "equity": 1792238,
            "current_ratio": 286.93,
            "debt_ratio": 31.47,
            "inventory_turnover_ratio": 2.03,
            "account_receivable_turnover_ratio": 1.13,
            "reinvestment_rate": -1408.76,
            "research_to_sale_ratio": 4.91,
            "price_fair": 57.4,
            "eps_avg_yearly": 1.64,
            "eps_latest_yearly": 3.44,
            "eps_growth_yearly": 2376.3
        },
        "20171": {
            "year_quarter": 20171,
            "year": 2017,
            "quarter": 1,
            "eps": -0.22,
            "eps_growth_year": null,
            "eps_4q": 1.31,
            "eps_4q_growth_year": 921.54,
            "roe": -1.28,
            "gross_profit": 102589,
            "gross_margin": 16.97,
            "net_income": -21755,
            "revenue": 604398,
            "common_shares": 1032244,
            "equity": 1607096,
            "current_ratio": 307.85,
            "debt_ratio": 29.09,
            "inventory_turnover_ratio": 1.57,
            "account_receivable_turnover_ratio": 0.9,
            "reinvestment_rate": -131.88,
            "research_to_sale_ratio": 5.63,
            "price_fair": 57.4,
            "eps_avg_yearly": 1.64,
            "eps_latest_yearly": 3.44,
            "eps_growth_yearly": 2376.3
        },
        "20172": {
            "year_quarter": 20172,
            "year": 2017,
            "quarter": 2,
            "eps": -0.01,
            "eps_growth_year": -102.86,
            "eps_4q": 0.98,
            "eps_4q_growth_year": 32.49,
            "roe": -0.06,
            "gross_profit": 101169,
            "gross_margin": 15.7,
            "net_income": -893,
            "revenue": 644228,
            "common_shares": 982244,
            "equity": 1505316,
            "current_ratio": 244.25,
            "debt_ratio": 35.71,
            "inventory_turnover_ratio": 1.83,
            "account_receivable_turnover_ratio": 1.14,
            "reinvestment_rate": -71.72,
            "research_to_sale_ratio": 5.93,
            "price_fair": 57.4,
            "eps_avg_yearly": 1.64,
            "eps_latest_yearly": 3.44,
            "eps_growth_yearly": 2376.3
        },
        "20173": {
            "year_quarter": 20173,
            "year": 2017,
            "quarter": 3,
            "eps": 0.14,
            "eps_growth_year": -51.72,
            "eps_4q": 0.81,
            "eps_4q_growth_year": 20.61,
            "roe": 0.91,
            "gross_profit": 127262,
            "gross_margin": 15.68,
            "net_income": 13796,
            "revenue": 811782,
            "common_shares": 982244,
            "equity": 1529180,
            "current_ratio": 248.62,
            "debt_ratio": 35.21,
            "inventory_turnover_ratio": 2.26,
            "account_receivable_turnover_ratio": 1.32,
            "reinvestment_rate": -40.97,
            "research_to_sale_ratio": 4.72,
            "price_fair": 57.4,
            "eps_avg_yearly": 1.64,
            "eps_latest_yearly": 3.44,
            "eps_growth_yearly": 2376.3
        },
        "20174": {
            "year_quarter": 20174,
            "year": 2017,
            "quarter": 4,
            "eps": 0.11,
            "eps_growth_year": -86.7,
            "eps_4q": 0.02,
            "eps_4q_growth_year": -98.09,
            "roe": 0.73,
            "gross_profit": 137419,
            "gross_margin": 17.22,
            "net_income": 11217,
            "revenue": 798221,
            "common_shares": 982244,
            "equity": 1539492,
            "current_ratio": 273.22,
            "debt_ratio": 32.15,
            "inventory_turnover_ratio": 2.31,
            "account_receivable_turnover_ratio": 1.07,
            "reinvestment_rate": -63.92,
            "research_to_sale_ratio": 4.48,
            "price_fair": 50.4,
            "eps_avg_yearly": 1.44,
            "eps_latest_yearly": 0.44,
            "eps_growth_yearly": 1965.96
        },
        "20181": {
            "year_quarter": 20181,
            "year": 2018,
            "quarter": 1,
            "eps": -0.58,
            "eps_growth_year": null,
            "eps_4q": -0.33,
            "eps_4q_growth_year": -125.47,
            "roe": -3.78,
            "gross_profit": 38338,
            "gross_margin": 8.34,
            "net_income": -56970,
            "revenue": 459512,
            "common_shares": 982244,
            "equity": 1477087,
            "current_ratio": 293.33,
            "debt_ratio": 30.42,
            "inventory_turnover_ratio": 1.35,
            "account_receivable_turnover_ratio": 0.69,
            "reinvestment_rate": -96.46,
            "research_to_sale_ratio": 7.09,
            "price_fair": 50.4,
            "eps_avg_yearly": 1.44,
            "eps_latest_yearly": 0.44,
            "eps_growth_yearly": 1965.96
        },
        "20182": {
            "year_quarter": 20182,
            "year": 2018,
            "quarter": 2,
            "eps": 0.12,
            "eps_growth_year": null,
            "eps_4q": -0.21,
            "eps_4q_growth_year": -120.92,
            "roe": 0.8,
            "gross_profit": 105920,
            "gross_margin": 12.29,
            "net_income": 11819,
            "revenue": 862054,
            "common_shares": 982244,
            "equity": 1491923,
            "current_ratio": 256.04,
            "debt_ratio": 35.11,
            "inventory_turnover_ratio": 2.15,
            "account_receivable_turnover_ratio": 1.41,
            "reinvestment_rate": -84.12,
            "research_to_sale_ratio": 4.83,
            "price_fair": 50.4,
            "eps_avg_yearly": 1.44,
            "eps_latest_yearly": 0.44,
            "eps_growth_yearly": 1965.96
        },
        "20183": {
            "year_quarter": 20183,
            "year": 2018,
            "quarter": 3,
            "eps": 0.76,
            "eps_growth_year": 442.86,
            "eps_4q": 0.41,
            "eps_4q_growth_year": -49.05,
            "roe": 4.93,
            "gross_profit": 155405,
            "gross_margin": 17.28,
            "net_income": 74574,
            "revenue": 899195,
            "common_shares": 982244,
            "equity": 1532581,
            "current_ratio": 264.85,
            "debt_ratio": 34.08,
            "inventory_turnover_ratio": 2.21,
            "account_receivable_turnover_ratio": 1.18,
            "reinvestment_rate": -57.9,
            "research_to_sale_ratio": 3.91,
            "price_fair": 61.37,
            "eps_avg_yearly": 1.75,
            "eps_latest_yearly": 3.04,
            "eps_growth_yearly": 454.85
        },
        "20184": {
            "year_quarter": 20184,
            "year": 2018,
            "quarter": 4,
            "eps": 0.71,
            "eps_growth_year": 521.71,
            "eps_4q": 1.01,
            "eps_4q_growth_year": 4092.73,
            "roe": 4.44,
            "gross_profit": 175356,
            "gross_margin": 19.06,
            "net_income": 69737,
            "revenue": 919979,
            "common_shares": 982244,
            "equity": 1610708,
            "current_ratio": 263.69,
            "debt_ratio": 34.22,
            "inventory_turnover_ratio": 2.18,
            "account_receivable_turnover_ratio": 1.13,
            "reinvestment_rate": -64.92,
            "research_to_sale_ratio": 3.99,
            "price_fair": 69.77,
            "eps_avg_yearly": 1.99,
            "eps_latest_yearly": 2.84,
            "eps_growth_yearly": 436.67
        },
        "20191": {
            "year_quarter": 20191,
            "year": 2019,
            "quarter": 1,
            "eps": -0.13,
            "eps_growth_year": null,
            "eps_4q": 1.46,
            "eps_4q_growth_year": null,
            "roe": -0.78,
            "gross_profit": 92501,
            "gross_margin": 15.67,
            "net_income": -12696,
            "revenue": 590449,
            "common_shares": 982244,
            "equity": 1624427,
            "current_ratio": 284.06,
            "debt_ratio": 32.49,
            "inventory_turnover_ratio": 1.35,
            "account_receivable_turnover_ratio": 0.84,
            "reinvestment_rate": -49.02,
            "research_to_sale_ratio": 5.39,
            "price_fair": 69.77,
            "eps_avg_yearly": 1.99,
            "eps_latest_yearly": 2.84,
            "eps_growth_yearly": 436.67
        },
        "20192": {
            "year_quarter": 20192,
            "year": 2019,
            "quarter": 2,
            "eps": 0.44,
            "eps_growth_year": 266.67,
            "eps_4q": 1.78,
            "eps_4q_growth_year": null,
            "roe": 2.69,
            "gross_profit": 154168,
            "gross_margin": 18.64,
            "net_income": 42862,
            "revenue": 827110,
            "common_shares": 982244,
            "equity": 1557489,
            "current_ratio": 249.92,
            "debt_ratio": 36.55,
            "inventory_turnover_ratio": 1.89,
            "account_receivable_turnover_ratio": 1.22,
            "reinvestment_rate": -33.56,
            "research_to_sale_ratio": 4.13,
            "price_fair": 69.77,
            "eps_avg_yearly": 1.99,
            "eps_latest_yearly": 2.84,
            "eps_growth_yearly": 436.67
        },
        "20193": {
            "year_quarter": 20193,
            "year": 2019,
            "quarter": 3,
            "eps": -0.03,
            "eps_growth_year": -103.95,
            "eps_4q": 0.99,
            "eps_4q_growth_year": 139.18,
            "roe": -0.18,
            "gross_profit": 121687,
            "gross_margin": 17.44,
            "net_income": -2702,
            "revenue": 697667,
            "common_shares": 982244,
            "equity": 1513403,
            "current_ratio": 249.35,
            "debt_ratio": 35.29,
            "inventory_turnover_ratio": 1.79,
            "account_receivable_turnover_ratio": 1.04,
            "reinvestment_rate": -46.16,
            "research_to_sale_ratio": 4.89,
            "price_fair": 69.77,
            "eps_avg_yearly": 1.99,
            "eps_latest_yearly": 2.84,
            "eps_growth_yearly": 436.67
        },
        "20194": {
            "year_quarter": 20194,
            "year": 2019,
            "quarter": 4,
            "eps": -0.01,
            "eps_growth_year": -102.05,
            "eps_4q": 0.27,
            "eps_4q_growth_year": -73.74,
            "roe": -0.09,
            "gross_profit": 134658,
            "gross_margin": 19.29,
            "net_income": -1427,
            "revenue": 698101,
            "common_shares": 982244,
            "equity": 1492449,
            "current_ratio": 283.9,
            "debt_ratio": 31.99,
            "inventory_turnover_ratio": 1.95,
            "account_receivable_turnover_ratio": 1.26,
            "reinvestment_rate": -49.12,
            "research_to_sale_ratio": 4.13,
            "price_fair": 76.44,
            "eps_avg_yearly": 2.18,
            "eps_latest_yearly": 2.84,
            "eps_growth_yearly": 547.79
        },
        "20201": {
            "year_quarter": 20201,
            "year": 2020,
            "quarter": 1,
            "eps": -0.49,
            "eps_growth_year": null,
            "eps_4q": -0.1,
            "eps_4q_growth_year": -106.7,
            "roe": -3.31,
            "gross_profit": 28549,
            "gross_margin": 9.12,
            "net_income": -48347,
            "revenue": 313150,
            "common_shares": 982244,
            "equity": 1428303,
            "current_ratio": 317.58,
            "debt_ratio": 28.34,
            "inventory_turnover_ratio": 1.05,
            "account_receivable_turnover_ratio": 0.76,
            "reinvestment_rate": -49.07,
            "research_to_sale_ratio": 8.5,
            "price_fair": 76.44,
            "eps_avg_yearly": 2.18,
            "eps_latest_yearly": 2.84,
            "eps_growth_yearly": 547.79
        },
        "20202": {
            "year_quarter": 20202,
            "year": 2020,
            "quarter": 2,
            "eps": 0.5,
            "eps_growth_year": 13.64,
            "eps_4q": -0.04,
            "eps_4q_growth_year": -102.37,
            "roe": 3.4,
            "gross_profit": 128043,
            "gross_margin": 18.64,
            "net_income": 48407,
            "revenue": 686851,
            "common_shares": 982244,
            "equity": 1416308,
            "current_ratio": 280.58,
            "debt_ratio": 32.06,
            "inventory_turnover_ratio": 1.98,
            "account_receivable_turnover_ratio": 1.53,
            "reinvestment_rate": -45.98,
            "research_to_sale_ratio": 4.57,
            "price_fair": 76.44,
            "eps_avg_yearly": 2.18,
            "eps_latest_yearly": 2.84,
            "eps_growth_yearly": 547.79
        },
        "20203": {
            "year_quarter": 20203,
            "year": 2020,
            "quarter": 3,
            "eps": 0.07,
            "eps_growth_year": null,
            "eps_4q": 0.06,
            "eps_4q_growth_year": -93.99,
            "roe": 0.5,
            "gross_profit": 130932,
            "gross_margin": 17.58,
            "net_income": 7118,
            "revenue": 744828,
            "common_shares": 967244,
            "equity": 1434520,
            "current_ratio": 245.92,
            "debt_ratio": 38.33,
            "inventory_turnover_ratio": 2.27,
            "account_receivable_turnover_ratio": 1.12,
            "reinvestment_rate": -43.08,
            "research_to_sale_ratio": 3.88,
            "price_fair": 70.28,
            "eps_avg_yearly": 2.01,
            "eps_latest_yearly": 0.28,
            "eps_growth_yearly": 492.7
        },
        "20204": {
            "year_quarter": 20204,
            "year": 2020,
            "quarter": 4,
            "eps": 0.16,
            "eps_growth_year": null,
            "eps_4q": 0.23,
            "eps_4q_growth_year": -12.34,
            "roe": 1.05,
            "gross_profit": 115442,
            "gross_margin": 15.04,
            "net_income": 15297,
            "revenue": 767554,
            "common_shares": 967244,
            "equity": 1466532,
            "current_ratio": 229.12,
            "debt_ratio": 40.44,
            "inventory_turnover_ratio": 2.33,
            "account_receivable_turnover_ratio": 1.07,
            "reinvestment_rate": -51.02,
            "research_to_sale_ratio": 3.8,
            "price_fair": 50.68,
            "eps_avg_yearly": 1.45,
            "eps_latest_yearly": 0.64,
            "eps_growth_yearly": 438.32
        },
        "20211": {
            "year_quarter": 20211,
            "year": 2021,
            "quarter": 1,
            "eps": -0.36,
            "eps_growth_year": null,
            "eps_4q": 0.37,
            "eps_4q_growth_year": null,
            "roe": -2.39,
            "gross_profit": 56853,
            "gross_margin": 8.98,
            "net_income": -34597,
            "revenue": 633121,
            "common_shares": 967244,
            "equity": 1426391,
            "current_ratio": 218.38,
            "debt_ratio": 41.83,
            "inventory_turnover_ratio": 1.62,
            "account_receivable_turnover_ratio": 0.9,
            "reinvestment_rate": -44.68,
            "research_to_sale_ratio": 5.27,
            "price_fair": 50.68,
            "eps_avg_yearly": 1.45,
            "eps_latest_yearly": 0.64,
            "eps_growth_yearly": 438.32
        },
        "20212": {
            "year_quarter": 20212,
            "year": 2021,
            "quarter": 2,
            "eps": -0.13,
            "eps_growth_year": -126,
            "eps_4q": -0.26,
            "eps_4q_growth_year": null,
            "roe": -0.9,
            "gross_profit": 94936,
            "gross_margin": 10.79,
            "net_income": -12725,
            "revenue": 879453,
            "common_shares": 967244,
            "equity": 1398759,
            "current_ratio": 187.75,
            "debt_ratio": 51,
            "inventory_turnover_ratio": 1.7,
            "account_receivable_turnover_ratio": 1.14,
            "reinvestment_rate": -75.24,
            "research_to_sale_ratio": 3.41,
            "price_fair": 50.68,
            "eps_avg_yearly": 1.45,
            "eps_latest_yearly": 0.64,
            "eps_growth_yearly": 438.32
        },
        "20213": {
            "year_quarter": 20213,
            "year": 2021,
            "quarter": 3,
            "eps": -0.32,
            "eps_growth_year": -557.14,
            "eps_4q": -0.65,
            "eps_4q_growth_year": -1189.44,
            "roe": -2.23,
            "gross_profit": 70468,
            "gross_margin": 7.36,
            "net_income": -30629,
            "revenue": 956861,
            "common_shares": 967244,
            "equity": 1344860,
            "current_ratio": 173.04,
            "debt_ratio": 53.26,
            "inventory_turnover_ratio": 1.62,
            "account_receivable_turnover_ratio": 1.11,
            "reinvestment_rate": -68.26,
            "research_to_sale_ratio": 2.92,
            "price_fair": 50.68,
            "eps_avg_yearly": 1.45,
            "eps_latest_yearly": 0.64,
            "eps_growth_yearly": 438.32
        },
        "20214": {
            "year_quarter": 20214,
            "year": 2021,
            "quarter": 4,
            "eps": -0.83,
            "eps_growth_year": -625.37,
            "eps_4q": -1.64,
            "eps_4q_growth_year": -804.41,
            "roe": -6.14,
            "gross_profit": 63525,
            "gross_margin": 8.77,
            "net_income": -80365,
            "revenue": 724719,
            "common_shares": 967244,
            "equity": 1273006,
            "current_ratio": 179.1,
            "debt_ratio": 50.88,
            "inventory_turnover_ratio": 1.2,
            "account_receivable_turnover_ratio": 0.93,
            "reinvestment_rate": null,
            "research_to_sale_ratio": 3.93,
            "price_fair": 59.5,
            "eps_avg_yearly": 1.7,
            "eps_latest_yearly": 0.64,
            "eps_growth_yearly": 569.33
        },
        "20221": {
            "year_quarter": 20221,
            "year": 2022,
            "quarter": 1,
            "eps": -0.69,
            "eps_growth_year": null,
            "eps_4q": -1.97,
            "eps_4q_growth_year": -626.9,
            "roe": -5.33,
            "gross_profit": 39112,
            "gross_margin": 8.01,
            "net_income": -67149,
            "revenue": 488530,
            "common_shares": 967244,
            "equity": 1247999,
            "current_ratio": 185.23,
            "debt_ratio": 48.85,
            "inventory_turnover_ratio": 0.82,
            "account_receivable_turnover_ratio": 0.82,
            "reinvestment_rate": null,
            "research_to_sale_ratio": 5.31,
            "price_fair": 59.5,
            "eps_avg_yearly": 1.7,
            "eps_latest_yearly": 0.64,
            "eps_growth_yearly": 569.33
        },
        "20222": {
            "year_quarter": 20222,
            "year": 2022,
            "quarter": 2,
            "eps": 0.15,
            "eps_growth_year": null,
            "eps_4q": -1.69,
            "eps_4q_growth_year": null,
            "roe": 1.14,
            "gross_profit": 90761,
            "gross_margin": 12.17,
            "net_income": 14255,
            "revenue": 745659,
            "common_shares": 967244,
            "equity": 1258173,
            "current_ratio": 167.56,
            "debt_ratio": 52.89,
            "inventory_turnover_ratio": 1.17,
            "account_receivable_turnover_ratio": 1.18,
            "reinvestment_rate": null,
            "research_to_sale_ratio": 3.64,
            "price_fair": 59.5,
            "eps_avg_yearly": 1.7,
            "eps_latest_yearly": 0.64,
            "eps_growth_yearly": 569.33
        },
        "20223": {
            "year_quarter": 20223,
            "year": 2022,
            "quarter": 3,
            "eps": 0.28,
            "eps_growth_year": null,
            "eps_4q": -1.1,
            "eps_4q_growth_year": null,
            "roe": 2.07,
            "gross_profit": 112695,
            "gross_margin": 15.32,
            "net_income": 26609,
            "revenue": 735778,
            "common_shares": 967244,
            "equity": 1310943,
            "current_ratio": 167.21,
            "debt_ratio": 52.81,
            "inventory_turnover_ratio": 1.2,
            "account_receivable_turnover_ratio": 0.88,
            "reinvestment_rate": null,
            "research_to_sale_ratio": 3.63,
            "price_fair": 42.7,
            "eps_avg_yearly": 1.22,
            "eps_latest_yearly": 1.12,
            "eps_growth_yearly": 122.66
        },
        "20224": {
            "year_quarter": 20224,
            "year": 2022,
            "quarter": 4,
            "eps": -0.42,
            "eps_growth_year": null,
            "eps_4q": -0.69,
            "eps_4q_growth_year": null,
            "roe": -3.16,
            "gross_profit": 130267,
            "gross_margin": 22.13,
            "net_income": -40526,
            "revenue": 588566,
            "common_shares": 967244,
            "equity": 1250029,
            "current_ratio": 175.63,
            "debt_ratio": 50.4,
            "inventory_turnover_ratio": 1.04,
            "account_receivable_turnover_ratio": 0.77,
            "reinvestment_rate": null,
            "research_to_sale_ratio": 4.25,
            "price_fair": 23.8,
            "eps_avg_yearly": 0.68,
            "eps_latest_yearly": 1.12,
            "eps_growth_yearly": 172.32
        },
        "20231": {
            "year_quarter": 20231,
            "year": 2023,
            "quarter": 1,
            "eps": -0.46,
            "eps_growth_year": null,
            "eps_4q": -0.46,
            "eps_4q_growth_year": null,
            "roe": -3.61,
            "gross_profit": 62685,
            "gross_margin": 17.26,
            "net_income": -44401,
            "revenue": 363131,
            "common_shares": 967244,
            "equity": 1207470,
            "current_ratio": 191.62,
            "debt_ratio": 46.25,
            "inventory_turnover_ratio": 0.9,
            "account_receivable_turnover_ratio": 0.75,
            "reinvestment_rate": null,
            "research_to_sale_ratio": 5.75,
            "price_fair": 23.8,
            "eps_avg_yearly": 0.68,
            "eps_latest_yearly": 1.12,
            "eps_growth_yearly": 172.32
        }
    },
    "months": {
        "2004-03": {
            "month": "2004-03",
            "price": "75.12",
            "revenue": 136079
        },
        "2004-04": {
            "month": "2004-04",
            "price": "79.90",
            "revenue": 231365
        },
        "2004-05": {
            "month": "2004-05",
            "price": "85.17",
            "revenue": 270983
        },
        "2004-06": {
            "month": "2004-06",
            "price": "90.16",
            "revenue": 293147
        },
        "2004-07": {
            "month": "2004-07",
            "price": "94.71",
            "revenue": 313346
        },
        "2004-10": {
            "month": "2004-10",
            "price": "62.63",
            "revenue": 377293
        },
        "2004-11": {
            "month": "2004-11",
            "price": "68.04",
            "revenue": 254807
        },
        "2004-12": {
            "month": "2004-12",
            "price": "76.82",
            "revenue": 235000
        },
        "2005-01": {
            "month": "2005-01",
            "price": "67.67",
            "revenue": 245315
        },
        "2005-02": {
            "month": "2005-02",
            "price": "65.80",
            "revenue": 126605
        },
        "2005-03": {
            "month": "2005-03",
            "price": "71.08",
            "revenue": 253679
        },
        "2005-04": {
            "month": "2005-04",
            "price": "66.10",
            "revenue": 248982
        },
        "2005-05": {
            "month": "2005-05",
            "price": "61.30",
            "revenue": 302156
        },
        "2005-06": {
            "month": "2005-06",
            "price": "66.22",
            "revenue": 331681
        },
        "2005-07": {
            "month": "2005-07",
            "price": "72.08",
            "revenue": 342054
        },
        "2005-08": {
            "month": "2005-08",
            "price": "60.41",
            "revenue": 227899
        },
        "2005-09": {
            "month": "2005-09",
            "price": "51.04",
            "revenue": 411003
        },
        "2005-10": {
            "month": "2005-10",
            "price": "49.16",
            "revenue": 452710
        },
        "2005-11": {
            "month": "2005-11",
            "price": "49.15",
            "revenue": 412277
        },
        "2005-12": {
            "month": "2005-12",
            "price": "53.20",
            "revenue": 334654
        },
        "2006-01": {
            "month": "2006-01",
            "price": "56.16",
            "revenue": 256643
        },
        "2006-02": {
            "month": "2006-02",
            "price": "53.63",
            "revenue": 222376
        },
        "2006-03": {
            "month": "2006-03",
            "price": "50.06",
            "revenue": 266962
        },
        "2006-04": {
            "month": "2006-04",
            "price": "51.95",
            "revenue": 255400
        },
        "2006-05": {
            "month": "2006-05",
            "price": "46.39",
            "revenue": 230188
        },
        "2006-06": {
            "month": "2006-06",
            "price": "42.78",
            "revenue": 263368
        },
        "2006-07": {
            "month": "2006-07",
            "price": "40.65",
            "revenue": 423310
        },
        "2006-08": {
            "month": "2006-08",
            "price": "43.04",
            "revenue": 502907
        },
        "2006-09": {
            "month": "2006-09",
            "price": "45.95",
            "revenue": 535230
        },
        "2006-10": {
            "month": "2006-10",
            "price": "45.97",
            "revenue": 573918
        },
        "2006-11": {
            "month": "2006-11",
            "price": "47.59",
            "revenue": 503919
        },
        "2006-12": {
            "month": "2006-12",
            "price": "49.42",
            "revenue": 435376
        },
        "2007-01": {
            "month": "2007-01",
            "price": "51.87",
            "revenue": 326846
        },
        "2007-02": {
            "month": "2007-02",
            "price": "51.97",
            "revenue": 221827
        },
        "2007-03": {
            "month": "2007-03",
            "price": "62.18",
            "revenue": 356917
        },
        "2007-04": {
            "month": "2007-04",
            "price": "59.76",
            "revenue": 452853
        },
        "2007-05": {
            "month": "2007-05",
            "price": "60.45",
            "revenue": 352703
        },
        "2007-06": {
            "month": "2007-06",
            "price": "75.50",
            "revenue": 373776
        },
        "2007-07": {
            "month": "2007-07",
            "price": "96.99",
            "revenue": 421972
        },
        "2007-08": {
            "month": "2007-08",
            "price": "76.97",
            "revenue": 531964
        },
        "2007-09": {
            "month": "2007-09",
            "price": "68.52",
            "revenue": 520885
        },
        "2007-10": {
            "month": "2007-10",
            "price": "63.75",
            "revenue": 565736
        },
        "2007-11": {
            "month": "2007-11",
            "price": "55.36",
            "revenue": 520176
        },
        "2007-12": {
            "month": "2007-12",
            "price": "53.70",
            "revenue": 383720
        },
        "2008-01": {
            "month": "2008-01",
            "price": "44.60",
            "revenue": 330795
        },
        "2008-02": {
            "month": "2008-02",
            "price": "42.27",
            "revenue": 224865
        },
        "2008-03": {
            "month": "2008-03",
            "price": "44.50",
            "revenue": 380346
        },
        "2008-04": {
            "month": "2008-04",
            "price": "47.91",
            "revenue": 371697
        },
        "2008-05": {
            "month": "2008-05",
            "price": "45.05",
            "revenue": 347030
        },
        "2008-06": {
            "month": "2008-06",
            "price": "40.73",
            "revenue": 330405
        },
        "2008-07": {
            "month": "2008-07",
            "price": "36.81",
            "revenue": 450986
        },
        "2008-08": {
            "month": "2008-08",
            "price": "35.12",
            "revenue": 534655
        },
        "2008-09": {
            "month": "2008-09",
            "price": "23.28",
            "revenue": 512699
        },
        "2008-10": {
            "month": "2008-10",
            "price": "16.81",
            "revenue": 492470
        },
        "2008-11": {
            "month": "2008-11",
            "price": "13.27",
            "revenue": 388934
        },
        "2008-12": {
            "month": "2008-12",
            "price": "12.87",
            "revenue": 244923
        },
        "2009-01": {
            "month": "2009-01",
            "price": "12.29",
            "revenue": 214314
        },
        "2009-02": {
            "month": "2009-02",
            "price": "12.90",
            "revenue": 154471
        },
        "2009-03": {
            "month": "2009-03",
            "price": "15.44",
            "revenue": 282869
        },
        "2009-04": {
            "month": "2009-04",
            "price": "18.06",
            "revenue": 308650
        },
        "2009-05": {
            "month": "2009-05",
            "price": "22.49",
            "revenue": 310527
        },
        "2009-06": {
            "month": "2009-06",
            "price": "25.66",
            "revenue": 332114
        },
        "2009-07": {
            "month": "2009-07",
            "price": "29.12",
            "revenue": 352236
        },
        "2009-08": {
            "month": "2009-08",
            "price": "27.95",
            "revenue": 353740
        },
        "2009-09": {
            "month": "2009-09",
            "price": "30.23",
            "revenue": 368710
        },
        "2009-10": {
            "month": "2009-10",
            "price": "30.85",
            "revenue": 311578
        },
        "2009-11": {
            "month": "2009-11",
            "price": "31.33",
            "revenue": 350638
        },
        "2009-12": {
            "month": "2009-12",
            "price": "33.90",
            "revenue": 287099
        },
        "2010-01": {
            "month": "2010-01",
            "price": "35.09",
            "revenue": 305973
        },
        "2010-02": {
            "month": "2010-02",
            "price": "31.74",
            "revenue": 178296
        },
        "2010-03": {
            "month": "2010-03",
            "price": "34.47",
            "revenue": 337050
        },
        "2010-04": {
            "month": "2010-04",
            "price": "39.48",
            "revenue": 361477
        },
        "2010-05": {
            "month": "2010-05",
            "price": "41.52",
            "revenue": 361857
        },
        "2010-06": {
            "month": "2010-06",
            "price": "41.85",
            "revenue": 365967
        },
        "2010-07": {
            "month": "2010-07",
            "price": "41.34",
            "revenue": 372892
        },
        "2010-08": {
            "month": "2010-08",
            "price": "42.65",
            "revenue": 404931
        },
        "2010-09": {
            "month": "2010-09",
            "price": "42.25",
            "revenue": 387754
        },
        "2010-10": {
            "month": "2010-10",
            "price": "44.15",
            "revenue": 303482
        },
        "2010-11": {
            "month": "2010-11",
            "price": "42.21",
            "revenue": 262219
        },
        "2010-12": {
            "month": "2010-12",
            "price": "40.95",
            "revenue": 231301
        },
        "2011-01": {
            "month": "2011-01",
            "price": "40.12",
            "revenue": 233400
        },
        "2011-02": {
            "month": "2011-02",
            "price": "39.41",
            "revenue": 128057
        },
        "2011-03": {
            "month": "2011-03",
            "price": "46.44",
            "revenue": 200771
        },
        "2011-04": {
            "month": "2011-04",
            "price": "48.86",
            "revenue": 260984
        },
        "2011-05": {
            "month": "2011-05",
            "price": "48.13",
            "revenue": 266550
        },
        "2011-06": {
            "month": "2011-06",
            "price": "45.17",
            "revenue": 275935
        },
        "2011-07": {
            "month": "2011-07",
            "price": "38.20",
            "revenue": 264168
        },
        "2011-08": {
            "month": "2011-08",
            "price": "29.60",
            "revenue": 250658
        },
        "2011-09": {
            "month": "2011-09",
            "price": "17.87",
            "revenue": 284960
        },
        "2011-10": {
            "month": "2011-10",
            "price": "20.70",
            "revenue": 354526
        },
        "2011-11": {
            "month": "2011-11",
            "price": "21.20",
            "revenue": 404018
        },
        "2011-12": {
            "month": "2011-12",
            "price": "21.01",
            "revenue": 327424
        },
        "2012-01": {
            "month": "2012-01",
            "price": "19.99",
            "revenue": 204881
        },
        "2012-02": {
            "month": "2012-02",
            "price": "22.95",
            "revenue": 293788
        },
        "2012-03": {
            "month": "2012-03",
            "price": "25.12",
            "revenue": 394811
        },
        "2012-04": {
            "month": "2012-04",
            "price": "24.08",
            "revenue": 313770
        },
        "2012-05": {
            "month": "2012-05",
            "price": "25.30",
            "revenue": 335210
        },
        "2012-06": {
            "month": "2012-06",
            "price": "25.25",
            "revenue": 299365
        },
        "2012-07": {
            "month": "2012-07",
            "price": "23.21",
            "revenue": 254929
        },
        "2012-08": {
            "month": "2012-08",
            "price": "21.00",
            "revenue": 298798
        },
        "2012-09": {
            "month": "2012-09",
            "price": "20.86",
            "revenue": 303814
        },
        "2012-10": {
            "month": "2012-10",
            "price": "19.81",
            "revenue": 254550
        },
        "2012-11": {
            "month": "2012-11",
            "price": "19.51",
            "revenue": 250096
        },
        "2012-12": {
            "month": "2012-12",
            "price": "19.16",
            "revenue": 224916
        },
        "2013-01": {
            "month": "2013-01",
            "price": "17.86",
            "revenue": 183648
        },
        "2013-02": {
            "month": "2013-02",
            "price": "17.00",
            "revenue": 116115
        },
        "2013-03": {
            "month": "2013-03",
            "price": "17.47",
            "revenue": 214433
        },
        "2013-04": {
            "month": "2013-04",
            "price": "18.70",
            "revenue": 252766
        },
        "2013-05": {
            "month": "2013-05",
            "price": "18.25",
            "revenue": 250556
        },
        "2013-06": {
            "month": "2013-06",
            "price": "21.05",
            "revenue": 204499
        },
        "2013-07": {
            "month": "2013-07",
            "price": "21.85",
            "revenue": 235202
        },
        "2013-08": {
            "month": "2013-08",
            "price": "20.21",
            "revenue": 252741
        },
        "2013-09": {
            "month": "2013-09",
            "price": "19.33",
            "revenue": 174087
        },
        "2013-10": {
            "month": "2013-10",
            "price": "18.26",
            "revenue": 204569
        },
        "2013-11": {
            "month": "2013-11",
            "price": "17.54",
            "revenue": 251271
        },
        "2013-12": {
            "month": "2013-12",
            "price": "20.35",
            "revenue": 212836
        },
        "2014-01": {
            "month": "2014-01",
            "price": "22.41",
            "revenue": 179832
        },
        "2014-02": {
            "month": "2014-02",
            "price": "25.46",
            "revenue": 132778
        },
        "2014-03": {
            "month": "2014-03",
            "price": "25.16",
            "revenue": 229305
        },
        "2014-04": {
            "month": "2014-04",
            "price": "22.79",
            "revenue": 232551
        },
        "2014-05": {
            "month": "2014-05",
            "price": "21.54",
            "revenue": 213161
        },
        "2014-06": {
            "month": "2014-06",
            "price": "21.08",
            "revenue": 217356
        },
        "2014-07": {
            "month": "2014-07",
            "price": "23.14",
            "revenue": 274929
        },
        "2014-08": {
            "month": "2014-08",
            "price": "22.79",
            "revenue": 254937
        },
        "2014-09": {
            "month": "2014-09",
            "price": "22.02",
            "revenue": 304796
        },
        "2014-10": {
            "month": "2014-10",
            "price": "21.12",
            "revenue": 302889
        },
        "2014-11": {
            "month": "2014-11",
            "price": "21.85",
            "revenue": 304976
        },
        "2014-12": {
            "month": "2014-12",
            "price": "21.36",
            "revenue": 301141
        },
        "2015-01": {
            "month": "2015-01",
            "price": "21.50",
            "revenue": 203917
        },
        "2015-02": {
            "month": "2015-02",
            "price": "21.10",
            "revenue": 121932
        },
        "2015-03": {
            "month": "2015-03",
            "price": "21.04",
            "revenue": 200972
        },
        "2015-04": {
            "month": "2015-04",
            "price": "18.78",
            "revenue": 238336
        },
        "2015-05": {
            "month": "2015-05",
            "price": "18.06",
            "revenue": 186672
        },
        "2015-06": {
            "month": "2015-06",
            "price": "17.07",
            "revenue": 183991
        },
        "2015-07": {
            "month": "2015-07",
            "price": "16.52",
            "revenue": 210847
        },
        "2015-08": {
            "month": "2015-08",
            "price": "14.83",
            "revenue": 262926
        },
        "2015-09": {
            "month": "2015-09",
            "price": "16.15",
            "revenue": 297632
        },
        "2015-10": {
            "month": "2015-10",
            "price": "16.97",
            "revenue": 261693
        },
        "2015-11": {
            "month": "2015-11",
            "price": "15.08",
            "revenue": 283859
        },
        "2015-12": {
            "month": "2015-12",
            "price": "13.42",
            "revenue": 244041
        },
        "2016-01": {
            "month": "2016-01",
            "price": "12.37",
            "revenue": 215702
        },
        "2016-02": {
            "month": "2016-02",
            "price": "12.55",
            "revenue": 110403
        },
        "2016-03": {
            "month": "2016-03",
            "price": "14.03",
            "revenue": 208720
        },
        "2016-04": {
            "month": "2016-04",
            "price": "13.19",
            "revenue": 251261
        },
        "2016-05": {
            "month": "2016-05",
            "price": "11.63",
            "revenue": 241118
        },
        "2016-06": {
            "month": "2016-06",
            "price": "11.51",
            "revenue": 225955
        },
        "2016-07": {
            "month": "2016-07",
            "price": "13.01",
            "revenue": 233665
        },
        "2016-08": {
            "month": "2016-08",
            "price": "14.11",
            "revenue": 271320
        },
        "2016-09": {
            "month": "2016-09",
            "price": "13.47",
            "revenue": 293156
        },
        "2016-10": {
            "month": "2016-10",
            "price": "12.59",
            "revenue": 281346
        },
        "2016-11": {
            "month": "2016-11",
            "price": "12.43",
            "revenue": 279589
        },
        "2016-12": {
            "month": "2016-12",
            "price": "12.53",
            "revenue": 281813
        },
        "2017-01": {
            "month": "2017-01",
            "price": "13.36",
            "revenue": 232264
        },
        "2017-02": {
            "month": "2017-02",
            "price": "17.21",
            "revenue": 150710
        },
        "2017-03": {
            "month": "2017-03",
            "price": "19.88",
            "revenue": 221422
        },
        "2017-04": {
            "month": "2017-04",
            "price": "20.46",
            "revenue": 207152
        },
        "2017-05": {
            "month": "2017-05",
            "price": "18.71",
            "revenue": 203403
        },
        "2017-06": {
            "month": "2017-06",
            "price": "18.46",
            "revenue": 233655
        },
        "2017-07": {
            "month": "2017-07",
            "price": "21.64",
            "revenue": 240986
        },
        "2017-08": {
            "month": "2017-08",
            "price": "20.07",
            "revenue": 301875
        },
        "2017-09": {
            "month": "2017-09",
            "price": "20.40",
            "revenue": 269148
        },
        "2017-10": {
            "month": "2017-10",
            "price": "19.01",
            "revenue": 282460
        },
        "2017-11": {
            "month": "2017-11",
            "price": "17.29",
            "revenue": 252507
        },
        "2017-12": {
            "month": "2017-12",
            "price": "16.38",
            "revenue": 263184
        },
        "2018-01": {
            "month": "2018-01",
            "price": "15.72",
            "revenue": 173285
        },
        "2018-02": {
            "month": "2018-02",
            "price": "14.77",
            "revenue": 102855
        },
        "2018-03": {
            "month": "2018-03",
            "price": "15.17",
            "revenue": 183377
        },
        "2018-04": {
            "month": "2018-04",
            "price": "14.68",
            "revenue": 271892
        },
        "2018-05": {
            "month": "2018-05",
            "price": "14.60",
            "revenue": 302637
        },
        "2018-06": {
            "month": "2018-06",
            "price": "15.51",
            "revenue": 287517
        },
        "2018-07": {
            "month": "2018-07",
            "price": "14.88",
            "revenue": 291326
        },
        "2018-08": {
            "month": "2018-08",
            "price": "14.95",
            "revenue": 306413
        },
        "2018-09": {
            "month": "2018-09",
            "price": "14.49",
            "revenue": 301468
        },
        "2018-10": {
            "month": "2018-10",
            "price": "13.14",
            "revenue": 303995
        },
        "2018-11": {
            "month": "2018-11",
            "price": "13.68",
            "revenue": 312515
        },
        "2018-12": {
            "month": "2018-12",
            "price": "14.82",
            "revenue": 303476
        },
        "2019-01": {
            "month": "2019-01",
            "price": "14.28",
            "revenue": 258126
        },
        "2019-02": {
            "month": "2019-02",
            "price": "14.86",
            "revenue": 103446
        },
        "2019-03": {
            "month": "2019-03",
            "price": "15.79",
            "revenue": 228877
        },
        "2019-04": {
            "month": "2019-04",
            "price": "18.15",
            "revenue": 293499
        },
        "2019-05": {
            "month": "2019-05",
            "price": "17.64",
            "revenue": 289456
        },
        "2019-06": {
            "month": "2019-06",
            "price": "16.97",
            "revenue": 244155
        },
        "2019-07": {
            "month": "2019-07",
            "price": "15.47",
            "revenue": 206736
        },
        "2019-08": {
            "month": "2019-08",
            "price": "14.57",
            "revenue": 223462
        },
        "2019-09": {
            "month": "2019-09",
            "price": "15.25",
            "revenue": 267469
        },
        "2019-10": {
            "month": "2019-10",
            "price": "16.51",
            "revenue": 253838
        },
        "2019-11": {
            "month": "2019-11",
            "price": "15.60",
            "revenue": 212103
        },
        "2019-12": {
            "month": "2019-12",
            "price": "14.96",
            "revenue": 232160
        },
        "2020-01": {
            "month": "2020-01",
            "price": "14.66",
            "revenue": 137241
        },
        "2020-02": {
            "month": "2020-02",
            "price": "14.64",
            "revenue": 54870
        },
        "2020-03": {
            "month": "2020-03",
            "price": "12.94",
            "revenue": 121039
        },
        "2020-04": {
            "month": "2020-04",
            "price": "13.36",
            "revenue": 191456
        },
        "2020-05": {
            "month": "2020-05",
            "price": "13.17",
            "revenue": 250331
        },
        "2020-06": {
            "month": "2020-06",
            "price": "13.01",
            "revenue": 245064
        },
        "2020-07": {
            "month": "2020-07",
            "price": "13.83",
            "revenue": 252511
        },
        "2020-08": {
            "month": "2020-08",
            "price": "14.11",
            "revenue": 245725
        },
        "2020-09": {
            "month": "2020-09",
            "price": "14.98",
            "revenue": 246606
        },
        "2020-10": {
            "month": "2020-10",
            "price": "14.37",
            "revenue": 227559
        },
        "2020-11": {
            "month": "2020-11",
            "price": "13.89",
            "revenue": 237567
        },
        "2020-12": {
            "month": "2020-12",
            "price": "15.67",
            "revenue": 302428
        },
        "2021-01": {
            "month": "2021-01",
            "price": "21.25",
            "revenue": 242680
        },
        "2021-02": {
            "month": "2021-02",
            "price": "21.22",
            "revenue": 132074
        },
        "2021-03": {
            "month": "2021-03",
            "price": "21.50",
            "revenue": 258367
        },
        "2021-04": {
            "month": "2021-04",
            "price": "25.85",
            "revenue": 287965
        },
        "2021-05": {
            "month": "2021-05",
            "price": "21.07",
            "revenue": 279763
        },
        "2021-06": {
            "month": "2021-06",
            "price": "20.69",
            "revenue": 311724
        },
        "2021-07": {
            "month": "2021-07",
            "price": "22.37",
            "revenue": 307512
        },
        "2021-08": {
            "month": "2021-08",
            "price": "20.99",
            "revenue": 320675
        },
        "2021-09": {
            "month": "2021-09",
            "price": "19.86",
            "revenue": 328743
        },
        "2021-10": {
            "month": "2021-10",
            "price": "17.96",
            "revenue": 260314
        },
        "2021-11": {
            "month": "2021-11",
            "price": "18.67",
            "revenue": 249295
        },
        "2021-12": {
            "month": "2021-12",
            "price": "18.44",
            "revenue": 215109
        },
        "2022-01": {
            "month": "2022-01",
            "price": "17.60",
            "revenue": 210429
        },
        "2022-02": {
            "month": "2022-02",
            "price": "17.25",
            "revenue": 109009
        },
        "2022-03": {
            "month": "2022-03",
            "price": "16.27",
            "revenue": 169092
        },
        "2022-04": {
            "month": "2022-04",
            "price": "15.20",
            "revenue": 275773
        },
        "2022-05": {
            "month": "2022-05",
            "price": "15.74",
            "revenue": 232951
        },
        "2022-06": {
            "month": "2022-06",
            "price": "16.75",
            "revenue": 236935
        },
        "2022-07": {
            "month": "2022-07",
            "price": "15.22",
            "revenue": 267669
        },
        "2022-08": {
            "month": "2022-08",
            "price": "16.68",
            "revenue": 265384
        },
        "2022-09": {
            "month": "2022-09",
            "price": "17.49",
            "revenue": 202725
        },
        "2022-10": {
            "month": "2022-10",
            "price": "16.63",
            "revenue": 191125
        },
        "2022-11": {
            "month": "2022-11",
            "price": "17.18",
            "revenue": 186904
        },
        "2022-12": {
            "month": "2022-12",
            "price": "16.14",
            "revenue": 210537
        },
        "2023-01": {
            "month": "2023-01",
            "price": "16.59",
            "revenue": 127576
        },
        "2023-02": {
            "month": "2023-02",
            "price": "17.53",
            "revenue": 100535
        },
        "2023-03": {
            "month": "2023-03",
            "price": "17.66",
            "revenue": 135020
        },
        "2023-04": {
            "month": "2023-04",
            "price": "17.36",
            "revenue": 106921
        }
    }
}
