{
    "summary": {
        "stock_name": "杭特",
        "stock_id": "3297",
        "category": "光電",
        "main_business": "網路攝影機、<br>網路影像錄放影機、<br>安全監控相關設備之開發、製造及銷售",
        "website_url": "http://www.hunt.com.tw",
        "ceo": "李新榮",
        "pe_ratio": -44,
        "report_year_from": 2002,
        "report_year_to": 2023,
        "age": 22,
        "eps_negative_percentage": 35,
        "eps_growth_avg": {
            "last_all": -12.66,
            "last_2y": -100,
            "last_4y": -100,
            "last_8y": -87.73,
            "last_12y": -21.89,
            "last_16y": -18.98,
            "last_20y": null,
            "at_2006_last_3y": null,
            "at_2007_last_3y": null,
            "at_2008_last_3y": 1.61,
            "at_2009_last_3y": -15.61,
            "at_2010_last_3y": -13.88,
            "at_2011_last_3y": -28.37,
            "at_2012_last_3y": 11.89,
            "at_2013_last_3y": 28.94,
            "at_2014_last_3y": 27.48,
            "at_2015_last_3y": 20.37,
            "at_2016_last_3y": -29.63,
            "at_2017_last_3y": -66.59,
            "at_2018_last_3y": -81.59,
            "at_2019_last_3y": -100,
            "at_2020_last_3y": null,
            "at_2021_last_3y": null,
            "at_2022_last_3y": null,
            "at_2023_last_3y": -100,
            "at_2024_last_3y": -100,
            "at_2006_last_all": 22.11,
            "at_2007_last_all": 22.49,
            "at_2008_last_all": 1.61,
            "at_2009_last_all": 3.9,
            "at_2010_last_all": -1.88,
            "at_2011_last_all": -6.57,
            "at_2012_last_all": 6.75,
            "at_2013_last_all": 15.03,
            "at_2014_last_all": 9.86,
            "at_2015_last_all": 3.22,
            "at_2016_last_all": -5.38,
            "at_2017_last_all": -5.38,
            "at_2018_last_all": -5.38,
            "at_2019_last_all": -5.38,
            "at_2020_last_all": -5.38,
            "at_2021_last_all": -5.38,
            "at_2022_last_all": -5.38,
            "at_2023_last_all": -12.66,
            "at_2024_last_all": -12.66
        },
        "latest_eps": -0.53,
        "latest_price": 23.5,
        "latest_roe": -3.28,
        "latest_gross_margin": 29.41,
        "latest_equity": 575596,
        "latest_revenue": 46362,
        "latest_gross_profit": 13636,
        "latest_net_income": 10110,
        "latest_debt_ratio": 30.08,
        "latest_current_ratio": 142.51,
        "latest_account_receivable_turnover_ratio": 1.75,
        "latest_inventory_turnover_ratio": 0.66,
        "latest_reinvestment_rate": null,
        "latest_research_to_sale_ratio": 26.53
    },
    "eps_dividends": {
        "2001": {
            "cash": 0,
            "stock": 0,
            "eps": 0
        },
        "2002": {
            "cash": 0,
            "stock": 0,
            "eps": 0
        },
        "2003": {
            "cash": 1.5,
            "stock": 0.5,
            "eps": 0
        },
        "2004": {
            "cash": 1,
            "stock": 1,
            "eps": 3.38
        },
        "2005": {
            "cash": 2,
            "stock": 1,
            "eps": 6.15
        },
        "2006": {
            "cash": 2,
            "stock": 1,
            "eps": 3.83
        },
        "2007": {
            "cash": 2.4,
            "stock": 0.2,
            "eps": 4.72
        },
        "2008": {
            "cash": 2.5,
            "stock": 0.3,
            "eps": 1.84
        },
        "2009": {
            "cash": 0.9,
            "stock": 0.1,
            "eps": 2.08
        },
        "2010": {
            "cash": 1.2,
            "stock": 0,
            "eps": 1.44
        },
        "2011": {
            "cash": 1,
            "stock": 0,
            "eps": 0.94
        },
        "2012": {
            "cash": 0.6,
            "stock": 0,
            "eps": 2.08
        },
        "2013": {
            "cash": 1.6,
            "stock": 0,
            "eps": 3.77
        },
        "2014": {
            "cash": 3.65,
            "stock": 0,
            "eps": 2.39
        },
        "2015": {
            "cash": 1.8,
            "stock": 0,
            "eps": 0.88
        },
        "2016": {
            "cash": 0.8,
            "stock": 0,
            "eps": -0.23
        },
        "2017": {
            "cash": 0.3,
            "stock": 0,
            "eps": -1.85
        },
        "2018": {
            "cash": 0.5,
            "stock": 0,
            "eps": -0.6
        },
        "2019": {
            "cash": 0,
            "stock": 0,
            "eps": -0.85
        },
        "2020": {
            "cash": 0.5,
            "stock": 0,
            "eps": -1.9
        },
        "2021": {
            "cash": 0,
            "stock": 0,
            "eps": -0.42
        },
        "2022": {
            "cash": 0,
            "stock": 0,
            "eps": 0.1
        },
        "2023": {
            "cash": 0,
            "stock": 0,
            "eps": -0.16
        }
    },
    "dividends": {
        "2003-04-19": {
            "cash": 1.5,
            "stock": 0.5
        },
        "2004-06-08": {
            "cash": 1,
            "stock": 1
        },
        "2005-03-28": {
            "cash": 2,
            "stock": 1
        },
        "2006-03-28": {
            "cash": 2,
            "stock": 1
        },
        "2007-05-08": {
            "cash": 2.4,
            "stock": 0.2
        },
        "2008-05-08": {
            "cash": 2.5,
            "stock": 0.3
        },
        "2009-05-06": {
            "cash": 0.9,
            "stock": 0.1
        },
        "2010-03-19": {
            "cash": 1.2,
            "stock": 0
        },
        "2011-03-22": {
            "cash": 1,
            "stock": 0
        },
        "2012-03-20": {
            "cash": 0.6,
            "stock": 0
        },
        "2013-06-17": {
            "cash": 1.6,
            "stock": 0
        },
        "2014-09-05": {
            "cash": 3.65,
            "stock": 0
        },
        "2015-08-19": {
            "cash": 1.8,
            "stock": 0
        },
        "2016-08-31": {
            "cash": 0.8,
            "stock": 0
        },
        "2017-09-12": {
            "cash": 0.3,
            "stock": 0
        },
        "2018-08-28": {
            "cash": 0.5,
            "stock": 0
        },
        "2020-09-28": {
            "cash": 0.5,
            "stock": 0
        }
    },
    "prices": {
        "200101": "無",
        "200102": "無",
        "200103": "無",
        "200104": "無",
        "200105": "無",
        "200106": "無",
        "200107": "無",
        "200108": "無",
        "200109": "無",
        "200110": "無",
        "200111": "無",
        "200112": "無",
        "200201": "無",
        "200202": "無",
        "200203": "無",
        "200204": "無",
        "200205": "無",
        "200206": "無",
        "200207": "無",
        "200208": "無",
        "200209": "無",
        "200210": "無",
        "200211": "無",
        "200212": "無",
        "200301": "無",
        "200302": "無",
        "200303": "無",
        "200304": "無",
        "200305": "無",
        "200306": "無",
        "200307": "無",
        "200308": "無",
        "200309": "無",
        "200310": "無",
        "200311": "無",
        "200312": "無",
        "200401": "無",
        "200402": "無",
        "200403": "無",
        "200404": "無",
        "200405": "無",
        "200406": "無",
        "200407": "37.21",
        "200408": "33.11",
        "200409": "無",
        "200410": "34.95",
        "200411": "35.01",
        "200412": "36.00",
        "200501": "36.00",
        "200502": "40.38",
        "200503": "46.29",
        "200504": "50.29",
        "200505": "48.43",
        "200506": "45.08",
        "200507": "46.36",
        "200508": "44.79",
        "200509": "39.28",
        "200510": "38.14",
        "200511": "39.19",
        "200512": "41.83",
        "200601": "44.15",
        "200602": "41.79",
        "200603": "41.38",
        "200604": "42.92",
        "200605": "40.87",
        "200606": "37.20",
        "200607": "37.20",
        "200608": "33.07",
        "200609": "30.74",
        "200610": "31.63",
        "200611": "33.13",
        "200612": "36.40",
        "200701": "43.18",
        "200702": "40.32",
        "200703": "39.79",
        "200704": "41.80",
        "200705": "53.52",
        "200706": "65.24",
        "200707": "75.57",
        "200708": "64.19",
        "200709": "70.57",
        "200710": "69.35",
        "200711": "62.04",
        "200712": "50.94",
        "200801": "44.10",
        "200802": "44.42",
        "200803": "46.31",
        "200804": "45.96",
        "200805": "41.14",
        "200806": "36.41",
        "200807": "30.44",
        "200808": "27.00",
        "200809": "18.35",
        "200810": "16.29",
        "200811": "14.15",
        "200812": "13.98",
        "200901": "14.89",
        "200902": "14.71",
        "200903": "17.37",
        "200904": "19.72",
        "200905": "20.90",
        "200906": "21.39",
        "200907": "23.68",
        "200908": "26.80",
        "200909": "28.23",
        "200910": "28.53",
        "200911": "26.98",
        "200912": "28.36",
        "201001": "30.63",
        "201002": "27.25",
        "201003": "33.45",
        "201004": "40.46",
        "201005": "34.01",
        "201006": "32.21",
        "201007": "32.35",
        "201008": "36.28",
        "201009": "34.33",
        "201010": "30.16",
        "201011": "27.30",
        "201012": "28.23",
        "201101": "26.93",
        "201102": "26.20",
        "201103": "27.76",
        "201104": "28.40",
        "201105": "26.48",
        "201106": "26.59",
        "201107": "26.62",
        "201108": "25.13",
        "201109": "23.01",
        "201110": "21.30",
        "201111": "21.20",
        "201112": "20.80",
        "201201": "18.99",
        "201202": "20.04",
        "201203": "21.57",
        "201204": "20.22",
        "201205": "19.20",
        "201206": "17.98",
        "201207": "16.94",
        "201208": "17.10",
        "201209": "18.87",
        "201210": "18.24",
        "201211": "18.45",
        "201212": "19.68",
        "201301": "20.31",
        "201302": "22.27",
        "201303": "24.50",
        "201304": "27.92",
        "201305": "31.98",
        "201306": "35.49",
        "201307": "36.18",
        "201308": "39.51",
        "201309": "37.26",
        "201310": "36.21",
        "201311": "40.71",
        "201312": "44.62",
        "201401": "45.96",
        "201402": "45.06",
        "201403": "50.10",
        "201404": "46.49",
        "201405": "45.36",
        "201406": "41.99",
        "201407": "39.92",
        "201408": "31.68",
        "201409": "28.67",
        "201410": "27.73",
        "201411": "27.06",
        "201412": "27.78",
        "201501": "29.40",
        "201502": "27.70",
        "201503": "28.37",
        "201504": "28.19",
        "201505": "25.76",
        "201506": "22.32",
        "201507": "21.33",
        "201508": "17.21",
        "201509": "15.50",
        "201510": "17.70",
        "201511": "18.73",
        "201512": "18.13",
        "201601": "17.15",
        "201602": "17.57",
        "201603": "18.59",
        "201604": "18.21",
        "201605": "17.80",
        "201606": "17.71",
        "201607": "18.36",
        "201608": "18.01",
        "201609": "17.80",
        "201610": "17.59",
        "201611": "16.72",
        "201612": "17.02",
        "201701": "17.03",
        "201702": "17.13",
        "201703": "16.70",
        "201704": "15.92",
        "201705": "14.63",
        "201706": "15.41",
        "201707": "15.37",
        "201708": "14.68",
        "201709": "14.62",
        "201710": "14.59",
        "201711": "14.46",
        "201712": "14.38",
        "201801": "14.31",
        "201802": "13.67",
        "201803": "14.54",
        "201804": "14.45",
        "201805": "14.50",
        "201806": "14.73",
        "201807": "14.54",
        "201808": "14.83",
        "201809": "15.19",
        "201810": "13.64",
        "201811": "13.03",
        "201812": "13.67",
        "201901": "13.21",
        "201902": "13.63",
        "201903": "14.39",
        "201904": "14.58",
        "201905": "13.72",
        "201906": "13.17",
        "201907": "12.84",
        "201908": "12.46",
        "201909": "12.53",
        "201910": "12.78",
        "201911": "12.20",
        "201912": "12.15",
        "202001": "12.23",
        "202002": "12.14",
        "202003": "10.60",
        "202004": "10.60",
        "202005": "11.81",
        "202006": "12.53",
        "202007": "12.57",
        "202008": "12.28",
        "202009": "12.11",
        "202010": "12.37",
        "202011": "12.45",
        "202012": "15.82",
        "202101": "17.73",
        "202102": "16.54",
        "202103": "18.37",
        "202104": "18.50",
        "202105": "16.14",
        "202106": "15.89",
        "202107": "16.36",
        "202108": "14.95",
        "202109": "14.66",
        "202110": "17.29",
        "202111": "19.08",
        "202112": "20.27",
        "202201": "18.50",
        "202202": "17.24",
        "202203": "16.30",
        "202204": "16.73",
        "202205": "15.63",
        "202206": "15.26",
        "202207": "14.78",
        "202208": "16.12",
        "202209": "16.65",
        "202210": "15.54",
        "202211": "18.10",
        "202212": "19.45",
        "202301": "17.83",
        "202302": "18.48",
        "202303": "19.08",
        "202304": "18.54",
        "202305": "17.14",
        "202306": "17.63",
        "202307": "17.25",
        "202308": "16.14",
        "202309": "16.52",
        "202310": "16.32",
        "202311": "17.22",
        "202312": "17.43"
    },
    "quarters": {
        "20011": {
            "year_quarter": 20011,
            "year": 2001,
            "quarter": 1,
            "eps": null,
            "eps_growth_year": null,
            "eps_4q": null,
            "eps_4q_growth_year": null,
            "roe": null,
            "roe_4q": 0,
            "gross_profit": null,
            "gross_margin": null,
            "gross_margin_4q_avg": 0,
            "net_income": null,
            "net_income_4q": null,
            "revenue": null,
            "revenue_4q": null,
            "common_shares": null,
            "book_valuer_per_share": null,
            "book_valuer_per_share_4q_avg": 0,
            "equity": null,
            "current_ratio": null,
            "debt_ratio": null,
            "inventory_turnover_ratio": null,
            "account_receivable_turnover_ratio": null,
            "reinvestment_rate": null,
            "research_to_sale_ratio": null,
            "price_fair": 0,
            "eps_avg_yearly": 0,
            "eps_latest_yearly": 0,
            "eps_growth_yearly": 0
        },
        "20012": {
            "year_quarter": 20012,
            "year": 2001,
            "quarter": 2,
            "eps": null,
            "eps_growth_year": null,
            "eps_4q": null,
            "eps_4q_growth_year": null,
            "roe": null,
            "roe_4q": 0,
            "gross_profit": null,
            "gross_margin": null,
            "gross_margin_4q_avg": 0,
            "net_income": null,
            "net_income_4q": null,
            "revenue": null,
            "revenue_4q": null,
            "common_shares": null,
            "book_valuer_per_share": null,
            "book_valuer_per_share_4q_avg": 0,
            "equity": null,
            "current_ratio": null,
            "debt_ratio": null,
            "inventory_turnover_ratio": null,
            "account_receivable_turnover_ratio": null,
            "reinvestment_rate": null,
            "research_to_sale_ratio": null,
            "price_fair": 0,
            "eps_avg_yearly": 0,
            "eps_latest_yearly": 0,
            "eps_growth_yearly": 0
        },
        "20013": {
            "year_quarter": 20013,
            "year": 2001,
            "quarter": 3,
            "eps": null,
            "eps_growth_year": null,
            "eps_4q": null,
            "eps_4q_growth_year": null,
            "roe": null,
            "roe_4q": 0,
            "gross_profit": null,
            "gross_margin": null,
            "gross_margin_4q_avg": 0,
            "net_income": null,
            "net_income_4q": null,
            "revenue": null,
            "revenue_4q": null,
            "common_shares": null,
            "book_valuer_per_share": null,
            "book_valuer_per_share_4q_avg": 0,
            "equity": null,
            "current_ratio": null,
            "debt_ratio": null,
            "inventory_turnover_ratio": null,
            "account_receivable_turnover_ratio": null,
            "reinvestment_rate": null,
            "research_to_sale_ratio": null,
            "price_fair": 0,
            "eps_avg_yearly": 0,
            "eps_latest_yearly": 0,
            "eps_growth_yearly": 0
        },
        "20014": {
            "year_quarter": 20014,
            "year": 2001,
            "quarter": 4,
            "eps": null,
            "eps_growth_year": null,
            "eps_4q": null,
            "eps_4q_growth_year": null,
            "roe": null,
            "roe_4q": 0,
            "gross_profit": null,
            "gross_margin": null,
            "gross_margin_4q_avg": 0,
            "net_income": null,
            "net_income_4q": null,
            "revenue": null,
            "revenue_4q": null,
            "common_shares": 159880,
            "book_valuer_per_share": 11.62,
            "book_valuer_per_share_4q_avg": 2.91,
            "equity": 185847,
            "current_ratio": 205.4,
            "debt_ratio": 40.24,
            "inventory_turnover_ratio": null,
            "account_receivable_turnover_ratio": null,
            "reinvestment_rate": null,
            "research_to_sale_ratio": null,
            "price_fair": 0,
            "eps_avg_yearly": 0,
            "eps_latest_yearly": 0,
            "eps_growth_yearly": 0
        },
        "20021": {
            "year_quarter": 20021,
            "year": 2002,
            "quarter": 1,
            "eps": null,
            "eps_growth_year": null,
            "eps_4q": null,
            "eps_4q_growth_year": null,
            "roe": null,
            "roe_4q": 0,
            "gross_profit": null,
            "gross_margin": null,
            "gross_margin_4q_avg": 0,
            "net_income": null,
            "net_income_4q": null,
            "revenue": null,
            "revenue_4q": null,
            "common_shares": null,
            "book_valuer_per_share": null,
            "book_valuer_per_share_4q_avg": 2.91,
            "equity": null,
            "current_ratio": null,
            "debt_ratio": null,
            "inventory_turnover_ratio": null,
            "account_receivable_turnover_ratio": null,
            "reinvestment_rate": null,
            "research_to_sale_ratio": null,
            "price_fair": 0,
            "eps_avg_yearly": 0,
            "eps_latest_yearly": 0,
            "eps_growth_yearly": 0
        },
        "20022": {
            "year_quarter": 20022,
            "year": 2002,
            "quarter": 2,
            "eps": null,
            "eps_growth_year": null,
            "eps_4q": null,
            "eps_4q_growth_year": null,
            "roe": null,
            "roe_4q": 0,
            "gross_profit": null,
            "gross_margin": null,
            "gross_margin_4q_avg": 0,
            "net_income": null,
            "net_income_4q": null,
            "revenue": null,
            "revenue_4q": null,
            "common_shares": null,
            "book_valuer_per_share": null,
            "book_valuer_per_share_4q_avg": 2.91,
            "equity": null,
            "current_ratio": null,
            "debt_ratio": null,
            "inventory_turnover_ratio": null,
            "account_receivable_turnover_ratio": null,
            "reinvestment_rate": null,
            "research_to_sale_ratio": null,
            "price_fair": 0,
            "eps_avg_yearly": 0,
            "eps_latest_yearly": 0,
            "eps_growth_yearly": 0
        },
        "20023": {
            "year_quarter": 20023,
            "year": 2002,
            "quarter": 3,
            "eps": null,
            "eps_growth_year": null,
            "eps_4q": null,
            "eps_4q_growth_year": null,
            "roe": null,
            "roe_4q": 0,
            "gross_profit": null,
            "gross_margin": null,
            "gross_margin_4q_avg": 0,
            "net_income": null,
            "net_income_4q": null,
            "revenue": null,
            "revenue_4q": null,
            "common_shares": null,
            "book_valuer_per_share": null,
            "book_valuer_per_share_4q_avg": 2.91,
            "equity": null,
            "current_ratio": null,
            "debt_ratio": null,
            "inventory_turnover_ratio": null,
            "account_receivable_turnover_ratio": null,
            "reinvestment_rate": null,
            "research_to_sale_ratio": null,
            "price_fair": 0,
            "eps_avg_yearly": 0,
            "eps_latest_yearly": 0,
            "eps_growth_yearly": 0
        },
        "20024": {
            "year_quarter": 20024,
            "year": 2002,
            "quarter": 4,
            "eps": null,
            "eps_growth_year": null,
            "eps_4q": null,
            "eps_4q_growth_year": null,
            "roe": null,
            "roe_4q": 0,
            "gross_profit": null,
            "gross_margin": null,
            "gross_margin_4q_avg": 0,
            "net_income": null,
            "net_income_4q": null,
            "revenue": null,
            "revenue_4q": null,
            "common_shares": 180000,
            "book_valuer_per_share": 13.24,
            "book_valuer_per_share_4q_avg": 3.31,
            "equity": 238326,
            "current_ratio": 179.49,
            "debt_ratio": 47.16,
            "inventory_turnover_ratio": null,
            "account_receivable_turnover_ratio": null,
            "reinvestment_rate": null,
            "research_to_sale_ratio": null,
            "price_fair": 0,
            "eps_avg_yearly": 0,
            "eps_latest_yearly": 0,
            "eps_growth_yearly": 0
        },
        "20031": {
            "year_quarter": 20031,
            "year": 2003,
            "quarter": 1,
            "eps": null,
            "eps_growth_year": null,
            "eps_4q": null,
            "eps_4q_growth_year": null,
            "roe": null,
            "roe_4q": 0,
            "gross_profit": null,
            "gross_margin": null,
            "gross_margin_4q_avg": 0,
            "net_income": null,
            "net_income_4q": null,
            "revenue": null,
            "revenue_4q": null,
            "common_shares": null,
            "book_valuer_per_share": null,
            "book_valuer_per_share_4q_avg": 3.31,
            "equity": null,
            "current_ratio": null,
            "debt_ratio": null,
            "inventory_turnover_ratio": null,
            "account_receivable_turnover_ratio": null,
            "reinvestment_rate": null,
            "research_to_sale_ratio": null,
            "price_fair": 0,
            "eps_avg_yearly": 0,
            "eps_latest_yearly": 0,
            "eps_growth_yearly": 0
        },
        "20032": {
            "year_quarter": 20032,
            "year": 2003,
            "quarter": 2,
            "eps": null,
            "eps_growth_year": null,
            "eps_4q": null,
            "eps_4q_growth_year": null,
            "roe": null,
            "roe_4q": 0,
            "gross_profit": null,
            "gross_margin": null,
            "gross_margin_4q_avg": 0,
            "net_income": null,
            "net_income_4q": null,
            "revenue": null,
            "revenue_4q": null,
            "common_shares": null,
            "book_valuer_per_share": null,
            "book_valuer_per_share_4q_avg": 3.31,
            "equity": null,
            "current_ratio": null,
            "debt_ratio": null,
            "inventory_turnover_ratio": null,
            "account_receivable_turnover_ratio": null,
            "reinvestment_rate": null,
            "research_to_sale_ratio": null,
            "price_fair": 0,
            "eps_avg_yearly": 0,
            "eps_latest_yearly": 0,
            "eps_growth_yearly": 0
        },
        "20033": {
            "year_quarter": 20033,
            "year": 2003,
            "quarter": 3,
            "eps": null,
            "eps_growth_year": null,
            "eps_4q": null,
            "eps_4q_growth_year": null,
            "roe": null,
            "roe_4q": 0,
            "gross_profit": null,
            "gross_margin": null,
            "gross_margin_4q_avg": 0,
            "net_income": null,
            "net_income_4q": null,
            "revenue": null,
            "revenue_4q": null,
            "common_shares": null,
            "book_valuer_per_share": null,
            "book_valuer_per_share_4q_avg": 3.31,
            "equity": null,
            "current_ratio": null,
            "debt_ratio": null,
            "inventory_turnover_ratio": null,
            "account_receivable_turnover_ratio": null,
            "reinvestment_rate": null,
            "research_to_sale_ratio": null,
            "price_fair": 0,
            "eps_avg_yearly": 0,
            "eps_latest_yearly": 0,
            "eps_growth_yearly": 0
        },
        "20034": {
            "year_quarter": 20034,
            "year": 2003,
            "quarter": 4,
            "eps": null,
            "eps_growth_year": null,
            "eps_4q": null,
            "eps_4q_growth_year": null,
            "roe": null,
            "roe_4q": 0,
            "gross_profit": null,
            "gross_margin": null,
            "gross_margin_4q_avg": 0,
            "net_income": null,
            "net_income_4q": null,
            "revenue": null,
            "revenue_4q": null,
            "common_shares": 204000,
            "book_valuer_per_share": 15.58,
            "book_valuer_per_share_4q_avg": 3.9,
            "equity": 317875,
            "current_ratio": 248.29,
            "debt_ratio": 34.71,
            "inventory_turnover_ratio": null,
            "account_receivable_turnover_ratio": null,
            "reinvestment_rate": null,
            "research_to_sale_ratio": null,
            "price_fair": 0,
            "eps_avg_yearly": 0,
            "eps_latest_yearly": 0,
            "eps_growth_yearly": 0
        },
        "20041": {
            "year_quarter": 20041,
            "year": 2004,
            "quarter": 1,
            "eps": null,
            "eps_growth_year": null,
            "eps_4q": null,
            "eps_4q_growth_year": null,
            "roe": null,
            "roe_4q": 0,
            "gross_profit": null,
            "gross_margin": null,
            "gross_margin_4q_avg": 0,
            "net_income": null,
            "net_income_4q": null,
            "revenue": null,
            "revenue_4q": null,
            "common_shares": null,
            "book_valuer_per_share": null,
            "book_valuer_per_share_4q_avg": 3.9,
            "equity": null,
            "current_ratio": null,
            "debt_ratio": null,
            "inventory_turnover_ratio": null,
            "account_receivable_turnover_ratio": null,
            "reinvestment_rate": null,
            "research_to_sale_ratio": null,
            "price_fair": 0,
            "eps_avg_yearly": 0,
            "eps_latest_yearly": 0,
            "eps_growth_yearly": 0
        },
        "20042": {
            "year_quarter": 20042,
            "year": 2004,
            "quarter": 2,
            "eps": null,
            "eps_growth_year": null,
            "eps_4q": null,
            "eps_4q_growth_year": null,
            "roe": null,
            "roe_4q": 0,
            "gross_profit": null,
            "gross_margin": null,
            "gross_margin_4q_avg": 0,
            "net_income": null,
            "net_income_4q": null,
            "revenue": null,
            "revenue_4q": null,
            "common_shares": null,
            "book_valuer_per_share": null,
            "book_valuer_per_share_4q_avg": 3.9,
            "equity": null,
            "current_ratio": null,
            "debt_ratio": null,
            "inventory_turnover_ratio": null,
            "account_receivable_turnover_ratio": null,
            "reinvestment_rate": null,
            "research_to_sale_ratio": null,
            "price_fair": 0,
            "eps_avg_yearly": 0,
            "eps_latest_yearly": 0,
            "eps_growth_yearly": 0
        },
        "20043": {
            "year_quarter": 20043,
            "year": 2004,
            "quarter": 3,
            "eps": 1.81,
            "eps_growth_year": null,
            "eps_4q": null,
            "eps_4q_growth_year": null,
            "roe": 10.53,
            "roe_4q": 10.53,
            "gross_profit": 70292,
            "gross_margin": 27.9,
            "gross_margin_4q_avg": 6.98,
            "net_income": 40894,
            "net_income_4q": null,
            "revenue": 251926,
            "revenue_4q": null,
            "common_shares": 226400,
            "book_valuer_per_share": 17.15,
            "book_valuer_per_share_4q_avg": 8.18,
            "equity": 388193,
            "current_ratio": 224.5,
            "debt_ratio": 36.5,
            "inventory_turnover_ratio": 1,
            "account_receivable_turnover_ratio": null,
            "reinvestment_rate": null,
            "research_to_sale_ratio": null,
            "price_fair": 0,
            "eps_avg_yearly": 0,
            "eps_latest_yearly": 0,
            "eps_growth_yearly": 0
        },
        "20044": {
            "year_quarter": 20044,
            "year": 2004,
            "quarter": 4,
            "eps": 1.57,
            "eps_growth_year": null,
            "eps_4q": null,
            "eps_4q_growth_year": null,
            "roe": 8.74,
            "roe_4q": 19.27,
            "gross_profit": 68374,
            "gross_margin": 26.63,
            "gross_margin_4q_avg": 13.63,
            "net_income": 35471,
            "net_income_4q": null,
            "revenue": 256735,
            "revenue_4q": null,
            "common_shares": 226400,
            "book_valuer_per_share": 18.71,
            "book_valuer_per_share_4q_avg": 8.97,
            "equity": 423663,
            "current_ratio": 262.9,
            "debt_ratio": 31.09,
            "inventory_turnover_ratio": 1.14,
            "account_receivable_turnover_ratio": null,
            "reinvestment_rate": null,
            "research_to_sale_ratio": null,
            "price_fair": 18.84,
            "eps_avg_yearly": 6.28,
            "eps_latest_yearly": 6.28,
            "eps_growth_yearly": -53.04
        },
        "20051": {
            "year_quarter": 20051,
            "year": 2005,
            "quarter": 1,
            "eps": 1.31,
            "eps_growth_year": null,
            "eps_4q": null,
            "eps_4q_growth_year": null,
            "roe": 6.78,
            "roe_4q": 26.049999999999997,
            "gross_profit": 57981,
            "gross_margin": 24.98,
            "gross_margin_4q_avg": 19.88,
            "net_income": 29717,
            "net_income_4q": null,
            "revenue": 232121,
            "revenue_4q": null,
            "common_shares": 226400,
            "book_valuer_per_share": 20.03,
            "book_valuer_per_share_4q_avg": 13.97,
            "equity": 453380,
            "current_ratio": 266.76,
            "debt_ratio": 31.28,
            "inventory_turnover_ratio": 1.12,
            "account_receivable_turnover_ratio": null,
            "reinvestment_rate": null,
            "research_to_sale_ratio": null,
            "price_fair": 17.28,
            "eps_avg_yearly": 5.76,
            "eps_latest_yearly": 5.24,
            "eps_growth_yearly": -59.64
        },
        "20052": {
            "year_quarter": 20052,
            "year": 2005,
            "quarter": 2,
            "eps": 1.44,
            "eps_growth_year": null,
            "eps_4q": 6.04,
            "eps_4q_growth_year": null,
            "roe": 6.72,
            "roe_4q": 32.77,
            "gross_profit": 60741,
            "gross_margin": 24.97,
            "gross_margin_4q_avg": 26.12,
            "net_income": 33213,
            "net_income_4q": null,
            "revenue": 243211,
            "revenue_4q": null,
            "common_shares": 252140,
            "book_valuer_per_share": 21.23,
            "book_valuer_per_share_4q_avg": 19.28,
            "equity": 535288,
            "current_ratio": 260.62,
            "debt_ratio": 32.12,
            "inventory_turnover_ratio": 1.13,
            "account_receivable_turnover_ratio": null,
            "reinvestment_rate": null,
            "research_to_sale_ratio": null,
            "price_fair": 17.28,
            "eps_avg_yearly": 5.76,
            "eps_latest_yearly": 5.76,
            "eps_growth_yearly": -26.53
        },
        "20053": {
            "year_quarter": 20053,
            "year": 2005,
            "quarter": 3,
            "eps": 2.23,
            "eps_growth_year": 23.2,
            "eps_4q": 5.95,
            "eps_4q_growth_year": null,
            "roe": 10.44,
            "roe_4q": 32.68,
            "gross_profit": 69820,
            "gross_margin": 26.5,
            "gross_margin_4q_avg": 25.77,
            "net_income": 58981,
            "net_income_4q": null,
            "revenue": 263484,
            "revenue_4q": null,
            "common_shares": 280554,
            "book_valuer_per_share": 21.18,
            "book_valuer_per_share_4q_avg": 20.29,
            "equity": 594269,
            "current_ratio": 315.98,
            "debt_ratio": 27.07,
            "inventory_turnover_ratio": 1.16,
            "account_receivable_turnover_ratio": null,
            "reinvestment_rate": null,
            "research_to_sale_ratio": null,
            "price_fair": 229.25,
            "eps_avg_yearly": 6.55,
            "eps_latest_yearly": 8.92,
            "eps_growth_yearly": 34.96
        },
        "20054": {
            "year_quarter": 20054,
            "year": 2005,
            "quarter": 4,
            "eps": 1.17,
            "eps_growth_year": -25.48,
            "eps_4q": 5.71,
            "eps_4q_growth_year": null,
            "roe": 5.16,
            "roe_4q": 29.1,
            "gross_profit": 57060,
            "gross_margin": 24.4,
            "gross_margin_4q_avg": 25.21,
            "net_income": 31421,
            "net_income_4q": null,
            "revenue": 233889,
            "revenue_4q": null,
            "common_shares": 280554,
            "book_valuer_per_share": 22.27,
            "book_valuer_per_share_4q_avg": 21.18,
            "equity": 624716,
            "current_ratio": 337.89,
            "debt_ratio": 25.95,
            "inventory_turnover_ratio": 0.91,
            "account_receivable_turnover_ratio": null,
            "reinvestment_rate": null,
            "research_to_sale_ratio": null,
            "price_fair": 18.53,
            "eps_avg_yearly": 6.18,
            "eps_latest_yearly": 4.68,
            "eps_growth_yearly": -10.06
        },
        "20061": {
            "year_quarter": 20061,
            "year": 2006,
            "quarter": 1,
            "eps": 1.04,
            "eps_growth_year": -20.61,
            "eps_4q": 5.46,
            "eps_4q_growth_year": null,
            "roe": 4.55,
            "roe_4q": 26.869999999999997,
            "gross_profit": 59844,
            "gross_margin": 24.92,
            "gross_margin_4q_avg": 25.2,
            "net_income": 29060,
            "net_income_4q": null,
            "revenue": 240161,
            "revenue_4q": null,
            "common_shares": 280554,
            "book_valuer_per_share": 23.3,
            "book_valuer_per_share_4q_avg": 22,
            "equity": 653699,
            "current_ratio": 310.5,
            "debt_ratio": 25.07,
            "inventory_turnover_ratio": 0.82,
            "account_receivable_turnover_ratio": null,
            "reinvestment_rate": null,
            "research_to_sale_ratio": null,
            "price_fair": 17.52,
            "eps_avg_yearly": 5.84,
            "eps_latest_yearly": 4.16,
            "eps_growth_yearly": -15.79
        },
        "20062": {
            "year_quarter": 20062,
            "year": 2006,
            "quarter": 2,
            "eps": 0.98,
            "eps_growth_year": -31.94,
            "eps_4q": 4.82,
            "eps_4q_growth_year": -20.23,
            "roe": 4.78,
            "roe_4q": 24.93,
            "gross_profit": 68129,
            "gross_margin": 25.82,
            "gross_margin_4q_avg": 25.41,
            "net_income": 30509,
            "net_income_4q": null,
            "revenue": 263885,
            "revenue_4q": null,
            "common_shares": 280554,
            "book_valuer_per_share": 22.2,
            "book_valuer_per_share_4q_avg": 22.24,
            "equity": 622800,
            "current_ratio": 248.94,
            "debt_ratio": 31.57,
            "inventory_turnover_ratio": 0.87,
            "account_receivable_turnover_ratio": null,
            "reinvestment_rate": null,
            "research_to_sale_ratio": null,
            "price_fair": 16.7,
            "eps_avg_yearly": 5.57,
            "eps_latest_yearly": 3.92,
            "eps_growth_yearly": -16.83
        },
        "20063": {
            "year_quarter": 20063,
            "year": 2006,
            "quarter": 3,
            "eps": 1.28,
            "eps_growth_year": -42.6,
            "eps_4q": 4.2,
            "eps_4q_growth_year": -29.44,
            "roe": 6.2,
            "roe_4q": 20.69,
            "gross_profit": 60243,
            "gross_margin": 24.09,
            "gross_margin_4q_avg": 24.81,
            "net_income": 39901,
            "net_income_4q": null,
            "revenue": 250111,
            "revenue_4q": null,
            "common_shares": 312409,
            "book_valuer_per_share": 21.26,
            "book_valuer_per_share_4q_avg": 22.26,
            "equity": 664148,
            "current_ratio": 325.54,
            "debt_ratio": 23.42,
            "inventory_turnover_ratio": 0.87,
            "account_receivable_turnover_ratio": null,
            "reinvestment_rate": null,
            "research_to_sale_ratio": null,
            "price_fair": 55.1,
            "eps_avg_yearly": 5.51,
            "eps_latest_yearly": 5.12,
            "eps_growth_yearly": 0.58
        },
        "20064": {
            "year_quarter": 20064,
            "year": 2006,
            "quarter": 4,
            "eps": 0.53,
            "eps_growth_year": -54.7,
            "eps_4q": 3.74,
            "eps_4q_growth_year": -34.56,
            "roe": 2.44,
            "roe_4q": 17.970000000000002,
            "gross_profit": 56691,
            "gross_margin": 24.84,
            "gross_margin_4q_avg": 24.92,
            "net_income": 16441,
            "net_income_4q": null,
            "revenue": 228203,
            "revenue_4q": null,
            "common_shares": 312409,
            "book_valuer_per_share": 21.8,
            "book_valuer_per_share_4q_avg": 22.14,
            "equity": 681194,
            "current_ratio": 363.54,
            "debt_ratio": 22.07,
            "inventory_turnover_ratio": 0.81,
            "account_receivable_turnover_ratio": null,
            "reinvestment_rate": null,
            "research_to_sale_ratio": null,
            "price_fair": 15.4,
            "eps_avg_yearly": 5.13,
            "eps_latest_yearly": 2.12,
            "eps_growth_yearly": -25.52
        },
        "20071": {
            "year_quarter": 20071,
            "year": 2007,
            "quarter": 1,
            "eps": 1.56,
            "eps_growth_year": 50,
            "eps_4q": 4.35,
            "eps_4q_growth_year": -20.43,
            "roe": 6.9,
            "roe_4q": 20.32,
            "gross_profit": 63348,
            "gross_margin": 24.4,
            "gross_margin_4q_avg": 24.79,
            "net_income": 48603,
            "net_income_4q": null,
            "revenue": 259648,
            "revenue_4q": null,
            "common_shares": 312409,
            "book_valuer_per_share": 23.31,
            "book_valuer_per_share_4q_avg": 22.14,
            "equity": 728370,
            "current_ratio": 342.41,
            "debt_ratio": 22.76,
            "inventory_turnover_ratio": 0.95,
            "account_receivable_turnover_ratio": null,
            "reinvestment_rate": null,
            "research_to_sale_ratio": null,
            "price_fair": 183.54,
            "eps_avg_yearly": 5.24,
            "eps_latest_yearly": 6.24,
            "eps_growth_yearly": 54.76
        },
        "20072": {
            "year_quarter": 20072,
            "year": 2007,
            "quarter": 2,
            "eps": 1.32,
            "eps_growth_year": 34.69,
            "eps_4q": 4.68,
            "eps_4q_growth_year": -2.9,
            "roe": 5.82,
            "roe_4q": 21.36,
            "gross_profit": 78767,
            "gross_margin": 25.84,
            "gross_margin_4q_avg": 24.79,
            "net_income": 41255,
            "net_income_4q": null,
            "revenue": 304811,
            "revenue_4q": null,
            "common_shares": 312409,
            "book_valuer_per_share": 22.05,
            "book_valuer_per_share_4q_avg": 22.11,
            "equity": 688709,
            "current_ratio": 247.73,
            "debt_ratio": 31.55,
            "inventory_turnover_ratio": 1.12,
            "account_receivable_turnover_ratio": null,
            "reinvestment_rate": null,
            "research_to_sale_ratio": null,
            "price_fair": 183.65,
            "eps_avg_yearly": 5.25,
            "eps_latest_yearly": 5.28,
            "eps_growth_yearly": 44.19
        },
        "20073": {
            "year_quarter": 20073,
            "year": 2007,
            "quarter": 3,
            "eps": 1.42,
            "eps_growth_year": 10.94,
            "eps_4q": 4.72,
            "eps_4q_growth_year": 12.38,
            "roe": 6.16,
            "roe_4q": 21.320000000000004,
            "gross_profit": 80304,
            "gross_margin": 26.55,
            "gross_margin_4q_avg": 25.41,
            "net_income": 45760,
            "net_income_4q": null,
            "revenue": 302431,
            "revenue_4q": null,
            "common_shares": 322658,
            "book_valuer_per_share": 24.68,
            "book_valuer_per_share_4q_avg": 22.96,
            "equity": 796201,
            "current_ratio": 313.45,
            "debt_ratio": 22.58,
            "inventory_turnover_ratio": 1.09,
            "account_receivable_turnover_ratio": null,
            "reinvestment_rate": null,
            "research_to_sale_ratio": null,
            "price_fair": 184.92,
            "eps_avg_yearly": 5.28,
            "eps_latest_yearly": 5.68,
            "eps_growth_yearly": 43.03
        },
        "20074": {
            "year_quarter": 20074,
            "year": 2007,
            "quarter": 4,
            "eps": 0.42,
            "eps_growth_year": -20.75,
            "eps_4q": 4.61,
            "eps_4q_growth_year": 23.34,
            "roe": 1.72,
            "roe_4q": 20.6,
            "gross_profit": 63623,
            "gross_margin": 24.46,
            "gross_margin_4q_avg": 25.31,
            "net_income": 13599,
            "net_income_4q": null,
            "revenue": 260066,
            "revenue_4q": null,
            "common_shares": 322658,
            "book_valuer_per_share": 24.43,
            "book_valuer_per_share_4q_avg": 23.62,
            "equity": 788373,
            "current_ratio": 299.56,
            "debt_ratio": 24.16,
            "inventory_turnover_ratio": 0.99,
            "account_receivable_turnover_ratio": null,
            "reinvestment_rate": null,
            "research_to_sale_ratio": null,
            "price_fair": 140.45,
            "eps_avg_yearly": 5.01,
            "eps_latest_yearly": 1.68,
            "eps_growth_yearly": 18.05
        },
        "20081": {
            "year_quarter": 20081,
            "year": 2008,
            "quarter": 1,
            "eps": 0.11,
            "eps_growth_year": -92.95,
            "eps_4q": 3.22,
            "eps_4q_growth_year": -25.84,
            "roe": 0.46,
            "roe_4q": 14.16,
            "gross_profit": 67891,
            "gross_margin": 24.19,
            "gross_margin_4q_avg": 25.26,
            "net_income": 3554,
            "net_income_4q": null,
            "revenue": 280683,
            "revenue_4q": null,
            "common_shares": 322658,
            "book_valuer_per_share": 23.94,
            "book_valuer_per_share_4q_avg": 23.78,
            "equity": 772370,
            "current_ratio": 312.19,
            "debt_ratio": 23.61,
            "inventory_turnover_ratio": 1.05,
            "account_receivable_turnover_ratio": null,
            "reinvestment_rate": null,
            "research_to_sale_ratio": null,
            "price_fair": 14.04,
            "eps_avg_yearly": 4.68,
            "eps_latest_yearly": 0.44,
            "eps_growth_yearly": -4.32
        },
        "20082": {
            "year_quarter": 20082,
            "year": 2008,
            "quarter": 2,
            "eps": 0.67,
            "eps_growth_year": -49.24,
            "eps_4q": 2.63,
            "eps_4q_growth_year": -43.7,
            "roe": 2.92,
            "roe_4q": 11.26,
            "gross_profit": 78213,
            "gross_margin": 27.62,
            "gross_margin_4q_avg": 25.71,
            "net_income": 21465,
            "net_income_4q": null,
            "revenue": 283137,
            "revenue_4q": null,
            "common_shares": 322658,
            "book_valuer_per_share": 21.64,
            "book_valuer_per_share_4q_avg": 23.67,
            "equity": 698355,
            "current_ratio": 191.89,
            "debt_ratio": 30.62,
            "inventory_turnover_ratio": 1.07,
            "account_receivable_turnover_ratio": null,
            "reinvestment_rate": 60.87,
            "research_to_sale_ratio": null,
            "price_fair": 159.13,
            "eps_avg_yearly": 4.55,
            "eps_latest_yearly": 2.68,
            "eps_growth_yearly": 131.72
        },
        "20083": {
            "year_quarter": 20083,
            "year": 2008,
            "quarter": 3,
            "eps": 0.65,
            "eps_growth_year": -54.23,
            "eps_4q": 1.79,
            "eps_4q_growth_year": -62.01,
            "roe": 3.12,
            "roe_4q": 8.22,
            "gross_profit": 60572,
            "gross_margin": 27.45,
            "gross_margin_4q_avg": 25.93,
            "net_income": 21969,
            "net_income_4q": null,
            "revenue": 220676,
            "revenue_4q": null,
            "common_shares": 337337,
            "book_valuer_per_share": 20.99,
            "book_valuer_per_share_4q_avg": 22.75,
            "equity": 708222,
            "current_ratio": 241.51,
            "debt_ratio": 23.7,
            "inventory_turnover_ratio": 0.89,
            "account_receivable_turnover_ratio": null,
            "reinvestment_rate": 51.16,
            "research_to_sale_ratio": null,
            "price_fair": 154.88,
            "eps_avg_yearly": 4.43,
            "eps_latest_yearly": 2.6,
            "eps_growth_yearly": 122.74
        },
        "20084": {
            "year_quarter": 20084,
            "year": 2008,
            "quarter": 4,
            "eps": 0.41,
            "eps_growth_year": -2.38,
            "eps_4q": 1.8,
            "eps_4q_growth_year": -60.84,
            "roe": 1.94,
            "roe_4q": 8.440000000000001,
            "gross_profit": 43734,
            "gross_margin": 23.63,
            "gross_margin_4q_avg": 25.72,
            "net_income": 13814,
            "net_income_4q": null,
            "revenue": 185043,
            "revenue_4q": null,
            "common_shares": 337338,
            "book_valuer_per_share": 21.25,
            "book_valuer_per_share_4q_avg": 21.96,
            "equity": 716760,
            "current_ratio": 288.8,
            "debt_ratio": 19.53,
            "inventory_turnover_ratio": 0.78,
            "account_receivable_turnover_ratio": 2.82,
            "reinvestment_rate": 53.04,
            "research_to_sale_ratio": null,
            "price_fair": 144.73,
            "eps_avg_yearly": 4.14,
            "eps_latest_yearly": 1.64,
            "eps_growth_yearly": 116.83
        },
        "20091": {
            "year_quarter": 20091,
            "year": 2009,
            "quarter": 1,
            "eps": 0.47,
            "eps_growth_year": 327.27,
            "eps_4q": 2.17,
            "eps_4q_growth_year": -32.68,
            "roe": 2.18,
            "roe_4q": 10.16,
            "gross_profit": 46580,
            "gross_margin": 28.49,
            "gross_margin_4q_avg": 26.8,
            "net_income": 15822,
            "net_income_4q": null,
            "revenue": 163480,
            "revenue_4q": null,
            "common_shares": 337337,
            "book_valuer_per_share": 21.87,
            "book_valuer_per_share_4q_avg": 21.44,
            "equity": 737672,
            "current_ratio": 320.89,
            "debt_ratio": 17.62,
            "inventory_turnover_ratio": 0.68,
            "account_receivable_turnover_ratio": 1.29,
            "reinvestment_rate": 54.61,
            "research_to_sale_ratio": null,
            "price_fair": 137.38,
            "eps_avg_yearly": 3.93,
            "eps_latest_yearly": 1.88,
            "eps_growth_yearly": 124.63
        },
        "20092": {
            "year_quarter": 20092,
            "year": 2009,
            "quarter": 2,
            "eps": 0.34,
            "eps_growth_year": -49.25,
            "eps_4q": 1.84,
            "eps_4q_growth_year": -30.32,
            "roe": 1.6,
            "roe_4q": 8.84,
            "gross_profit": 55211,
            "gross_margin": 25.2,
            "gross_margin_4q_avg": 26.19,
            "net_income": 11734,
            "net_income_4q": null,
            "revenue": 219057,
            "revenue_4q": null,
            "common_shares": 337338,
            "book_valuer_per_share": 21.53,
            "book_valuer_per_share_4q_avg": 21.41,
            "equity": 726166,
            "current_ratio": 243.39,
            "debt_ratio": 24.46,
            "inventory_turnover_ratio": 0.97,
            "account_receivable_turnover_ratio": 1.53,
            "reinvestment_rate": 56.61,
            "research_to_sale_ratio": null,
            "price_fair": 127.75,
            "eps_avg_yearly": 3.65,
            "eps_latest_yearly": 1.36,
            "eps_growth_yearly": 115.23
        },
        "20093": {
            "year_quarter": 20093,
            "year": 2009,
            "quarter": 3,
            "eps": 0.69,
            "eps_growth_year": 6.15,
            "eps_4q": 1.89,
            "eps_4q_growth_year": 5.21,
            "roe": 3.23,
            "roe_4q": 8.95,
            "gross_profit": 78123,
            "gross_margin": 27.67,
            "gross_margin_4q_avg": 26.25,
            "net_income": 23869,
            "net_income_4q": null,
            "revenue": 282314,
            "revenue_4q": null,
            "common_shares": 343842,
            "book_valuer_per_share": 21.82,
            "book_valuer_per_share_4q_avg": 21.62,
            "equity": 750153,
            "current_ratio": 237.25,
            "debt_ratio": 26.07,
            "inventory_turnover_ratio": 1.08,
            "account_receivable_turnover_ratio": 1.58,
            "reinvestment_rate": 60.98,
            "research_to_sale_ratio": null,
            "price_fair": 114.28,
            "eps_avg_yearly": 3.27,
            "eps_latest_yearly": 2.76,
            "eps_growth_yearly": 127.25
        },
        "20094": {
            "year_quarter": 20094,
            "year": 2009,
            "quarter": 4,
            "eps": 0.58,
            "eps_growth_year": 41.46,
            "eps_4q": 2.08,
            "eps_4q_growth_year": 15.15,
            "roe": 2.64,
            "roe_4q": 9.65,
            "gross_profit": 72423,
            "gross_margin": 29.58,
            "gross_margin_4q_avg": 27.74,
            "net_income": 20023,
            "net_income_4q": null,
            "revenue": 244822,
            "revenue_4q": null,
            "common_shares": 343843,
            "book_valuer_per_share": 22.31,
            "book_valuer_per_share_4q_avg": 21.88,
            "equity": 766977,
            "current_ratio": 344.82,
            "debt_ratio": 19.88,
            "inventory_turnover_ratio": 0.89,
            "account_receivable_turnover_ratio": 2.83,
            "reinvestment_rate": 79.9,
            "research_to_sale_ratio": null,
            "price_fair": 109.11,
            "eps_avg_yearly": 3.12,
            "eps_latest_yearly": 2.32,
            "eps_growth_yearly": 135.15
        },
        "20101": {
            "year_quarter": 20101,
            "year": 2010,
            "quarter": 1,
            "eps": 0.45,
            "eps_growth_year": -4.26,
            "eps_4q": 2.06,
            "eps_4q_growth_year": -4.93,
            "roe": 1.99,
            "roe_4q": 9.459999999999999,
            "gross_profit": 63445,
            "gross_margin": 24.78,
            "gross_margin_4q_avg": 26.81,
            "net_income": 15325,
            "net_income_4q": null,
            "revenue": 256004,
            "revenue_4q": null,
            "common_shares": 343842,
            "book_valuer_per_share": 22.48,
            "book_valuer_per_share_4q_avg": 22.04,
            "equity": 772953,
            "current_ratio": 253.03,
            "debt_ratio": 28.06,
            "inventory_turnover_ratio": 1.04,
            "account_receivable_turnover_ratio": 1.38,
            "reinvestment_rate": 73.13,
            "research_to_sale_ratio": 4.22,
            "price_fair": 103.95,
            "eps_avg_yearly": 2.97,
            "eps_latest_yearly": 1.8,
            "eps_growth_yearly": 132.32
        },
        "20102": {
            "year_quarter": 20102,
            "year": 2010,
            "quarter": 2,
            "eps": 0.86,
            "eps_growth_year": 151.81,
            "eps_4q": 2.58,
            "eps_4q_growth_year": 40.49,
            "roe": 3.81,
            "roe_4q": 11.67,
            "gross_profit": 87525,
            "gross_margin": 26.64,
            "gross_margin_4q_avg": 27.17,
            "net_income": 29438,
            "net_income_4q": null,
            "revenue": 328593,
            "revenue_4q": null,
            "common_shares": 343843,
            "book_valuer_per_share": 22.43,
            "book_valuer_per_share_4q_avg": 22.26,
            "equity": 771244,
            "current_ratio": 226.03,
            "debt_ratio": 31.87,
            "inventory_turnover_ratio": 1.18,
            "account_receivable_turnover_ratio": 1.42,
            "reinvestment_rate": 70.25,
            "research_to_sale_ratio": 3.44,
            "price_fair": 102.9,
            "eps_avg_yearly": 2.94,
            "eps_latest_yearly": 3.44,
            "eps_growth_yearly": 156.54
        },
        "20103": {
            "year_quarter": 20103,
            "year": 2010,
            "quarter": 3,
            "eps": 0.48,
            "eps_growth_year": -30.36,
            "eps_4q": 2.36,
            "eps_4q_growth_year": 25.39,
            "roe": 2.12,
            "roe_4q": 10.56,
            "gross_profit": 67637,
            "gross_margin": 27.5,
            "gross_margin_4q_avg": 27.13,
            "net_income": 16523,
            "net_income_4q": null,
            "revenue": 245979,
            "revenue_4q": null,
            "common_shares": 343842,
            "book_valuer_per_share": 22.94,
            "book_valuer_per_share_4q_avg": 22.54,
            "equity": 788820,
            "current_ratio": 285.15,
            "debt_ratio": 24.54,
            "inventory_turnover_ratio": 0.78,
            "account_receivable_turnover_ratio": 1.07,
            "reinvestment_rate": 76.24,
            "research_to_sale_ratio": 4.61,
            "price_fair": 95.9,
            "eps_avg_yearly": 2.74,
            "eps_latest_yearly": 1.92,
            "eps_growth_yearly": 137.84
        },
        "20104": {
            "year_quarter": 20104,
            "year": 2010,
            "quarter": 4,
            "eps": -0.35,
            "eps_growth_year": -161.16,
            "eps_4q": 1.43,
            "eps_4q_growth_year": -31.29,
            "roe": -1.56,
            "roe_4q": 6.36,
            "gross_profit": 40987,
            "gross_margin": 22.21,
            "gross_margin_4q_avg": 25.28,
            "net_income": -12197,
            "net_income_4q": null,
            "revenue": 184571,
            "revenue_4q": null,
            "common_shares": 343843,
            "book_valuer_per_share": 22.62,
            "book_valuer_per_share_4q_avg": 22.62,
            "equity": 777720,
            "current_ratio": 325.11,
            "debt_ratio": 18.75,
            "inventory_turnover_ratio": 0.67,
            "account_receivable_turnover_ratio": 1.06,
            "reinvestment_rate": 97.53,
            "research_to_sale_ratio": 5.68,
            "price_fair": 97.35,
            "eps_avg_yearly": 2.78,
            "eps_latest_yearly": 1.92,
            "eps_growth_yearly": 162.66
        },
        "20111": {
            "year_quarter": 20111,
            "year": 2011,
            "quarter": 1,
            "eps": -0.09,
            "eps_growth_year": -120,
            "eps_4q": 0.89,
            "eps_4q_growth_year": -56.93,
            "roe": -0.41,
            "roe_4q": 3.96,
            "gross_profit": 34824,
            "gross_margin": 18.91,
            "gross_margin_4q_avg": 23.82,
            "net_income": -3163,
            "net_income_4q": null,
            "revenue": 184112,
            "revenue_4q": null,
            "common_shares": 344332,
            "book_valuer_per_share": 22.53,
            "book_valuer_per_share_4q_avg": 22.63,
            "equity": 775674,
            "current_ratio": 265,
            "debt_ratio": 22.34,
            "inventory_turnover_ratio": 0.74,
            "account_receivable_turnover_ratio": 1.21,
            "reinvestment_rate": 128.04,
            "research_to_sale_ratio": 5.54,
            "price_fair": 88.7,
            "eps_avg_yearly": 2.53,
            "eps_latest_yearly": 1.92,
            "eps_growth_yearly": 118.75
        },
        "20112": {
            "year_quarter": 20112,
            "year": 2011,
            "quarter": 2,
            "eps": 0.12,
            "eps_growth_year": -86.53,
            "eps_4q": 0.15,
            "eps_4q_growth_year": -94.22,
            "roe": 0.52,
            "roe_4q": 0.6700000000000002,
            "gross_profit": 48897,
            "gross_margin": 19.96,
            "gross_margin_4q_avg": 22.15,
            "net_income": 3985,
            "net_income_4q": null,
            "revenue": 244972,
            "revenue_4q": null,
            "common_shares": 345642,
            "book_valuer_per_share": 21.64,
            "book_valuer_per_share_4q_avg": 22.43,
            "equity": 747974,
            "current_ratio": 181.86,
            "debt_ratio": 31.81,
            "inventory_turnover_ratio": 0.9,
            "account_receivable_turnover_ratio": 1.43,
            "reinvestment_rate": 165.08,
            "research_to_sale_ratio": 3.88,
            "price_fair": 81.31,
            "eps_avg_yearly": 2.32,
            "eps_latest_yearly": 1.92,
            "eps_growth_yearly": 132.62
        },
        "20113": {
            "year_quarter": 20113,
            "year": 2011,
            "quarter": 3,
            "eps": 0.49,
            "eps_growth_year": 1.9,
            "eps_4q": 0.16,
            "eps_4q_growth_year": -93.19,
            "roe": 2.24,
            "roe_4q": 0.79,
            "gross_profit": 45098,
            "gross_margin": 23.29,
            "gross_margin_4q_avg": 21.09,
            "net_income": 16954,
            "net_income_4q": null,
            "revenue": 193644,
            "revenue_4q": null,
            "common_shares": 346222,
            "book_valuer_per_share": 22.15,
            "book_valuer_per_share_4q_avg": 22.24,
            "equity": 766885,
            "current_ratio": 216.85,
            "debt_ratio": 24.55,
            "inventory_turnover_ratio": 0.7,
            "account_receivable_turnover_ratio": 1.15,
            "reinvestment_rate": 186.32,
            "research_to_sale_ratio": 6.25,
            "price_fair": 71.29,
            "eps_avg_yearly": 2.04,
            "eps_latest_yearly": 1.96,
            "eps_growth_yearly": 225.16
        },
        "20114": {
            "year_quarter": 20114,
            "year": 2011,
            "quarter": 4,
            "eps": 0.42,
            "eps_growth_year": null,
            "eps_4q": 0.93,
            "eps_4q_growth_year": -34.79,
            "roe": 1.88,
            "roe_4q": 4.23,
            "gross_profit": 48691,
            "gross_margin": 24.04,
            "gross_margin_4q_avg": 21.55,
            "net_income": 14564,
            "net_income_4q": null,
            "revenue": 202566,
            "revenue_4q": null,
            "common_shares": 347392,
            "book_valuer_per_share": 22.62,
            "book_valuer_per_share_4q_avg": 22.24,
            "equity": 785644,
            "current_ratio": 210.66,
            "debt_ratio": 22.34,
            "inventory_turnover_ratio": 0.85,
            "account_receivable_turnover_ratio": 1.57,
            "reinvestment_rate": 211.71,
            "research_to_sale_ratio": 5.47,
            "price_fair": 71.29,
            "eps_avg_yearly": 2.04,
            "eps_latest_yearly": 1.68,
            "eps_growth_yearly": 242.43
        },
        "20121": {
            "year_quarter": 20121,
            "year": 2012,
            "quarter": 1,
            "eps": -0.05,
            "eps_growth_year": null,
            "eps_4q": 0.96,
            "eps_4q_growth_year": 8.36,
            "roe": -0.24,
            "roe_4q": 4.4,
            "gross_profit": 44132,
            "gross_margin": 24.23,
            "gross_margin_4q_avg": 22.88,
            "net_income": -1859,
            "net_income_4q": null,
            "revenue": 182122,
            "revenue_4q": null,
            "common_shares": 349352,
            "book_valuer_per_share": 22.5,
            "book_valuer_per_share_4q_avg": 22.23,
            "equity": 786207,
            "current_ratio": 205.3,
            "debt_ratio": 23.1,
            "inventory_turnover_ratio": 0.89,
            "account_receivable_turnover_ratio": 1.66,
            "reinvestment_rate": 208.88,
            "research_to_sale_ratio": 6.49,
            "price_fair": 75.95,
            "eps_avg_yearly": 2.17,
            "eps_latest_yearly": 1.68,
            "eps_growth_yearly": 287.24
        },
        "20122": {
            "year_quarter": 20122,
            "year": 2012,
            "quarter": 2,
            "eps": 0.58,
            "eps_growth_year": 403.26,
            "eps_4q": 1.43,
            "eps_4q_growth_year": 858.71,
            "roe": 2.58,
            "roe_4q": 6.46,
            "gross_profit": 62490,
            "gross_margin": 28.62,
            "gross_margin_4q_avg": 25.05,
            "net_income": 20301,
            "net_income_4q": null,
            "revenue": 218364,
            "revenue_4q": null,
            "common_shares": 349882,
            "book_valuer_per_share": 22.5,
            "book_valuer_per_share_4q_avg": 22.44,
            "equity": 787087,
            "current_ratio": 209.66,
            "debt_ratio": 23.62,
            "inventory_turnover_ratio": 1.05,
            "account_receivable_turnover_ratio": 1.81,
            "reinvestment_rate": 126.3,
            "research_to_sale_ratio": 5.84,
            "price_fair": 74.33,
            "eps_avg_yearly": 2.12,
            "eps_latest_yearly": 1.68,
            "eps_growth_yearly": 128.23
        },
        "20123": {
            "year_quarter": 20123,
            "year": 2012,
            "quarter": 3,
            "eps": 0.66,
            "eps_growth_year": 34.08,
            "eps_4q": 1.6,
            "eps_4q_growth_year": 892.56,
            "roe": 2.88,
            "roe_4q": 7.1,
            "gross_profit": 67729,
            "gross_margin": 31.06,
            "gross_margin_4q_avg": 26.99,
            "net_income": 22986,
            "net_income_4q": null,
            "revenue": 218094,
            "revenue_4q": null,
            "common_shares": 350082,
            "book_valuer_per_share": 23.16,
            "book_valuer_per_share_4q_avg": 22.7,
            "equity": 810790,
            "current_ratio": 218.65,
            "debt_ratio": 23.56,
            "inventory_turnover_ratio": 0.87,
            "account_receivable_turnover_ratio": 1.75,
            "reinvestment_rate": 119.81,
            "research_to_sale_ratio": 6.72,
            "price_fair": 74.45,
            "eps_avg_yearly": 2.13,
            "eps_latest_yearly": 2.64,
            "eps_growth_yearly": 134.33
        },
        "20124": {
            "year_quarter": 20124,
            "year": 2012,
            "quarter": 4,
            "eps": 0.89,
            "eps_growth_year": 111.58,
            "eps_4q": 2.07,
            "eps_4q_growth_year": 122.27,
            "roe": 3.76,
            "roe_4q": 8.979999999999999,
            "gross_profit": 76056,
            "gross_margin": 31.74,
            "gross_margin_4q_avg": 28.91,
            "net_income": 31086,
            "net_income_4q": null,
            "revenue": 239620,
            "revenue_4q": null,
            "common_shares": 350452,
            "book_valuer_per_share": 24.05,
            "book_valuer_per_share_4q_avg": 23.05,
            "equity": 842884,
            "current_ratio": 228.28,
            "debt_ratio": 23.41,
            "inventory_turnover_ratio": 0.88,
            "account_receivable_turnover_ratio": 2.18,
            "reinvestment_rate": 109.37,
            "research_to_sale_ratio": 5.93,
            "price_fair": 80.56,
            "eps_avg_yearly": 2.3,
            "eps_latest_yearly": 3.56,
            "eps_growth_yearly": 160.43
        },
        "20131": {
            "year_quarter": 20131,
            "year": 2013,
            "quarter": 1,
            "eps": 0.89,
            "eps_growth_year": null,
            "eps_4q": 3,
            "eps_4q_growth_year": 211.92,
            "roe": 3.64,
            "roe_4q": 12.860000000000001,
            "gross_profit": 69062,
            "gross_margin": 33.71,
            "gross_margin_4q_avg": 31.28,
            "net_income": 31074,
            "net_income_4q": null,
            "revenue": 204872,
            "revenue_4q": null,
            "common_shares": 351032,
            "book_valuer_per_share": 24.6,
            "book_valuer_per_share_4q_avg": 23.58,
            "equity": 863382,
            "current_ratio": 252.89,
            "debt_ratio": 22.14,
            "inventory_turnover_ratio": 0.83,
            "account_receivable_turnover_ratio": 1.97,
            "reinvestment_rate": 83.98,
            "research_to_sale_ratio": 6.74,
            "price_fair": 85.91,
            "eps_avg_yearly": 2.45,
            "eps_latest_yearly": 3.56,
            "eps_growth_yearly": 155.11
        },
        "20132": {
            "year_quarter": 20132,
            "year": 2013,
            "quarter": 2,
            "eps": 0.92,
            "eps_growth_year": 58.56,
            "eps_4q": 3.31,
            "eps_4q_growth_year": 131.91,
            "roe": 3.81,
            "roe_4q": 14.09,
            "gross_profit": 83432,
            "gross_margin": 34.69,
            "gross_margin_4q_avg": 32.8,
            "net_income": 32695,
            "net_income_4q": null,
            "revenue": 240504,
            "revenue_4q": null,
            "common_shares": 355852,
            "book_valuer_per_share": 23.91,
            "book_valuer_per_share_4q_avg": 23.93,
            "equity": 850681,
            "current_ratio": 209.46,
            "debt_ratio": 27.69,
            "inventory_turnover_ratio": 0.93,
            "account_receivable_turnover_ratio": 2.17,
            "reinvestment_rate": 77.72,
            "research_to_sale_ratio": 6.37,
            "price_fair": 93.29,
            "eps_avg_yearly": 2.67,
            "eps_latest_yearly": 3.68,
            "eps_growth_yearly": 166.39
        },
        "20133": {
            "year_quarter": 20133,
            "year": 2013,
            "quarter": 3,
            "eps": 0.92,
            "eps_growth_year": 40.12,
            "eps_4q": 3.58,
            "eps_4q_growth_year": 123.76,
            "roe": 3.78,
            "roe_4q": 14.99,
            "gross_profit": 84595,
            "gross_margin": 36.56,
            "gross_margin_4q_avg": 34.18,
            "net_income": 32826,
            "net_income_4q": null,
            "revenue": 231369,
            "revenue_4q": null,
            "common_shares": 356762,
            "book_valuer_per_share": 24.84,
            "book_valuer_per_share_4q_avg": 24.35,
            "equity": 886105,
            "current_ratio": 274.89,
            "debt_ratio": 20.72,
            "inventory_turnover_ratio": 0.8,
            "account_receivable_turnover_ratio": 2.13,
            "reinvestment_rate": 64.91,
            "research_to_sale_ratio": 6.43,
            "price_fair": 96.22,
            "eps_avg_yearly": 2.75,
            "eps_latest_yearly": 3.68,
            "eps_growth_yearly": 128.96
        },
        "20134": {
            "year_quarter": 20134,
            "year": 2013,
            "quarter": 4,
            "eps": 1.04,
            "eps_growth_year": 17.76,
            "eps_4q": 3.68,
            "eps_4q_growth_year": 77.84,
            "roe": 4.19,
            "roe_4q": 15.420000000000002,
            "gross_profit": 90406,
            "gross_margin": 39.57,
            "gross_margin_4q_avg": 36.13,
            "net_income": 38287,
            "net_income_4q": null,
            "revenue": 228494,
            "revenue_4q": null,
            "common_shares": 366552,
            "book_valuer_per_share": 25.65,
            "book_valuer_per_share_4q_avg": 24.75,
            "equity": 940143,
            "current_ratio": 296.36,
            "debt_ratio": 20.02,
            "inventory_turnover_ratio": 0.83,
            "account_receivable_turnover_ratio": 2.32,
            "reinvestment_rate": 31.73,
            "research_to_sale_ratio": 8.16,
            "price_fair": 102.07,
            "eps_avg_yearly": 2.92,
            "eps_latest_yearly": 4.16,
            "eps_growth_yearly": 139.5
        },
        "20141": {
            "year_quarter": 20141,
            "year": 2014,
            "quarter": 1,
            "eps": 0.93,
            "eps_growth_year": 4.49,
            "eps_4q": 3.74,
            "eps_4q_growth_year": 24.59,
            "roe": 3.48,
            "roe_4q": 15.26,
            "gross_profit": 81632,
            "gross_margin": 39.81,
            "gross_margin_4q_avg": 37.66,
            "net_income": 33389,
            "net_income_4q": null,
            "revenue": 205061,
            "revenue_4q": null,
            "common_shares": 366582,
            "book_valuer_per_share": 26.67,
            "book_valuer_per_share_4q_avg": 25.27,
            "equity": 977736,
            "current_ratio": 366.57,
            "debt_ratio": 16.37,
            "inventory_turnover_ratio": 0.87,
            "account_receivable_turnover_ratio": 2.37,
            "reinvestment_rate": 24.76,
            "research_to_sale_ratio": 8.93,
            "price_fair": 108.18,
            "eps_avg_yearly": 3.09,
            "eps_latest_yearly": 3.72,
            "eps_growth_yearly": 143.8
        },
        "20142": {
            "year_quarter": 20142,
            "year": 2014,
            "quarter": 2,
            "eps": -0.06,
            "eps_growth_year": -106.52,
            "eps_4q": 2.79,
            "eps_4q_growth_year": -15.77,
            "roe": -0.25,
            "roe_4q": 11.2,
            "gross_profit": 49431,
            "gross_margin": 33.1,
            "gross_margin_4q_avg": 37.26,
            "net_income": -2252,
            "net_income_4q": null,
            "revenue": 149356,
            "revenue_4q": null,
            "common_shares": 366582,
            "book_valuer_per_share": 23.06,
            "book_valuer_per_share_4q_avg": 25.06,
            "equity": 845247,
            "current_ratio": 230.04,
            "debt_ratio": 24.88,
            "inventory_turnover_ratio": 0.85,
            "account_receivable_turnover_ratio": 1.82,
            "reinvestment_rate": 30.15,
            "research_to_sale_ratio": 11.92,
            "price_fair": 106.96,
            "eps_avg_yearly": 3.06,
            "eps_latest_yearly": 3.72,
            "eps_growth_yearly": 121.74
        },
        "20143": {
            "year_quarter": 20143,
            "year": 2014,
            "quarter": 3,
            "eps": 0.52,
            "eps_growth_year": -43.48,
            "eps_4q": 2.41,
            "eps_4q_growth_year": -32.76,
            "roe": 2.2,
            "roe_4q": 9.620000000000001,
            "gross_profit": 65160,
            "gross_margin": 34.46,
            "gross_margin_4q_avg": 36.74,
            "net_income": 18836,
            "net_income_4q": null,
            "revenue": 189115,
            "revenue_4q": null,
            "common_shares": 366762,
            "book_valuer_per_share": 23.67,
            "book_valuer_per_share_4q_avg": 24.76,
            "equity": 868077,
            "current_ratio": 279.14,
            "debt_ratio": 20.27,
            "inventory_turnover_ratio": 1.2,
            "account_receivable_turnover_ratio": 2,
            "reinvestment_rate": 26.77,
            "research_to_sale_ratio": 9.95,
            "price_fair": 111.38,
            "eps_avg_yearly": 3.18,
            "eps_latest_yearly": 3.72,
            "eps_growth_yearly": 154.9
        },
        "20144": {
            "year_quarter": 20144,
            "year": 2014,
            "quarter": 4,
            "eps": 1,
            "eps_growth_year": -4.54,
            "eps_4q": 2.35,
            "eps_4q_growth_year": -36.01,
            "roe": 4.13,
            "roe_4q": 9.56,
            "gross_profit": 73546,
            "gross_margin": 38.22,
            "gross_margin_4q_avg": 36.4,
            "net_income": 36706,
            "net_income_4q": null,
            "revenue": 192442,
            "revenue_4q": null,
            "common_shares": 368112,
            "book_valuer_per_share": 24.68,
            "book_valuer_per_share_4q_avg": 24.52,
            "equity": 908334,
            "current_ratio": 349.03,
            "debt_ratio": 16.67,
            "inventory_turnover_ratio": 1.18,
            "account_receivable_turnover_ratio": 1.82,
            "reinvestment_rate": 1.76,
            "research_to_sale_ratio": 10.17,
            "price_fair": 114.24,
            "eps_avg_yearly": 3.26,
            "eps_latest_yearly": 4,
            "eps_growth_yearly": 176.33
        },
        "20151": {
            "year_quarter": 20151,
            "year": 2015,
            "quarter": 1,
            "eps": 0.33,
            "eps_growth_year": -64.52,
            "eps_4q": 1.77,
            "eps_4q_growth_year": -52.7,
            "roe": 1.3,
            "roe_4q": 7.38,
            "gross_profit": 54953,
            "gross_margin": 36.91,
            "gross_margin_4q_avg": 35.67,
            "net_income": 11882,
            "net_income_4q": null,
            "revenue": 148874,
            "revenue_4q": null,
            "common_shares": 368112,
            "book_valuer_per_share": 25.03,
            "book_valuer_per_share_4q_avg": 24.11,
            "equity": 921495,
            "current_ratio": 398.68,
            "debt_ratio": 14.69,
            "inventory_turnover_ratio": 0.91,
            "account_receivable_turnover_ratio": 1.62,
            "reinvestment_rate": -8.27,
            "research_to_sale_ratio": 12.81,
            "price_fair": 108.05,
            "eps_avg_yearly": 3.09,
            "eps_latest_yearly": 1.32,
            "eps_growth_yearly": 135.94
        },
        "20152": {
            "year_quarter": 20152,
            "year": 2015,
            "quarter": 2,
            "eps": -0.17,
            "eps_growth_year": null,
            "eps_4q": 1.66,
            "eps_4q_growth_year": -40.48,
            "roe": -0.71,
            "roe_4q": 6.92,
            "gross_profit": 36429,
            "gross_margin": 28.61,
            "gross_margin_4q_avg": 34.55,
            "net_income": -6327,
            "net_income_4q": null,
            "revenue": 127316,
            "revenue_4q": null,
            "common_shares": 367987,
            "book_valuer_per_share": 23.09,
            "book_valuer_per_share_4q_avg": 24.12,
            "equity": 849633,
            "current_ratio": 246.33,
            "debt_ratio": 23.61,
            "inventory_turnover_ratio": 0.88,
            "account_receivable_turnover_ratio": 1.65,
            "reinvestment_rate": -24.15,
            "research_to_sale_ratio": 13.79,
            "price_fair": 108.05,
            "eps_avg_yearly": 3.09,
            "eps_latest_yearly": 1.32,
            "eps_growth_yearly": 135.94
        },
        "20153": {
            "year_quarter": 20153,
            "year": 2015,
            "quarter": 3,
            "eps": 0.46,
            "eps_growth_year": -11.54,
            "eps_4q": 1.6,
            "eps_4q_growth_year": -33.35,
            "roe": 1.95,
            "roe_4q": 6.67,
            "gross_profit": 42860,
            "gross_margin": 32,
            "gross_margin_4q_avg": 33.94,
            "net_income": 16762,
            "net_income_4q": null,
            "revenue": 133953,
            "revenue_4q": null,
            "common_shares": 367987,
            "book_valuer_per_share": 23.57,
            "book_valuer_per_share_4q_avg": 24.09,
            "equity": 867260,
            "current_ratio": 437.56,
            "debt_ratio": 12.96,
            "inventory_turnover_ratio": 1.02,
            "account_receivable_turnover_ratio": 1.81,
            "reinvestment_rate": -27.53,
            "research_to_sale_ratio": 13.96,
            "price_fair": 112,
            "eps_avg_yearly": 3.2,
            "eps_latest_yearly": 1.32,
            "eps_growth_yearly": 26.2
        },
        "20154": {
            "year_quarter": 20154,
            "year": 2015,
            "quarter": 4,
            "eps": 0.26,
            "eps_growth_year": -73.44,
            "eps_4q": 0.89,
            "eps_4q_growth_year": -62.12,
            "roe": 1.1,
            "roe_4q": 3.6399999999999997,
            "gross_profit": 53167,
            "gross_margin": 37.03,
            "gross_margin_4q_avg": 33.64,
            "net_income": 9424,
            "net_income_4q": null,
            "revenue": 143578,
            "revenue_4q": null,
            "common_shares": 355812,
            "book_valuer_per_share": 23.98,
            "book_valuer_per_share_4q_avg": 23.92,
            "equity": 853266,
            "current_ratio": 379.1,
            "debt_ratio": 14.91,
            "inventory_turnover_ratio": 1.1,
            "account_receivable_turnover_ratio": 2.32,
            "reinvestment_rate": -46.83,
            "research_to_sale_ratio": 13,
            "price_fair": 76.91,
            "eps_avg_yearly": 3.14,
            "eps_latest_yearly": 1.04,
            "eps_growth_yearly": 14.52
        },
        "20161": {
            "year_quarter": 20161,
            "year": 2016,
            "quarter": 1,
            "eps": 0.33,
            "eps_growth_year": 0,
            "eps_4q": 0.86,
            "eps_4q_growth_year": -51.38,
            "roe": 1.35,
            "roe_4q": 3.6900000000000004,
            "gross_profit": 51911,
            "gross_margin": 37.95,
            "gross_margin_4q_avg": 33.9,
            "net_income": 11629,
            "net_income_4q": null,
            "revenue": 136793,
            "revenue_4q": null,
            "common_shares": 365812,
            "book_valuer_per_share": 23.92,
            "book_valuer_per_share_4q_avg": 23.64,
            "equity": 874965,
            "current_ratio": 409.04,
            "debt_ratio": 14.14,
            "inventory_turnover_ratio": 0.99,
            "account_receivable_turnover_ratio": 2.74,
            "reinvestment_rate": -40.53,
            "research_to_sale_ratio": 13.5,
            "price_fair": 98.02,
            "eps_avg_yearly": 2.97,
            "eps_latest_yearly": 1.32,
            "eps_growth_yearly": 22.99
        },
        "20162": {
            "year_quarter": 20162,
            "year": 2016,
            "quarter": 2,
            "eps": 0.08,
            "eps_growth_year": null,
            "eps_4q": 1.11,
            "eps_4q_growth_year": -33.32,
            "roe": 0.31,
            "roe_4q": 4.71,
            "gross_profit": 43030,
            "gross_margin": 33.86,
            "gross_margin_4q_avg": 35.21,
            "net_income": 2682,
            "net_income_4q": null,
            "revenue": 127064,
            "revenue_4q": null,
            "common_shares": 365812,
            "book_valuer_per_share": 23.23,
            "book_valuer_per_share_4q_avg": 23.68,
            "equity": 849759,
            "current_ratio": 377.36,
            "debt_ratio": 15.12,
            "inventory_turnover_ratio": 1.09,
            "account_receivable_turnover_ratio": 2.56,
            "reinvestment_rate": -43.48,
            "research_to_sale_ratio": 13.74,
            "price_fair": 8.25,
            "eps_avg_yearly": 2.75,
            "eps_latest_yearly": 0.32,
            "eps_growth_yearly": -4.18
        },
        "20163": {
            "year_quarter": 20163,
            "year": 2016,
            "quarter": 3,
            "eps": -0.33,
            "eps_growth_year": -171.74,
            "eps_4q": 0.33,
            "eps_4q_growth_year": -79.42,
            "roe": -1.38,
            "roe_4q": 1.3800000000000003,
            "gross_profit": 23221,
            "gross_margin": 27.2,
            "gross_margin_4q_avg": 34.01,
            "net_income": -11670,
            "net_income_4q": null,
            "revenue": 85365,
            "revenue_4q": null,
            "common_shares": 365552,
            "book_valuer_per_share": 22.95,
            "book_valuer_per_share_4q_avg": 23.52,
            "equity": 838961,
            "current_ratio": 316.09,
            "debt_ratio": 16.63,
            "inventory_turnover_ratio": 0.86,
            "account_receivable_turnover_ratio": 1.61,
            "reinvestment_rate": -30.56,
            "research_to_sale_ratio": 18.32,
            "price_fair": 8.28,
            "eps_avg_yearly": 2.76,
            "eps_latest_yearly": 0.32,
            "eps_growth_yearly": -9.57
        },
        "20164": {
            "year_quarter": 20164,
            "year": 2016,
            "quarter": 4,
            "eps": -0.31,
            "eps_growth_year": -217.78,
            "eps_4q": -0.24,
            "eps_4q_growth_year": -126.87,
            "roe": -1.37,
            "roe_4q": -1.0899999999999999,
            "gross_profit": 18434,
            "gross_margin": 24.91,
            "gross_margin_4q_avg": 30.98,
            "net_income": -11403,
            "net_income_4q": null,
            "revenue": 73991,
            "revenue_4q": null,
            "common_shares": 365552,
            "book_valuer_per_share": 22.63,
            "book_valuer_per_share_4q_avg": 23.18,
            "equity": 827249,
            "current_ratio": 370.24,
            "debt_ratio": 14.91,
            "inventory_turnover_ratio": 0.78,
            "account_receivable_turnover_ratio": 1.46,
            "reinvestment_rate": -45.34,
            "research_to_sale_ratio": 25.95,
            "price_fair": 8.04,
            "eps_avg_yearly": 2.68,
            "eps_latest_yearly": 0.32,
            "eps_growth_yearly": -24.47
        },
        "20171": {
            "year_quarter": 20171,
            "year": 2017,
            "quarter": 1,
            "eps": -0.66,
            "eps_growth_year": -300,
            "eps_4q": -1.19,
            "eps_4q_growth_year": -238.55,
            "roe": -2.93,
            "roe_4q": -5.370000000000001,
            "gross_profit": 13248,
            "gross_margin": 18.46,
            "gross_margin_4q_avg": 26.11,
            "net_income": -24024,
            "net_income_4q": null,
            "revenue": 71763,
            "revenue_4q": null,
            "common_shares": 364432,
            "book_valuer_per_share": 21.92,
            "book_valuer_per_share_4q_avg": 22.68,
            "equity": 810705,
            "current_ratio": 478.37,
            "debt_ratio": 11.29,
            "inventory_turnover_ratio": 0.83,
            "account_receivable_turnover_ratio": 1.43,
            "reinvestment_rate": -36.7,
            "research_to_sale_ratio": 23.31,
            "price_fair": 7.75,
            "eps_avg_yearly": 2.58,
            "eps_latest_yearly": 0.32,
            "eps_growth_yearly": -27.19
        },
        "20172": {
            "year_quarter": 20172,
            "year": 2017,
            "quarter": 2,
            "eps": -0.26,
            "eps_growth_year": -425,
            "eps_4q": -1.53,
            "eps_4q_growth_year": -237.85,
            "roe": -1.16,
            "roe_4q": -6.84,
            "gross_profit": 14687,
            "gross_margin": 20.39,
            "gross_margin_4q_avg": 22.74,
            "net_income": -9290,
            "net_income_4q": null,
            "revenue": 72024,
            "revenue_4q": null,
            "common_shares": 369494,
            "book_valuer_per_share": 21.39,
            "book_valuer_per_share_4q_avg": 22.22,
            "equity": 790364,
            "current_ratio": 382.61,
            "debt_ratio": 13.68,
            "inventory_turnover_ratio": 0.79,
            "account_receivable_turnover_ratio": 1.65,
            "reinvestment_rate": -45.9,
            "research_to_sale_ratio": 22.04,
            "price_fair": 7.34,
            "eps_avg_yearly": 2.45,
            "eps_latest_yearly": 0.32,
            "eps_growth_yearly": -32.27
        },
        "20173": {
            "year_quarter": 20173,
            "year": 2017,
            "quarter": 3,
            "eps": -0.44,
            "eps_growth_year": null,
            "eps_4q": -1.64,
            "eps_4q_growth_year": -597.31,
            "roe": -2.03,
            "roe_4q": -7.489999999999999,
            "gross_profit": 11699,
            "gross_margin": 18.25,
            "gross_margin_4q_avg": 20.5,
            "net_income": -15868,
            "net_income_4q": null,
            "revenue": 64110,
            "revenue_4q": null,
            "common_shares": 369116,
            "book_valuer_per_share": 20.98,
            "book_valuer_per_share_4q_avg": 21.73,
            "equity": 774338,
            "current_ratio": 339.46,
            "debt_ratio": 15.47,
            "inventory_turnover_ratio": 0.71,
            "account_receivable_turnover_ratio": 1.52,
            "reinvestment_rate": -47.54,
            "research_to_sale_ratio": 23.5,
            "price_fair": 6.81,
            "eps_avg_yearly": 2.27,
            "eps_latest_yearly": 0.32,
            "eps_growth_yearly": -36.88
        },
        "20174": {
            "year_quarter": 20174,
            "year": 2017,
            "quarter": 4,
            "eps": -0.49,
            "eps_growth_year": null,
            "eps_4q": -1.82,
            "eps_4q_growth_year": null,
            "roe": -2.36,
            "roe_4q": -8.48,
            "gross_profit": 12503,
            "gross_margin": 19.28,
            "gross_margin_4q_avg": 19.1,
            "net_income": -18077,
            "net_income_4q": null,
            "revenue": 64841,
            "revenue_4q": null,
            "common_shares": 369116,
            "book_valuer_per_share": 20.47,
            "book_valuer_per_share_4q_avg": 21.19,
            "equity": 755643,
            "current_ratio": 297.17,
            "debt_ratio": 17.68,
            "inventory_turnover_ratio": 0.7,
            "account_receivable_turnover_ratio": 1.5,
            "reinvestment_rate": -108.61,
            "research_to_sale_ratio": 24.59,
            "price_fair": 5.86,
            "eps_avg_yearly": 1.95,
            "eps_latest_yearly": 0.32,
            "eps_growth_yearly": -51.72
        },
        "20181": {
            "year_quarter": 20181,
            "year": 2018,
            "quarter": 1,
            "eps": -0.22,
            "eps_growth_year": null,
            "eps_4q": -1.39,
            "eps_4q_growth_year": null,
            "roe": -1.08,
            "roe_4q": -6.63,
            "gross_profit": 14405,
            "gross_margin": 21.09,
            "gross_margin_4q_avg": 19.75,
            "net_income": -8107,
            "net_income_4q": null,
            "revenue": 68304,
            "revenue_4q": null,
            "common_shares": 368598,
            "book_valuer_per_share": 20.27,
            "book_valuer_per_share_4q_avg": 20.78,
            "equity": 747311,
            "current_ratio": 271.66,
            "debt_ratio": 19.5,
            "inventory_turnover_ratio": 0.78,
            "account_receivable_turnover_ratio": 1.51,
            "reinvestment_rate": -7160.69,
            "research_to_sale_ratio": 21.81,
            "price_fair": 4.8,
            "eps_avg_yearly": 1.6,
            "eps_latest_yearly": 0.32,
            "eps_growth_yearly": -53.6
        },
        "20182": {
            "year_quarter": 20182,
            "year": 2018,
            "quarter": 2,
            "eps": 0.27,
            "eps_growth_year": null,
            "eps_4q": -0.87,
            "eps_4q_growth_year": null,
            "roe": 1.34,
            "roe_4q": -4.129999999999999,
            "gross_profit": 19662,
            "gross_margin": 27.01,
            "gross_margin_4q_avg": 21.41,
            "net_income": 9973,
            "net_income_4q": null,
            "revenue": 72782,
            "revenue_4q": null,
            "common_shares": 368598,
            "book_valuer_per_share": 20.05,
            "book_valuer_per_share_4q_avg": 20.44,
            "equity": 739021,
            "current_ratio": 237.82,
            "debt_ratio": 21.13,
            "inventory_turnover_ratio": 0.82,
            "account_receivable_turnover_ratio": 1.57,
            "reinvestment_rate": -852.49,
            "research_to_sale_ratio": 18.45,
            "price_fair": 4.8,
            "eps_avg_yearly": 1.6,
            "eps_latest_yearly": 0.32,
            "eps_growth_yearly": -53.6
        },
        "20183": {
            "year_quarter": 20183,
            "year": 2018,
            "quarter": 3,
            "eps": -0.31,
            "eps_growth_year": null,
            "eps_4q": -0.77,
            "eps_4q_growth_year": null,
            "roe": -1.57,
            "roe_4q": -3.67,
            "gross_profit": 11596,
            "gross_margin": 21.25,
            "gross_margin_4q_avg": 22.16,
            "net_income": -11465,
            "net_income_4q": null,
            "revenue": 54569,
            "revenue_4q": null,
            "common_shares": 368598,
            "book_valuer_per_share": 19.83,
            "book_valuer_per_share_4q_avg": 20.16,
            "equity": 717010,
            "current_ratio": 234.1,
            "debt_ratio": 20.72,
            "inventory_turnover_ratio": 0.66,
            "account_receivable_turnover_ratio": 1.25,
            "reinvestment_rate": null,
            "research_to_sale_ratio": 29.55,
            "price_fair": 4.8,
            "eps_avg_yearly": 1.6,
            "eps_latest_yearly": 0.32,
            "eps_growth_yearly": -53.6
        },
        "20184": {
            "year_quarter": 20184,
            "year": 2018,
            "quarter": 4,
            "eps": -0.34,
            "eps_growth_year": null,
            "eps_4q": -0.61,
            "eps_4q_growth_year": null,
            "roe": -1.75,
            "roe_4q": -3.0600000000000005,
            "gross_profit": 9918,
            "gross_margin": 19.36,
            "gross_margin_4q_avg": 22.18,
            "net_income": -12410,
            "net_income_4q": null,
            "revenue": 51227,
            "revenue_4q": null,
            "common_shares": 368554,
            "book_valuer_per_share": 19.52,
            "book_valuer_per_share_4q_avg": 19.92,
            "equity": 704006,
            "current_ratio": 221.51,
            "debt_ratio": 19.58,
            "inventory_turnover_ratio": 0.65,
            "account_receivable_turnover_ratio": 1.34,
            "reinvestment_rate": null,
            "research_to_sale_ratio": 26.37,
            "price_fair": 3,
            "eps_avg_yearly": 1,
            "eps_latest_yearly": 0.32,
            "eps_growth_yearly": -159.31
        },
        "20191": {
            "year_quarter": 20191,
            "year": 2019,
            "quarter": 1,
            "eps": -0.23,
            "eps_growth_year": null,
            "eps_4q": -0.62,
            "eps_4q_growth_year": null,
            "roe": -1.18,
            "roe_4q": -3.16,
            "gross_profit": 6550,
            "gross_margin": 12.53,
            "gross_margin_4q_avg": 20.04,
            "net_income": -8279,
            "net_income_4q": null,
            "revenue": 52261,
            "revenue_4q": null,
            "common_shares": 368394,
            "book_valuer_per_share": 19.29,
            "book_valuer_per_share_4q_avg": 19.67,
            "equity": 695568,
            "current_ratio": 203.59,
            "debt_ratio": 20.95,
            "inventory_turnover_ratio": 0.79,
            "account_receivable_turnover_ratio": 1.39,
            "reinvestment_rate": null,
            "research_to_sale_ratio": 23.23,
            "price_fair": 2.68,
            "eps_avg_yearly": 0.89,
            "eps_latest_yearly": 0.32,
            "eps_growth_yearly": -123.08
        },
        "20192": {
            "year_quarter": 20192,
            "year": 2019,
            "quarter": 2,
            "eps": -0.21,
            "eps_growth_year": -177.78,
            "eps_4q": -1.1,
            "eps_4q_growth_year": null,
            "roe": -1.1,
            "roe_4q": -5.6000000000000005,
            "gross_profit": 11152,
            "gross_margin": 20.16,
            "gross_margin_4q_avg": 18.33,
            "net_income": -7575,
            "net_income_4q": null,
            "revenue": 55314,
            "revenue_4q": null,
            "common_shares": 368394,
            "book_valuer_per_share": 19.08,
            "book_valuer_per_share_4q_avg": 19.43,
            "equity": 687993,
            "current_ratio": 199.98,
            "debt_ratio": 20.45,
            "inventory_turnover_ratio": 0.83,
            "account_receivable_turnover_ratio": 1.45,
            "reinvestment_rate": null,
            "research_to_sale_ratio": 23.04,
            "price_fair": 2.68,
            "eps_avg_yearly": 0.89,
            "eps_latest_yearly": 0.32,
            "eps_growth_yearly": -123.08
        },
        "20193": {
            "year_quarter": 20193,
            "year": 2019,
            "quarter": 3,
            "eps": -0.23,
            "eps_growth_year": null,
            "eps_4q": -1.01,
            "eps_4q_growth_year": null,
            "roe": -1.19,
            "roe_4q": -5.22,
            "gross_profit": 10497,
            "gross_margin": 21.61,
            "gross_margin_4q_avg": 18.42,
            "net_income": -8117,
            "net_income_4q": null,
            "revenue": 48585,
            "revenue_4q": null,
            "common_shares": 368394,
            "book_valuer_per_share": 18.86,
            "book_valuer_per_share_4q_avg": 19.19,
            "equity": 679876,
            "current_ratio": 187.72,
            "debt_ratio": 20.7,
            "inventory_turnover_ratio": 0.73,
            "account_receivable_turnover_ratio": 1.37,
            "reinvestment_rate": null,
            "research_to_sale_ratio": 29.02,
            "price_fair": 2.68,
            "eps_avg_yearly": 0.89,
            "eps_latest_yearly": 0.32,
            "eps_growth_yearly": -123.08
        },
        "20194": {
            "year_quarter": 20194,
            "year": 2019,
            "quarter": 4,
            "eps": -0.18,
            "eps_growth_year": null,
            "eps_4q": -0.85,
            "eps_4q_growth_year": null,
            "roe": -0.96,
            "roe_4q": -4.43,
            "gross_profit": 11089,
            "gross_margin": 21.66,
            "gross_margin_4q_avg": 18.99,
            "net_income": -6527,
            "net_income_4q": null,
            "revenue": 51186,
            "revenue_4q": null,
            "common_shares": 368394,
            "book_valuer_per_share": 18.68,
            "book_valuer_per_share_4q_avg": 18.98,
            "equity": 673436,
            "current_ratio": 186.48,
            "debt_ratio": 21.76,
            "inventory_turnover_ratio": 0.8,
            "account_receivable_turnover_ratio": 1.45,
            "reinvestment_rate": null,
            "research_to_sale_ratio": 22.82,
            "price_fair": 2.46,
            "eps_avg_yearly": 0.82,
            "eps_latest_yearly": 0.32,
            "eps_growth_yearly": -97.67
        },
        "20201": {
            "year_quarter": 20201,
            "year": 2020,
            "quarter": 1,
            "eps": -0.13,
            "eps_growth_year": null,
            "eps_4q": -0.74,
            "eps_4q_growth_year": null,
            "roe": -0.69,
            "roe_4q": -3.94,
            "gross_profit": 12268,
            "gross_margin": 23.74,
            "gross_margin_4q_avg": 21.79,
            "net_income": -4610,
            "net_income_4q": null,
            "revenue": 51685,
            "revenue_4q": null,
            "common_shares": 368394,
            "book_valuer_per_share": 18.55,
            "book_valuer_per_share_4q_avg": 18.79,
            "equity": 668826,
            "current_ratio": 174.09,
            "debt_ratio": 22.88,
            "inventory_turnover_ratio": 0.81,
            "account_receivable_turnover_ratio": 1.41,
            "reinvestment_rate": null,
            "research_to_sale_ratio": 22.27,
            "price_fair": 0.96,
            "eps_avg_yearly": 0.32,
            "eps_latest_yearly": 0.32,
            "eps_growth_yearly": -303.03
        },
        "20202": {
            "year_quarter": 20202,
            "year": 2020,
            "quarter": 2,
            "eps": -0.13,
            "eps_growth_year": null,
            "eps_4q": -0.67,
            "eps_4q_growth_year": null,
            "roe": -0.73,
            "roe_4q": -3.57,
            "gross_profit": 11643,
            "gross_margin": 22.43,
            "gross_margin_4q_avg": 22.36,
            "net_income": -4795,
            "net_income_4q": null,
            "revenue": 51904,
            "revenue_4q": null,
            "common_shares": 368394,
            "book_valuer_per_share": 17.92,
            "book_valuer_per_share_4q_avg": 18.5,
            "equity": 646006,
            "current_ratio": 155.46,
            "debt_ratio": 25.81,
            "inventory_turnover_ratio": 0.8,
            "account_receivable_turnover_ratio": 1.39,
            "reinvestment_rate": null,
            "research_to_sale_ratio": 22.49,
            "price_fair": 0,
            "eps_avg_yearly": 0,
            "eps_latest_yearly": 0,
            "eps_growth_yearly": 0
        },
        "20203": {
            "year_quarter": 20203,
            "year": 2020,
            "quarter": 3,
            "eps": -0.28,
            "eps_growth_year": null,
            "eps_4q": -0.73,
            "eps_4q_growth_year": null,
            "roe": -1.6,
            "roe_4q": -3.98,
            "gross_profit": 13484,
            "gross_margin": 28.52,
            "gross_margin_4q_avg": 24.09,
            "net_income": -10269,
            "net_income_4q": null,
            "revenue": 47277,
            "revenue_4q": null,
            "common_shares": 368394,
            "book_valuer_per_share": 17.64,
            "book_valuer_per_share_4q_avg": 18.2,
            "equity": 635737,
            "current_ratio": 147.75,
            "debt_ratio": 27.47,
            "inventory_turnover_ratio": 0.68,
            "account_receivable_turnover_ratio": 1.33,
            "reinvestment_rate": null,
            "research_to_sale_ratio": 28.31,
            "price_fair": 0,
            "eps_avg_yearly": 0,
            "eps_latest_yearly": 0,
            "eps_growth_yearly": 0
        },
        "20204": {
            "year_quarter": 20204,
            "year": 2020,
            "quarter": 4,
            "eps": -1.36,
            "eps_growth_year": null,
            "eps_4q": -1.91,
            "eps_4q_growth_year": null,
            "roe": -8.02,
            "roe_4q": -11.04,
            "gross_profit": 11321,
            "gross_margin": 22.91,
            "gross_margin_4q_avg": 24.4,
            "net_income": -49012,
            "net_income_4q": null,
            "revenue": 49410,
            "revenue_4q": null,
            "common_shares": 368394,
            "book_valuer_per_share": 16.28,
            "book_valuer_per_share_4q_avg": 17.6,
            "equity": 586835,
            "current_ratio": 135.09,
            "debt_ratio": 31.44,
            "inventory_turnover_ratio": 0.8,
            "account_receivable_turnover_ratio": 1.57,
            "reinvestment_rate": null,
            "research_to_sale_ratio": 23.53,
            "price_fair": 0,
            "eps_avg_yearly": 0,
            "eps_latest_yearly": 0,
            "eps_growth_yearly": 0
        },
        "20211": {
            "year_quarter": 20211,
            "year": 2021,
            "quarter": 1,
            "eps": -0.13,
            "eps_growth_year": null,
            "eps_4q": -1.91,
            "eps_4q_growth_year": null,
            "roe": -0.79,
            "roe_4q": -11.139999999999999,
            "gross_profit": 14681,
            "gross_margin": 30.93,
            "gross_margin_4q_avg": 26.2,
            "net_income": -4640,
            "net_income_4q": null,
            "revenue": 47460,
            "revenue_4q": null,
            "common_shares": 368394,
            "book_valuer_per_share": 16.15,
            "book_valuer_per_share_4q_avg": 17,
            "equity": 582195,
            "current_ratio": 131.45,
            "debt_ratio": 32.33,
            "inventory_turnover_ratio": 0.7,
            "account_receivable_turnover_ratio": 1.67,
            "reinvestment_rate": null,
            "research_to_sale_ratio": 23.94,
            "price_fair": 0,
            "eps_avg_yearly": 0,
            "eps_latest_yearly": 0,
            "eps_growth_yearly": 0
        },
        "20212": {
            "year_quarter": 20212,
            "year": 2021,
            "quarter": 2,
            "eps": 0.22,
            "eps_growth_year": null,
            "eps_4q": -1.55,
            "eps_4q_growth_year": null,
            "roe": 1.36,
            "roe_4q": -9.049999999999999,
            "gross_profit": 25509,
            "gross_margin": 40.9,
            "gross_margin_4q_avg": 30.82,
            "net_income": 7990,
            "net_income_4q": null,
            "revenue": 62374,
            "revenue_4q": null,
            "common_shares": 368394,
            "book_valuer_per_share": 16.37,
            "book_valuer_per_share_4q_avg": 16.61,
            "equity": 590185,
            "current_ratio": 144.55,
            "debt_ratio": 31.36,
            "inventory_turnover_ratio": 0.78,
            "account_receivable_turnover_ratio": 2.19,
            "reinvestment_rate": null,
            "research_to_sale_ratio": 18.63,
            "price_fair": 0,
            "eps_avg_yearly": 0,
            "eps_latest_yearly": 0,
            "eps_growth_yearly": 0
        },
        "20213": {
            "year_quarter": 20213,
            "year": 2021,
            "quarter": 3,
            "eps": -0.2,
            "eps_growth_year": null,
            "eps_4q": -1.47,
            "eps_4q_growth_year": null,
            "roe": -1.23,
            "roe_4q": -8.68,
            "gross_profit": 25119,
            "gross_margin": 38.92,
            "gross_margin_4q_avg": 33.42,
            "net_income": -7189,
            "net_income_4q": null,
            "revenue": 64547,
            "revenue_4q": null,
            "common_shares": 368394,
            "book_valuer_per_share": 16.17,
            "book_valuer_per_share_4q_avg": 16.24,
            "equity": 582996,
            "current_ratio": 147.01,
            "debt_ratio": 33.03,
            "inventory_turnover_ratio": 0.72,
            "account_receivable_turnover_ratio": 1.79,
            "reinvestment_rate": null,
            "research_to_sale_ratio": 19.96,
            "price_fair": 0,
            "eps_avg_yearly": 0,
            "eps_latest_yearly": 0,
            "eps_growth_yearly": 0
        },
        "20214": {
            "year_quarter": 20214,
            "year": 2021,
            "quarter": 4,
            "eps": -0.31,
            "eps_growth_year": null,
            "eps_4q": -0.42,
            "eps_4q_growth_year": null,
            "roe": -1.95,
            "roe_4q": -2.6099999999999994,
            "gross_profit": 22618,
            "gross_margin": 32.52,
            "gross_margin_4q_avg": 35.82,
            "net_income": -11283,
            "net_income_4q": null,
            "revenue": 69553,
            "revenue_4q": null,
            "common_shares": 360494,
            "book_valuer_per_share": 15.91,
            "book_valuer_per_share_4q_avg": 16.15,
            "equity": 573605,
            "current_ratio": 146.07,
            "debt_ratio": 34.03,
            "inventory_turnover_ratio": 0.74,
            "account_receivable_turnover_ratio": 1.49,
            "reinvestment_rate": null,
            "research_to_sale_ratio": 17.7,
            "price_fair": 0,
            "eps_avg_yearly": 0,
            "eps_latest_yearly": 0,
            "eps_growth_yearly": 0
        },
        "20221": {
            "year_quarter": 20221,
            "year": 2022,
            "quarter": 1,
            "eps": 0.16,
            "eps_growth_year": null,
            "eps_4q": -0.13,
            "eps_4q_growth_year": null,
            "roe": 1.03,
            "roe_4q": -0.7899999999999998,
            "gross_profit": 17646,
            "gross_margin": 30.07,
            "gross_margin_4q_avg": 35.6,
            "net_income": 5914,
            "net_income_4q": null,
            "revenue": 58675,
            "revenue_4q": null,
            "common_shares": 360494,
            "book_valuer_per_share": 16.08,
            "book_valuer_per_share_4q_avg": 16.13,
            "equity": 579519,
            "current_ratio": 148.1,
            "debt_ratio": 34.27,
            "inventory_turnover_ratio": 0.62,
            "account_receivable_turnover_ratio": 1.3,
            "reinvestment_rate": null,
            "research_to_sale_ratio": 21.19,
            "price_fair": 0,
            "eps_avg_yearly": 0,
            "eps_latest_yearly": 0,
            "eps_growth_yearly": 0
        },
        "20222": {
            "year_quarter": 20222,
            "year": 2022,
            "quarter": 2,
            "eps": -0.09,
            "eps_growth_year": -140.91,
            "eps_4q": -0.43,
            "eps_4q_growth_year": null,
            "roe": -0.54,
            "roe_4q": -2.69,
            "gross_profit": 18610,
            "gross_margin": 30.24,
            "gross_margin_4q_avg": 32.94,
            "net_income": -3101,
            "net_income_4q": null,
            "revenue": 61546,
            "revenue_4q": null,
            "common_shares": 360494,
            "book_valuer_per_share": 15.99,
            "book_valuer_per_share_4q_avg": 16.04,
            "equity": 576418,
            "current_ratio": 145.94,
            "debt_ratio": 33.45,
            "inventory_turnover_ratio": 0.62,
            "account_receivable_turnover_ratio": 1.68,
            "reinvestment_rate": null,
            "research_to_sale_ratio": 18.29,
            "price_fair": 0,
            "eps_avg_yearly": 0,
            "eps_latest_yearly": 0,
            "eps_growth_yearly": 0
        },
        "20223": {
            "year_quarter": 20223,
            "year": 2022,
            "quarter": 3,
            "eps": 0.4,
            "eps_growth_year": null,
            "eps_4q": 0.17,
            "eps_4q_growth_year": null,
            "roe": 2.5,
            "roe_4q": 1.0400000000000003,
            "gross_profit": 20518,
            "gross_margin": 33.8,
            "gross_margin_4q_avg": 31.66,
            "net_income": 14574,
            "net_income_4q": null,
            "revenue": 60706,
            "revenue_4q": null,
            "common_shares": 360494,
            "book_valuer_per_share": 16.39,
            "book_valuer_per_share_4q_avg": 16.09,
            "equity": 590992,
            "current_ratio": 145.42,
            "debt_ratio": 33.19,
            "inventory_turnover_ratio": 0.6,
            "account_receivable_turnover_ratio": 1.68,
            "reinvestment_rate": null,
            "research_to_sale_ratio": 19.06,
            "price_fair": 0,
            "eps_avg_yearly": 0,
            "eps_latest_yearly": 0,
            "eps_growth_yearly": 0
        },
        "20224": {
            "year_quarter": 20224,
            "year": 2022,
            "quarter": 4,
            "eps": -0.37,
            "eps_growth_year": null,
            "eps_4q": 0.11,
            "eps_4q_growth_year": null,
            "roe": -2.27,
            "roe_4q": 0.72,
            "gross_profit": 3831,
            "gross_margin": 10.58,
            "gross_margin_4q_avg": 26.17,
            "net_income": -13332,
            "net_income_4q": null,
            "revenue": 36198,
            "revenue_4q": null,
            "common_shares": 360494,
            "book_valuer_per_share": 16.13,
            "book_valuer_per_share_4q_avg": 16.15,
            "equity": 581370,
            "current_ratio": 152.34,
            "debt_ratio": 27.86,
            "inventory_turnover_ratio": 0.52,
            "account_receivable_turnover_ratio": 1.24,
            "reinvestment_rate": null,
            "research_to_sale_ratio": 27.61,
            "price_fair": 0,
            "eps_avg_yearly": 0,
            "eps_latest_yearly": 0,
            "eps_growth_yearly": 0
        },
        "20231": {
            "year_quarter": 20231,
            "year": 2023,
            "quarter": 1,
            "eps": -0.43,
            "eps_growth_year": -368.75,
            "eps_4q": -0.48,
            "eps_4q_growth_year": null,
            "roe": -2.68,
            "roe_4q": -2.99,
            "gross_profit": 117,
            "gross_margin": 0.39,
            "gross_margin_4q_avg": 18.75,
            "net_income": -15367,
            "net_income_4q": null,
            "revenue": 29730,
            "revenue_4q": null,
            "common_shares": 360494,
            "book_valuer_per_share": 15.7,
            "book_valuer_per_share_4q_avg": 16.05,
            "equity": 566003,
            "current_ratio": 137.83,
            "debt_ratio": 29.47,
            "inventory_turnover_ratio": 0.54,
            "account_receivable_turnover_ratio": 1.62,
            "reinvestment_rate": null,
            "research_to_sale_ratio": 36.34,
            "price_fair": 0,
            "eps_avg_yearly": 0,
            "eps_latest_yearly": 0,
            "eps_growth_yearly": 0
        },
        "20232": {
            "year_quarter": 20232,
            "year": 2023,
            "quarter": 2,
            "eps": -0.01,
            "eps_growth_year": null,
            "eps_4q": -0.41,
            "eps_4q_growth_year": null,
            "roe": -0.09,
            "roe_4q": -2.54,
            "gross_profit": 8973,
            "gross_margin": 23.88,
            "gross_margin_4q_avg": 17.16,
            "net_income": -517,
            "net_income_4q": null,
            "revenue": 37572,
            "revenue_4q": null,
            "common_shares": 360494,
            "book_valuer_per_share": 15.69,
            "book_valuer_per_share_4q_avg": 15.98,
            "equity": 565486,
            "current_ratio": 137.68,
            "debt_ratio": 30.34,
            "inventory_turnover_ratio": 0.57,
            "account_receivable_turnover_ratio": 1.83,
            "reinvestment_rate": null,
            "research_to_sale_ratio": 29.99,
            "price_fair": 0,
            "eps_avg_yearly": 0,
            "eps_latest_yearly": 0,
            "eps_growth_yearly": 0
        },
        "20233": {
            "year_quarter": 20233,
            "year": 2023,
            "quarter": 3,
            "eps": 0.28,
            "eps_growth_year": -30,
            "eps_4q": -0.53,
            "eps_4q_growth_year": -413.01,
            "roe": 1.77,
            "roe_4q": -3.2700000000000005,
            "gross_profit": 13636,
            "gross_margin": 29.41,
            "gross_margin_4q_avg": 16.07,
            "net_income": 10110,
            "net_income_4q": null,
            "revenue": 46362,
            "revenue_4q": null,
            "common_shares": 360494,
            "book_valuer_per_share": 15.97,
            "book_valuer_per_share_4q_avg": 15.87,
            "equity": 575596,
            "current_ratio": 142.51,
            "debt_ratio": 30.08,
            "inventory_turnover_ratio": 0.66,
            "account_receivable_turnover_ratio": 1.75,
            "reinvestment_rate": null,
            "research_to_sale_ratio": 26.53,
            "price_fair": 0,
            "eps_avg_yearly": 0,
            "eps_latest_yearly": 0,
            "eps_growth_yearly": 0
        }
    },
    "months": {
        "2004-07": {
            "month": "2004-07",
            "price": "37.21",
            "revenue": 78626
        },
        "2004-08": {
            "month": "2004-08",
            "price": "33.11",
            "revenue": 88337
        },
        "2004-10": {
            "month": "2004-10",
            "price": "34.95",
            "revenue": 85185
        },
        "2004-11": {
            "month": "2004-11",
            "price": "35.01",
            "revenue": 87546
        },
        "2004-12": {
            "month": "2004-12",
            "price": "36.00",
            "revenue": 84004
        },
        "2005-01": {
            "month": "2005-01",
            "price": "36.00",
            "revenue": 71578
        },
        "2005-02": {
            "month": "2005-02",
            "price": "40.38",
            "revenue": 59335
        },
        "2005-03": {
            "month": "2005-03",
            "price": "46.29",
            "revenue": 101207
        },
        "2005-04": {
            "month": "2005-04",
            "price": "50.29",
            "revenue": 80698
        },
        "2005-05": {
            "month": "2005-05",
            "price": "48.43",
            "revenue": 80370
        },
        "2005-06": {
            "month": "2005-06",
            "price": "45.08",
            "revenue": 82144
        },
        "2005-07": {
            "month": "2005-07",
            "price": "46.36",
            "revenue": 81385
        },
        "2005-08": {
            "month": "2005-08",
            "price": "44.79",
            "revenue": 96369
        },
        "2005-09": {
            "month": "2005-09",
            "price": "39.28",
            "revenue": 85728
        },
        "2005-10": {
            "month": "2005-10",
            "price": "38.14",
            "revenue": 76891
        },
        "2005-11": {
            "month": "2005-11",
            "price": "39.19",
            "revenue": 75619
        },
        "2005-12": {
            "month": "2005-12",
            "price": "41.83",
            "revenue": 81380
        },
        "2006-01": {
            "month": "2006-01",
            "price": "44.15",
            "revenue": 78394
        },
        "2006-02": {
            "month": "2006-02",
            "price": "41.79",
            "revenue": 57948
        },
        "2006-03": {
            "month": "2006-03",
            "price": "41.38",
            "revenue": 103819
        },
        "2006-04": {
            "month": "2006-04",
            "price": "42.92",
            "revenue": 78534
        },
        "2006-05": {
            "month": "2006-05",
            "price": "40.87",
            "revenue": 111662
        },
        "2006-06": {
            "month": "2006-06",
            "price": "37.20",
            "revenue": 73689
        },
        "2006-07": {
            "month": "2006-07",
            "price": "37.20",
            "revenue": 88748
        },
        "2006-08": {
            "month": "2006-08",
            "price": "33.07",
            "revenue": 85995
        },
        "2006-09": {
            "month": "2006-09",
            "price": "30.74",
            "revenue": 75368
        },
        "2006-10": {
            "month": "2006-10",
            "price": "31.63",
            "revenue": 74707
        },
        "2006-11": {
            "month": "2006-11",
            "price": "33.13",
            "revenue": 82562
        },
        "2006-12": {
            "month": "2006-12",
            "price": "36.40",
            "revenue": 70933
        },
        "2007-01": {
            "month": "2007-01",
            "price": "43.18",
            "revenue": 97186
        },
        "2007-02": {
            "month": "2007-02",
            "price": "40.32",
            "revenue": 62759
        },
        "2007-03": {
            "month": "2007-03",
            "price": "39.79",
            "revenue": 99703
        },
        "2007-04": {
            "month": "2007-04",
            "price": "41.80",
            "revenue": 108084
        },
        "2007-05": {
            "month": "2007-05",
            "price": "53.52",
            "revenue": 90070
        },
        "2007-06": {
            "month": "2007-06",
            "price": "65.24",
            "revenue": 106657
        },
        "2007-07": {
            "month": "2007-07",
            "price": "75.57",
            "revenue": 107810
        },
        "2007-08": {
            "month": "2007-08",
            "price": "64.19",
            "revenue": 114214
        },
        "2007-09": {
            "month": "2007-09",
            "price": "70.57",
            "revenue": 80408
        },
        "2007-10": {
            "month": "2007-10",
            "price": "69.35",
            "revenue": 100832
        },
        "2007-11": {
            "month": "2007-11",
            "price": "62.04",
            "revenue": 82661
        },
        "2007-12": {
            "month": "2007-12",
            "price": "50.94",
            "revenue": 76584
        },
        "2008-01": {
            "month": "2008-01",
            "price": "44.10",
            "revenue": 85097
        },
        "2008-02": {
            "month": "2008-02",
            "price": "44.42",
            "revenue": 62294
        },
        "2008-03": {
            "month": "2008-03",
            "price": "46.31",
            "revenue": 112933
        },
        "2008-04": {
            "month": "2008-04",
            "price": "45.96",
            "revenue": 93946
        },
        "2008-05": {
            "month": "2008-05",
            "price": "41.14",
            "revenue": 89313
        },
        "2008-06": {
            "month": "2008-06",
            "price": "36.41",
            "revenue": 73370
        },
        "2008-07": {
            "month": "2008-07",
            "price": "30.44",
            "revenue": 74298
        },
        "2008-08": {
            "month": "2008-08",
            "price": "27.00",
            "revenue": 60124
        },
        "2008-09": {
            "month": "2008-09",
            "price": "18.35",
            "revenue": 62419
        },
        "2008-10": {
            "month": "2008-10",
            "price": "16.29",
            "revenue": 59195
        },
        "2008-11": {
            "month": "2008-11",
            "price": "14.15",
            "revenue": 50043
        },
        "2008-12": {
            "month": "2008-12",
            "price": "13.98",
            "revenue": 50615
        },
        "2009-01": {
            "month": "2009-01",
            "price": "14.89",
            "revenue": 37858
        },
        "2009-02": {
            "month": "2009-02",
            "price": "14.71",
            "revenue": 45674
        },
        "2009-03": {
            "month": "2009-03",
            "price": "17.37",
            "revenue": 65869
        },
        "2009-04": {
            "month": "2009-04",
            "price": "19.72",
            "revenue": 62129
        },
        "2009-05": {
            "month": "2009-05",
            "price": "20.90",
            "revenue": 64695
        },
        "2009-06": {
            "month": "2009-06",
            "price": "21.39",
            "revenue": 75750
        },
        "2009-07": {
            "month": "2009-07",
            "price": "23.68",
            "revenue": 104218
        },
        "2009-08": {
            "month": "2009-08",
            "price": "26.80",
            "revenue": 99598
        },
        "2009-09": {
            "month": "2009-09",
            "price": "28.23",
            "revenue": 69944
        },
        "2009-10": {
            "month": "2009-10",
            "price": "28.53",
            "revenue": 74439
        },
        "2009-11": {
            "month": "2009-11",
            "price": "26.98",
            "revenue": 68175
        },
        "2009-12": {
            "month": "2009-12",
            "price": "28.36",
            "revenue": 82044
        },
        "2010-01": {
            "month": "2010-01",
            "price": "30.63",
            "revenue": 63826
        },
        "2010-02": {
            "month": "2010-02",
            "price": "27.25",
            "revenue": 69620
        },
        "2010-03": {
            "month": "2010-03",
            "price": "33.45",
            "revenue": 94631
        },
        "2010-04": {
            "month": "2010-04",
            "price": "40.46",
            "revenue": 107930
        },
        "2010-05": {
            "month": "2010-05",
            "price": "34.01",
            "revenue": 90260
        },
        "2010-06": {
            "month": "2010-06",
            "price": "32.21",
            "revenue": 101928
        },
        "2010-07": {
            "month": "2010-07",
            "price": "32.35",
            "revenue": 92048
        },
        "2010-08": {
            "month": "2010-08",
            "price": "36.28",
            "revenue": 76910
        },
        "2010-09": {
            "month": "2010-09",
            "price": "34.33",
            "revenue": 51129
        },
        "2010-10": {
            "month": "2010-10",
            "price": "30.16",
            "revenue": 56267
        },
        "2010-11": {
            "month": "2010-11",
            "price": "27.30",
            "revenue": 57412
        },
        "2010-12": {
            "month": "2010-12",
            "price": "28.23",
            "revenue": 52186
        },
        "2011-01": {
            "month": "2011-01",
            "price": "26.93",
            "revenue": 51804
        },
        "2011-02": {
            "month": "2011-02",
            "price": "26.20",
            "revenue": 45386
        },
        "2011-03": {
            "month": "2011-03",
            "price": "27.76",
            "revenue": 73964
        },
        "2011-04": {
            "month": "2011-04",
            "price": "28.40",
            "revenue": 61548
        },
        "2011-05": {
            "month": "2011-05",
            "price": "26.48",
            "revenue": 82451
        },
        "2011-06": {
            "month": "2011-06",
            "price": "26.59",
            "revenue": 87023
        },
        "2011-07": {
            "month": "2011-07",
            "price": "26.62",
            "revenue": 73627
        },
        "2011-08": {
            "month": "2011-08",
            "price": "25.13",
            "revenue": 57552
        },
        "2011-09": {
            "month": "2011-09",
            "price": "23.01",
            "revenue": 52325
        },
        "2011-10": {
            "month": "2011-10",
            "price": "21.30",
            "revenue": 61795
        },
        "2011-11": {
            "month": "2011-11",
            "price": "21.20",
            "revenue": 65943
        },
        "2011-12": {
            "month": "2011-12",
            "price": "20.80",
            "revenue": 53862
        },
        "2012-01": {
            "month": "2012-01",
            "price": "18.99",
            "revenue": 45393
        },
        "2012-02": {
            "month": "2012-02",
            "price": "20.04",
            "revenue": 62687
        },
        "2012-03": {
            "month": "2012-03",
            "price": "21.57",
            "revenue": 68633
        },
        "2012-04": {
            "month": "2012-04",
            "price": "20.22",
            "revenue": 61693
        },
        "2012-05": {
            "month": "2012-05",
            "price": "19.20",
            "revenue": 72091
        },
        "2012-06": {
            "month": "2012-06",
            "price": "17.98",
            "revenue": 67641
        },
        "2012-07": {
            "month": "2012-07",
            "price": "16.94",
            "revenue": 63706
        },
        "2012-08": {
            "month": "2012-08",
            "price": "17.10",
            "revenue": 70539
        },
        "2012-09": {
            "month": "2012-09",
            "price": "18.87",
            "revenue": 71108
        },
        "2012-10": {
            "month": "2012-10",
            "price": "18.24",
            "revenue": 76094
        },
        "2012-11": {
            "month": "2012-11",
            "price": "18.45",
            "revenue": 85227
        },
        "2012-12": {
            "month": "2012-12",
            "price": "19.68",
            "revenue": 60473
        },
        "2013-01": {
            "month": "2013-01",
            "price": "20.31",
            "revenue": 68245
        },
        "2013-02": {
            "month": "2013-02",
            "price": "22.27",
            "revenue": 56211
        },
        "2013-03": {
            "month": "2013-03",
            "price": "24.50",
            "revenue": 80423
        },
        "2013-04": {
            "month": "2013-04",
            "price": "27.92",
            "revenue": 90368
        },
        "2013-05": {
            "month": "2013-05",
            "price": "31.98",
            "revenue": 81914
        },
        "2013-06": {
            "month": "2013-06",
            "price": "35.49",
            "revenue": 68232
        },
        "2013-07": {
            "month": "2013-07",
            "price": "36.18",
            "revenue": 87829
        },
        "2013-08": {
            "month": "2013-08",
            "price": "39.51",
            "revenue": 74981
        },
        "2013-09": {
            "month": "2013-09",
            "price": "37.26",
            "revenue": 68559
        },
        "2013-10": {
            "month": "2013-10",
            "price": "36.21",
            "revenue": 87206
        },
        "2013-11": {
            "month": "2013-11",
            "price": "40.71",
            "revenue": 75899
        },
        "2013-12": {
            "month": "2013-12",
            "price": "44.62",
            "revenue": 65371
        },
        "2014-01": {
            "month": "2014-01",
            "price": "45.96",
            "revenue": 78250
        },
        "2014-02": {
            "month": "2014-02",
            "price": "45.06",
            "revenue": 59526
        },
        "2014-03": {
            "month": "2014-03",
            "price": "50.10",
            "revenue": 67281
        },
        "2014-04": {
            "month": "2014-04",
            "price": "46.49",
            "revenue": 55590
        },
        "2014-05": {
            "month": "2014-05",
            "price": "45.36",
            "revenue": 48313
        },
        "2014-06": {
            "month": "2014-06",
            "price": "41.99",
            "revenue": 45466
        },
        "2014-07": {
            "month": "2014-07",
            "price": "39.92",
            "revenue": 54990
        },
        "2014-08": {
            "month": "2014-08",
            "price": "31.68",
            "revenue": 57363
        },
        "2014-09": {
            "month": "2014-09",
            "price": "28.67",
            "revenue": 76758
        },
        "2014-10": {
            "month": "2014-10",
            "price": "27.73",
            "revenue": 66135
        },
        "2014-11": {
            "month": "2014-11",
            "price": "27.06",
            "revenue": 58427
        },
        "2014-12": {
            "month": "2014-12",
            "price": "27.78",
            "revenue": 67875
        },
        "2015-01": {
            "month": "2015-01",
            "price": "29.40",
            "revenue": 62530
        },
        "2015-02": {
            "month": "2015-02",
            "price": "27.70",
            "revenue": 35901
        },
        "2015-03": {
            "month": "2015-03",
            "price": "28.37",
            "revenue": 50447
        },
        "2015-04": {
            "month": "2015-04",
            "price": "28.19",
            "revenue": 46660
        },
        "2015-05": {
            "month": "2015-05",
            "price": "25.76",
            "revenue": 40390
        },
        "2015-06": {
            "month": "2015-06",
            "price": "22.32",
            "revenue": 40276
        },
        "2015-07": {
            "month": "2015-07",
            "price": "21.33",
            "revenue": 44778
        },
        "2015-08": {
            "month": "2015-08",
            "price": "17.21",
            "revenue": 42043
        },
        "2015-09": {
            "month": "2015-09",
            "price": "15.50",
            "revenue": 47126
        },
        "2015-10": {
            "month": "2015-10",
            "price": "17.70",
            "revenue": 41205
        },
        "2015-11": {
            "month": "2015-11",
            "price": "18.73",
            "revenue": 45582
        },
        "2015-12": {
            "month": "2015-12",
            "price": "18.13",
            "revenue": 56765
        },
        "2016-01": {
            "month": "2016-01",
            "price": "17.15",
            "revenue": 58828
        },
        "2016-02": {
            "month": "2016-02",
            "price": "17.57",
            "revenue": 29055
        },
        "2016-03": {
            "month": "2016-03",
            "price": "18.59",
            "revenue": 48904
        },
        "2016-04": {
            "month": "2016-04",
            "price": "18.21",
            "revenue": 57187
        },
        "2016-05": {
            "month": "2016-05",
            "price": "17.80",
            "revenue": 38943
        },
        "2016-06": {
            "month": "2016-06",
            "price": "17.71",
            "revenue": 30981
        },
        "2016-07": {
            "month": "2016-07",
            "price": "18.36",
            "revenue": 27818
        },
        "2016-08": {
            "month": "2016-08",
            "price": "18.01",
            "revenue": 26557
        },
        "2016-09": {
            "month": "2016-09",
            "price": "17.80",
            "revenue": 30942
        },
        "2016-10": {
            "month": "2016-10",
            "price": "17.59",
            "revenue": 18476
        },
        "2016-11": {
            "month": "2016-11",
            "price": "16.72",
            "revenue": 27154
        },
        "2016-12": {
            "month": "2016-12",
            "price": "17.02",
            "revenue": 29390
        },
        "2017-01": {
            "month": "2017-01",
            "price": "17.03",
            "revenue": 19371
        },
        "2017-02": {
            "month": "2017-02",
            "price": "17.13",
            "revenue": 21306
        },
        "2017-03": {
            "month": "2017-03",
            "price": "16.70",
            "revenue": 31086
        },
        "2017-04": {
            "month": "2017-04",
            "price": "15.92",
            "revenue": 21254
        },
        "2017-05": {
            "month": "2017-05",
            "price": "14.63",
            "revenue": 26573
        },
        "2017-06": {
            "month": "2017-06",
            "price": "15.41",
            "revenue": 24197
        },
        "2017-07": {
            "month": "2017-07",
            "price": "15.37",
            "revenue": 23236
        },
        "2017-08": {
            "month": "2017-08",
            "price": "14.68",
            "revenue": 21282
        },
        "2017-09": {
            "month": "2017-09",
            "price": "14.62",
            "revenue": 19592
        },
        "2017-10": {
            "month": "2017-10",
            "price": "14.59",
            "revenue": 23462
        },
        "2017-11": {
            "month": "2017-11",
            "price": "14.46",
            "revenue": 16343
        },
        "2017-12": {
            "month": "2017-12",
            "price": "14.38",
            "revenue": 25037
        },
        "2018-01": {
            "month": "2018-01",
            "price": "14.31",
            "revenue": 25928
        },
        "2018-02": {
            "month": "2018-02",
            "price": "13.67",
            "revenue": 19185
        },
        "2018-03": {
            "month": "2018-03",
            "price": "14.54",
            "revenue": 23192
        },
        "2018-04": {
            "month": "2018-04",
            "price": "14.45",
            "revenue": 23318
        },
        "2018-05": {
            "month": "2018-05",
            "price": "14.50",
            "revenue": 24082
        },
        "2018-06": {
            "month": "2018-06",
            "price": "14.73",
            "revenue": 25381
        },
        "2018-07": {
            "month": "2018-07",
            "price": "14.54",
            "revenue": 20564
        },
        "2018-08": {
            "month": "2018-08",
            "price": "14.83",
            "revenue": 18178
        },
        "2018-09": {
            "month": "2018-09",
            "price": "15.19",
            "revenue": 15827
        },
        "2018-10": {
            "month": "2018-10",
            "price": "13.64",
            "revenue": 19999
        },
        "2018-11": {
            "month": "2018-11",
            "price": "13.03",
            "revenue": 17759
        },
        "2018-12": {
            "month": "2018-12",
            "price": "13.67",
            "revenue": 13470
        },
        "2019-01": {
            "month": "2019-01",
            "price": "13.21",
            "revenue": 19455
        },
        "2019-02": {
            "month": "2019-02",
            "price": "13.63",
            "revenue": 13988
        },
        "2019-03": {
            "month": "2019-03",
            "price": "14.39",
            "revenue": 18818
        },
        "2019-04": {
            "month": "2019-04",
            "price": "14.58",
            "revenue": 19751
        },
        "2019-05": {
            "month": "2019-05",
            "price": "13.72",
            "revenue": 20270
        },
        "2019-06": {
            "month": "2019-06",
            "price": "13.17",
            "revenue": 15294
        },
        "2019-07": {
            "month": "2019-07",
            "price": "12.84",
            "revenue": 16527
        },
        "2019-08": {
            "month": "2019-08",
            "price": "12.46",
            "revenue": 16874
        },
        "2019-09": {
            "month": "2019-09",
            "price": "12.53",
            "revenue": 15185
        },
        "2019-10": {
            "month": "2019-10",
            "price": "12.78",
            "revenue": 18917
        },
        "2019-11": {
            "month": "2019-11",
            "price": "12.20",
            "revenue": 16542
        },
        "2019-12": {
            "month": "2019-12",
            "price": "12.15",
            "revenue": 15727
        },
        "2020-01": {
            "month": "2020-01",
            "price": "12.23",
            "revenue": 16631
        },
        "2020-02": {
            "month": "2020-02",
            "price": "12.14",
            "revenue": 15088
        },
        "2020-03": {
            "month": "2020-03",
            "price": "10.60",
            "revenue": 19966
        },
        "2020-04": {
            "month": "2020-04",
            "price": "10.60",
            "revenue": 17309
        },
        "2020-05": {
            "month": "2020-05",
            "price": "11.81",
            "revenue": 18448
        },
        "2020-06": {
            "month": "2020-06",
            "price": "12.53",
            "revenue": 16146
        },
        "2020-07": {
            "month": "2020-07",
            "price": "12.57",
            "revenue": 19449
        },
        "2020-08": {
            "month": "2020-08",
            "price": "12.28",
            "revenue": 10109
        },
        "2020-09": {
            "month": "2020-09",
            "price": "12.11",
            "revenue": 17720
        },
        "2020-10": {
            "month": "2020-10",
            "price": "12.37",
            "revenue": 19015
        },
        "2020-11": {
            "month": "2020-11",
            "price": "12.45",
            "revenue": 15495
        },
        "2020-12": {
            "month": "2020-12",
            "price": "15.82",
            "revenue": 14899
        },
        "2021-01": {
            "month": "2021-01",
            "price": "17.73",
            "revenue": 19129
        },
        "2021-02": {
            "month": "2021-02",
            "price": "16.54",
            "revenue": 12411
        },
        "2021-03": {
            "month": "2021-03",
            "price": "18.37",
            "revenue": 15920
        },
        "2021-04": {
            "month": "2021-04",
            "price": "18.50",
            "revenue": 19589
        },
        "2021-05": {
            "month": "2021-05",
            "price": "16.14",
            "revenue": 21561
        },
        "2021-06": {
            "month": "2021-06",
            "price": "15.89",
            "revenue": 21225
        },
        "2021-07": {
            "month": "2021-07",
            "price": "16.36",
            "revenue": 22113
        },
        "2021-08": {
            "month": "2021-08",
            "price": "14.95",
            "revenue": 18054
        },
        "2021-09": {
            "month": "2021-09",
            "price": "14.66",
            "revenue": 24380
        },
        "2021-10": {
            "month": "2021-10",
            "price": "17.29",
            "revenue": 20565
        },
        "2021-11": {
            "month": "2021-11",
            "price": "19.08",
            "revenue": 28180
        },
        "2021-12": {
            "month": "2021-12",
            "price": "20.27",
            "revenue": 20807
        },
        "2022-01": {
            "month": "2022-01",
            "price": "18.50",
            "revenue": 24022
        },
        "2022-02": {
            "month": "2022-02",
            "price": "17.24",
            "revenue": 14062
        },
        "2022-03": {
            "month": "2022-03",
            "price": "16.30",
            "revenue": 20592
        },
        "2022-04": {
            "month": "2022-04",
            "price": "16.73",
            "revenue": 23937
        },
        "2022-05": {
            "month": "2022-05",
            "price": "15.63",
            "revenue": 21269
        },
        "2022-06": {
            "month": "2022-06",
            "price": "15.26",
            "revenue": 16341
        },
        "2022-07": {
            "month": "2022-07",
            "price": "14.78",
            "revenue": 19632
        },
        "2022-08": {
            "month": "2022-08",
            "price": "16.12",
            "revenue": 25134
        },
        "2022-09": {
            "month": "2022-09",
            "price": "16.65",
            "revenue": 15939
        },
        "2022-10": {
            "month": "2022-10",
            "price": "15.54",
            "revenue": 13554
        },
        "2022-11": {
            "month": "2022-11",
            "price": "18.10",
            "revenue": 12090
        },
        "2022-12": {
            "month": "2022-12",
            "price": "19.45",
            "revenue": 10554
        },
        "2023-01": {
            "month": "2023-01",
            "price": "17.83",
            "revenue": 8648
        },
        "2023-02": {
            "month": "2023-02",
            "price": "18.48",
            "revenue": 10267
        },
        "2023-03": {
            "month": "2023-03",
            "price": "19.08",
            "revenue": 10815
        },
        "2023-04": {
            "month": "2023-04",
            "price": "18.54",
            "revenue": 11583
        },
        "2023-05": {
            "month": "2023-05",
            "price": "17.14",
            "revenue": 12483
        },
        "2023-06": {
            "month": "2023-06",
            "price": "17.63",
            "revenue": 13506
        },
        "2023-07": {
            "month": "2023-07",
            "price": "17.25",
            "revenue": 10683
        },
        "2023-08": {
            "month": "2023-08",
            "price": "16.14",
            "revenue": 15469
        },
        "2023-09": {
            "month": "2023-09",
            "price": "16.52",
            "revenue": 20211
        },
        "2023-10": {
            "month": "2023-10",
            "price": "16.32",
            "revenue": 17727
        },
        "2023-11": {
            "month": "2023-11",
            "price": "17.22",
            "revenue": 16317
        },
        "2023-12": {
            "month": "2023-12",
            "price": "17.43",
            "revenue": 14481
        }
    }
}
