{
    "summary": {
        "stock_name": "帛漢",
        "stock_id": "3299",
        "category": "通信網路",
        "main_business": "各種區域網路元件及寬頻網路元件之設計製造加工買賣<br>變壓器DC/DC轉換器濾波器電感及電源供應器等<br>前各項有關原材料及成品之進出口貿易業務",
        "website_url": "",
        "ceo": "范仲成",
        "pe_ratio": 8,
        "report_year_from": 2003,
        "report_year_to": 2018,
        "age": 21,
        "eps_negative_percentage": 0,
        "eps_growth_avg": {
            "last_all": 15.87,
            "last_2y": -13.69,
            "last_4y": 6.56,
            "last_8y": 7.85,
            "last_12y": 15.52,
            "last_16y": null,
            "last_20y": null,
            "at_2006_last_3y": null,
            "at_2007_last_3y": 28.05,
            "at_2008_last_3y": 32.76,
            "at_2009_last_3y": 32.76,
            "at_2010_last_3y": 52.46,
            "at_2011_last_3y": 26.47,
            "at_2012_last_3y": 29.51,
            "at_2013_last_3y": 9.47,
            "at_2014_last_3y": 7.83,
            "at_2015_last_3y": 15.25,
            "at_2016_last_3y": 22.64,
            "at_2017_last_3y": 16.55,
            "at_2018_last_3y": -4.95,
            "at_2019_last_3y": -4.95,
            "at_2020_last_3y": -4.95,
            "at_2021_last_3y": -4.95,
            "at_2022_last_3y": -4.95,
            "at_2023_last_3y": -4.95,
            "at_2024_last_3y": -4.95,
            "at_2006_last_all": 5.55,
            "at_2007_last_all": 28.05,
            "at_2008_last_all": 13.46,
            "at_2009_last_all": 27.89,
            "at_2010_last_all": 32.35,
            "at_2011_last_all": 27.26,
            "at_2012_last_all": 20.6,
            "at_2013_last_all": 20.52,
            "at_2014_last_all": 23.44,
            "at_2015_last_all": 23.26,
            "at_2016_last_all": 21.22,
            "at_2017_last_all": 19.39,
            "at_2018_last_all": 15.87,
            "at_2019_last_all": 15.87,
            "at_2020_last_all": 15.87,
            "at_2021_last_all": 15.87,
            "at_2022_last_all": 15.87,
            "at_2023_last_all": 15.87,
            "at_2024_last_all": 15.87
        },
        "latest_eps": 4.93,
        "latest_price": 37.6,
        "latest_roe": 22.58,
        "latest_gross_margin": 35.36,
        "latest_equity": 1714918,
        "latest_revenue": 624316,
        "latest_gross_profit": 220786,
        "latest_net_income": 90684,
        "latest_debt_ratio": 50.47,
        "latest_current_ratio": 169.16,
        "latest_account_receivable_turnover_ratio": 0.82,
        "latest_inventory_turnover_ratio": 0.84,
        "latest_reinvestment_rate": 1.26,
        "latest_research_to_sale_ratio": 3.18
    },
    "eps_dividends": {
        "2001": {
            "cash": 0,
            "stock": 0,
            "eps": 0
        },
        "2002": {
            "cash": 0,
            "stock": 0,
            "eps": 0
        },
        "2003": {
            "cash": 1.5,
            "stock": 1,
            "eps": 1.24
        },
        "2004": {
            "cash": 1.1,
            "stock": 0,
            "eps": 0.45
        },
        "2005": {
            "cash": 0.5,
            "stock": 0,
            "eps": 1.12
        },
        "2006": {
            "cash": 0.6,
            "stock": 0.5,
            "eps": 0.9
        },
        "2007": {
            "cash": 0.64,
            "stock": 0,
            "eps": 1.76
        },
        "2008": {
            "cash": 1.3,
            "stock": 0,
            "eps": 0.97
        },
        "2009": {
            "cash": 0.45,
            "stock": 0.5,
            "eps": 2.62
        },
        "2010": {
            "cash": 1.96,
            "stock": 0,
            "eps": 4.17
        },
        "2011": {
            "cash": 3,
            "stock": 0,
            "eps": 3.82
        },
        "2012": {
            "cash": 3.5,
            "stock": 0,
            "eps": 2.57
        },
        "2013": {
            "cash": 2.3,
            "stock": 0,
            "eps": 3.08
        },
        "2014": {
            "cash": 2.8,
            "stock": 0,
            "eps": 4.7
        },
        "2015": {
            "cash": 4.5,
            "stock": 0,
            "eps": 5.7
        },
        "2016": {
            "cash": 5,
            "stock": 0,
            "eps": 5.52
        },
        "2017": {
            "cash": 5.2,
            "stock": 0,
            "eps": 5.27
        },
        "2018": {
            "cash": 5.1,
            "stock": 0,
            "eps": 3.51
        }
    },
    "dividends": {
        "2003-07-31": {
            "cash": 1.5,
            "stock": 1
        },
        "2004-04-24": {
            "cash": 1.1,
            "stock": 0
        },
        "2005-04-12": {
            "cash": 0.5,
            "stock": 0
        },
        "2006-03-30": {
            "cash": 0.6,
            "stock": 0.5
        },
        "2007-03-29": {
            "cash": 0.64,
            "stock": 0
        },
        "2008-04-08": {
            "cash": 1.3,
            "stock": 0
        },
        "2009-03-26": {
            "cash": 0.45,
            "stock": 0.5
        },
        "2010-03-24": {
            "cash": 1.96,
            "stock": 0
        },
        "2011-03-22": {
            "cash": 3,
            "stock": 0
        },
        "2012-06-21": {
            "cash": 3.5,
            "stock": 0
        },
        "2013-07-31": {
            "cash": 2.3,
            "stock": 0
        },
        "2014-08-27": {
            "cash": 2.8,
            "stock": 0
        },
        "2015-08-13": {
            "cash": 4.5,
            "stock": 0
        },
        "2016-07-29": {
            "cash": 5,
            "stock": 0
        },
        "2017-08-02": {
            "cash": 5.2,
            "stock": 0
        },
        "2018-09-05": {
            "cash": 5.1,
            "stock": 0
        }
    },
    "prices": {
        "200101": "無",
        "200102": "無",
        "200103": "無",
        "200104": "無",
        "200105": "無",
        "200106": "無",
        "200107": "無",
        "200108": "無",
        "200109": "無",
        "200110": "無",
        "200111": "無",
        "200112": "無",
        "200201": "無",
        "200202": "無",
        "200203": "無",
        "200204": "無",
        "200205": "無",
        "200206": "無",
        "200207": "無",
        "200208": "無",
        "200209": "無",
        "200210": "無",
        "200211": "無",
        "200212": "無",
        "200301": "無",
        "200302": "無",
        "200303": "無",
        "200304": "無",
        "200305": "無",
        "200306": "無",
        "200307": "無",
        "200308": "無",
        "200309": "無",
        "200310": "無",
        "200311": "無",
        "200312": "無",
        "200401": "無",
        "200402": "無",
        "200403": "無",
        "200404": "無",
        "200405": "27.03",
        "200406": "無",
        "200407": "24.26",
        "200408": "22.80",
        "200409": "20.50",
        "200410": "14.74",
        "200411": "12.85",
        "200412": "14.76",
        "200501": "15.20",
        "200502": "14.78",
        "200503": "16.00",
        "200504": "16.67",
        "200505": "16.61",
        "200506": "15.89",
        "200507": "14.95",
        "200508": "14.82",
        "200509": "13.92",
        "200510": "13.77",
        "200511": "13.99",
        "200512": "15.52",
        "200601": "19.37",
        "200602": "21.29",
        "200603": "22.80",
        "200604": "24.07",
        "200605": "23.65",
        "200606": "24.22",
        "200607": "20.93",
        "200608": "18.45",
        "200609": "17.27",
        "200610": "17.74",
        "200611": "19.39",
        "200612": "21.89",
        "200701": "26.27",
        "200702": "24.71",
        "200703": "28.94",
        "200704": "30.12",
        "200705": "28.72",
        "200706": "29.52",
        "200707": "33.42",
        "200708": "32.06",
        "200709": "32.59",
        "200710": "29.35",
        "200711": "24.89",
        "200712": "22.16",
        "200801": "20.13",
        "200802": "19.05",
        "200803": "20.30",
        "200804": "21.30",
        "200805": "20.60",
        "200806": "16.96",
        "200807": "14.23",
        "200808": "17.47",
        "200809": "14.40",
        "200810": "12.26",
        "200811": "12.38",
        "200812": "11.63",
        "200901": "10.90",
        "200902": "11.82",
        "200903": "12.18",
        "200904": "13.65",
        "200905": "14.99",
        "200906": "16.15",
        "200907": "16.47",
        "200908": "22.60",
        "200909": "25.50",
        "200910": "26.61",
        "200911": "24.73",
        "200912": "27.53",
        "201001": "28.94",
        "201002": "28.15",
        "201003": "32.17",
        "201004": "41.46",
        "201005": "40.49",
        "201006": "38.30",
        "201007": "39.02",
        "201008": "39.18",
        "201009": "39.31",
        "201010": "40.95",
        "201011": "37.78",
        "201012": "38.93",
        "201101": "38.39",
        "201102": "36.60",
        "201103": "36.01",
        "201104": "38.44",
        "201105": "39.86",
        "201106": "40.76",
        "201107": "37.20",
        "201108": "31.60",
        "201109": "31.10",
        "201110": "29.37",
        "201111": "28.45",
        "201112": "26.60",
        "201201": "28.60",
        "201202": "34.17",
        "201203": "37.85",
        "201204": "38.43",
        "201205": "35.08",
        "201206": "34.32",
        "201207": "35.22",
        "201208": "30.83",
        "201209": "31.04",
        "201210": "29.10",
        "201211": "26.50",
        "201212": "27.23",
        "201301": "27.06",
        "201302": "29.18",
        "201303": "29.57",
        "201304": "29.84",
        "201305": "29.04",
        "201306": "28.56",
        "201307": "28.88",
        "201308": "28.12",
        "201309": "29.91",
        "201310": "29.82",
        "201311": "28.54",
        "201312": "29.40",
        "201401": "32.01",
        "201402": "33.18",
        "201403": "38.00",
        "201404": "38.08",
        "201405": "39.85",
        "201406": "41.55",
        "201407": "53.94",
        "201408": "55.31",
        "201409": "56.99",
        "201410": "47.46",
        "201411": "46.16",
        "201412": "52.13",
        "201501": "50.70",
        "201502": "50.75",
        "201503": "55.85",
        "201504": "56.94",
        "201505": "56.32",
        "201506": "56.13",
        "201507": "51.78",
        "201508": "46.95",
        "201509": "47.92",
        "201510": "50.67",
        "201511": "51.59",
        "201512": "49.67",
        "201601": "47.04",
        "201602": "52.09",
        "201603": "58.77",
        "201604": "55.95",
        "201605": "52.53",
        "201606": "53.03",
        "201607": "48.21",
        "201608": "48.14",
        "201609": "48.24",
        "201610": "48.10",
        "201611": "49.63",
        "201612": "51.96",
        "201701": "51.88",
        "201702": "56.94",
        "201703": "65.37",
        "201704": "66.20",
        "201705": "64.82",
        "201706": "70.57",
        "201707": "62.76",
        "201708": "61.48",
        "201709": "64.45",
        "201710": "66.09",
        "201711": "67.26",
        "201712": "67.15",
        "201801": "68.62",
        "201802": "66.32",
        "201803": "71.50",
        "201804": "70.56",
        "201805": "70.47",
        "201806": "72.89",
        "201807": "72.65",
        "201808": "61.78",
        "201809": "47.61",
        "201810": "38.32",
        "201811": "36.49",
        "201812": "無",
        "201901": "無",
        "201902": "無",
        "201903": "無",
        "201904": "無",
        "201905": "無",
        "201906": "無",
        "201907": "無",
        "201908": "無",
        "201909": "無",
        "201910": "無",
        "201911": "無",
        "201912": "無",
        "202001": "無",
        "202002": "無",
        "202003": "無",
        "202004": "無",
        "202005": "無",
        "202006": "無",
        "202007": "無",
        "202008": "無",
        "202009": "無",
        "202010": "無",
        "202011": "無",
        "202012": "無",
        "202101": "無",
        "202102": "無",
        "202103": "無",
        "202104": "無",
        "202105": "無",
        "202106": "無",
        "202107": "無",
        "202108": "無",
        "202109": "無",
        "202110": "無",
        "202111": "無",
        "202112": "無",
        "202201": "無",
        "202202": "無",
        "202203": "無",
        "202204": "無",
        "202205": "無",
        "202206": "無",
        "202207": "無",
        "202208": "無",
        "202209": "無",
        "202210": "無",
        "202211": "無",
        "202212": "無",
        "202301": "無",
        "202302": "無",
        "202303": "無",
        "202304": "無",
        "202305": "無",
        "202306": "無",
        "202307": "無",
        "202308": "無",
        "202309": "無",
        "202310": "無",
        "202311": "無",
        "202312": "無",
        "202401": "無",
        "202402": "無",
        "202403": "無",
        "202404": "無"
    },
    "quarters": {
        "20011": {
            "year_quarter": 20011,
            "year": 2001,
            "quarter": 1,
            "eps": null,
            "eps_growth_year": null,
            "eps_4q": null,
            "eps_4q_growth_year": null,
            "roe": null,
            "roe_4q": 0,
            "gross_profit": null,
            "gross_margin": null,
            "gross_margin_4q_avg": 0,
            "net_income": null,
            "net_income_4q": null,
            "revenue": null,
            "revenue_4q": null,
            "common_shares": null,
            "book_valuer_per_share": null,
            "book_valuer_per_share_4q_avg": 0,
            "equity": null,
            "current_ratio": null,
            "debt_ratio": null,
            "inventory_turnover_ratio": null,
            "account_receivable_turnover_ratio": null,
            "reinvestment_rate": null,
            "research_to_sale_ratio": null,
            "price_fair": 0,
            "eps_avg_yearly": 0,
            "eps_latest_yearly": 0,
            "eps_growth_yearly": 0
        },
        "20012": {
            "year_quarter": 20012,
            "year": 2001,
            "quarter": 2,
            "eps": null,
            "eps_growth_year": null,
            "eps_4q": null,
            "eps_4q_growth_year": null,
            "roe": null,
            "roe_4q": 0,
            "gross_profit": null,
            "gross_margin": null,
            "gross_margin_4q_avg": 0,
            "net_income": null,
            "net_income_4q": null,
            "revenue": null,
            "revenue_4q": null,
            "common_shares": null,
            "book_valuer_per_share": null,
            "book_valuer_per_share_4q_avg": 0,
            "equity": null,
            "current_ratio": null,
            "debt_ratio": null,
            "inventory_turnover_ratio": null,
            "account_receivable_turnover_ratio": null,
            "reinvestment_rate": null,
            "research_to_sale_ratio": null,
            "price_fair": 0,
            "eps_avg_yearly": 0,
            "eps_latest_yearly": 0,
            "eps_growth_yearly": 0
        },
        "20013": {
            "year_quarter": 20013,
            "year": 2001,
            "quarter": 3,
            "eps": null,
            "eps_growth_year": null,
            "eps_4q": null,
            "eps_4q_growth_year": null,
            "roe": null,
            "roe_4q": 0,
            "gross_profit": null,
            "gross_margin": null,
            "gross_margin_4q_avg": 0,
            "net_income": null,
            "net_income_4q": null,
            "revenue": null,
            "revenue_4q": null,
            "common_shares": null,
            "book_valuer_per_share": null,
            "book_valuer_per_share_4q_avg": 0,
            "equity": null,
            "current_ratio": null,
            "debt_ratio": null,
            "inventory_turnover_ratio": null,
            "account_receivable_turnover_ratio": null,
            "reinvestment_rate": null,
            "research_to_sale_ratio": null,
            "price_fair": 0,
            "eps_avg_yearly": 0,
            "eps_latest_yearly": 0,
            "eps_growth_yearly": 0
        },
        "20014": {
            "year_quarter": 20014,
            "year": 2001,
            "quarter": 4,
            "eps": null,
            "eps_growth_year": null,
            "eps_4q": null,
            "eps_4q_growth_year": null,
            "roe": null,
            "roe_4q": 0,
            "gross_profit": null,
            "gross_margin": null,
            "gross_margin_4q_avg": 0,
            "net_income": null,
            "net_income_4q": null,
            "revenue": null,
            "revenue_4q": null,
            "common_shares": 214120,
            "book_valuer_per_share": 20.44,
            "book_valuer_per_share_4q_avg": 5.11,
            "equity": 437665,
            "current_ratio": 152.6,
            "debt_ratio": 37.04,
            "inventory_turnover_ratio": null,
            "account_receivable_turnover_ratio": null,
            "reinvestment_rate": null,
            "research_to_sale_ratio": null,
            "price_fair": 0,
            "eps_avg_yearly": 0,
            "eps_latest_yearly": 0,
            "eps_growth_yearly": 0
        },
        "20021": {
            "year_quarter": 20021,
            "year": 2002,
            "quarter": 1,
            "eps": null,
            "eps_growth_year": null,
            "eps_4q": null,
            "eps_4q_growth_year": null,
            "roe": null,
            "roe_4q": 0,
            "gross_profit": null,
            "gross_margin": null,
            "gross_margin_4q_avg": 0,
            "net_income": null,
            "net_income_4q": null,
            "revenue": null,
            "revenue_4q": null,
            "common_shares": null,
            "book_valuer_per_share": null,
            "book_valuer_per_share_4q_avg": 5.11,
            "equity": null,
            "current_ratio": null,
            "debt_ratio": null,
            "inventory_turnover_ratio": null,
            "account_receivable_turnover_ratio": null,
            "reinvestment_rate": null,
            "research_to_sale_ratio": null,
            "price_fair": 0,
            "eps_avg_yearly": 0,
            "eps_latest_yearly": 0,
            "eps_growth_yearly": 0
        },
        "20022": {
            "year_quarter": 20022,
            "year": 2002,
            "quarter": 2,
            "eps": null,
            "eps_growth_year": null,
            "eps_4q": null,
            "eps_4q_growth_year": null,
            "roe": null,
            "roe_4q": 0,
            "gross_profit": null,
            "gross_margin": null,
            "gross_margin_4q_avg": 0,
            "net_income": null,
            "net_income_4q": null,
            "revenue": null,
            "revenue_4q": null,
            "common_shares": null,
            "book_valuer_per_share": null,
            "book_valuer_per_share_4q_avg": 5.11,
            "equity": null,
            "current_ratio": null,
            "debt_ratio": null,
            "inventory_turnover_ratio": null,
            "account_receivable_turnover_ratio": null,
            "reinvestment_rate": null,
            "research_to_sale_ratio": null,
            "price_fair": 0,
            "eps_avg_yearly": 0,
            "eps_latest_yearly": 0,
            "eps_growth_yearly": 0
        },
        "20023": {
            "year_quarter": 20023,
            "year": 2002,
            "quarter": 3,
            "eps": null,
            "eps_growth_year": null,
            "eps_4q": null,
            "eps_4q_growth_year": null,
            "roe": null,
            "roe_4q": 0,
            "gross_profit": null,
            "gross_margin": null,
            "gross_margin_4q_avg": 0,
            "net_income": null,
            "net_income_4q": null,
            "revenue": null,
            "revenue_4q": null,
            "common_shares": null,
            "book_valuer_per_share": null,
            "book_valuer_per_share_4q_avg": 5.11,
            "equity": null,
            "current_ratio": null,
            "debt_ratio": null,
            "inventory_turnover_ratio": null,
            "account_receivable_turnover_ratio": null,
            "reinvestment_rate": null,
            "research_to_sale_ratio": null,
            "price_fair": 0,
            "eps_avg_yearly": 0,
            "eps_latest_yearly": 0,
            "eps_growth_yearly": 0
        },
        "20024": {
            "year_quarter": 20024,
            "year": 2002,
            "quarter": 4,
            "eps": null,
            "eps_growth_year": null,
            "eps_4q": null,
            "eps_4q_growth_year": null,
            "roe": null,
            "roe_4q": 0,
            "gross_profit": null,
            "gross_margin": null,
            "gross_margin_4q_avg": 0,
            "net_income": null,
            "net_income_4q": null,
            "revenue": null,
            "revenue_4q": null,
            "common_shares": 330635,
            "book_valuer_per_share": 21.01,
            "book_valuer_per_share_4q_avg": 5.25,
            "equity": 694814,
            "current_ratio": 233.24,
            "debt_ratio": 28.97,
            "inventory_turnover_ratio": null,
            "account_receivable_turnover_ratio": null,
            "reinvestment_rate": null,
            "research_to_sale_ratio": null,
            "price_fair": 0,
            "eps_avg_yearly": 0,
            "eps_latest_yearly": 0,
            "eps_growth_yearly": 0
        },
        "20031": {
            "year_quarter": 20031,
            "year": 2003,
            "quarter": 1,
            "eps": null,
            "eps_growth_year": null,
            "eps_4q": null,
            "eps_4q_growth_year": null,
            "roe": null,
            "roe_4q": 0,
            "gross_profit": null,
            "gross_margin": null,
            "gross_margin_4q_avg": 0,
            "net_income": null,
            "net_income_4q": null,
            "revenue": null,
            "revenue_4q": null,
            "common_shares": null,
            "book_valuer_per_share": null,
            "book_valuer_per_share_4q_avg": 5.25,
            "equity": null,
            "current_ratio": null,
            "debt_ratio": null,
            "inventory_turnover_ratio": null,
            "account_receivable_turnover_ratio": null,
            "reinvestment_rate": null,
            "research_to_sale_ratio": null,
            "price_fair": 0,
            "eps_avg_yearly": 0,
            "eps_latest_yearly": 0,
            "eps_growth_yearly": 0
        },
        "20032": {
            "year_quarter": 20032,
            "year": 2003,
            "quarter": 2,
            "eps": null,
            "eps_growth_year": null,
            "eps_4q": null,
            "eps_4q_growth_year": null,
            "roe": null,
            "roe_4q": 0,
            "gross_profit": null,
            "gross_margin": null,
            "gross_margin_4q_avg": 0,
            "net_income": null,
            "net_income_4q": null,
            "revenue": null,
            "revenue_4q": null,
            "common_shares": null,
            "book_valuer_per_share": null,
            "book_valuer_per_share_4q_avg": 5.25,
            "equity": null,
            "current_ratio": null,
            "debt_ratio": null,
            "inventory_turnover_ratio": null,
            "account_receivable_turnover_ratio": null,
            "reinvestment_rate": null,
            "research_to_sale_ratio": null,
            "price_fair": 0,
            "eps_avg_yearly": 0,
            "eps_latest_yearly": 0,
            "eps_growth_yearly": 0
        },
        "20033": {
            "year_quarter": 20033,
            "year": 2003,
            "quarter": 3,
            "eps": 0.37,
            "eps_growth_year": null,
            "eps_4q": null,
            "eps_4q_growth_year": null,
            "roe": 2.08,
            "roe_4q": 2.08,
            "gross_profit": 34531,
            "gross_margin": 16.13,
            "gross_margin_4q_avg": 4.03,
            "net_income": 13839,
            "net_income_4q": null,
            "revenue": 214040,
            "revenue_4q": null,
            "common_shares": 369699,
            "book_valuer_per_share": 17.97,
            "book_valuer_per_share_4q_avg": 9.75,
            "equity": 664440,
            "current_ratio": 176.57,
            "debt_ratio": 29.04,
            "inventory_turnover_ratio": 3.88,
            "account_receivable_turnover_ratio": null,
            "reinvestment_rate": null,
            "research_to_sale_ratio": null,
            "price_fair": 0,
            "eps_avg_yearly": 0,
            "eps_latest_yearly": 0,
            "eps_growth_yearly": 0
        },
        "20034": {
            "year_quarter": 20034,
            "year": 2003,
            "quarter": 4,
            "eps": 0.87,
            "eps_growth_year": null,
            "eps_4q": null,
            "eps_4q_growth_year": null,
            "roe": 4.76,
            "roe_4q": 6.84,
            "gross_profit": 36500,
            "gross_margin": 14.93,
            "gross_margin_4q_avg": 7.77,
            "net_income": 32198,
            "net_income_4q": null,
            "revenue": 244455,
            "revenue_4q": null,
            "common_shares": 369699,
            "book_valuer_per_share": 18.6,
            "book_valuer_per_share_4q_avg": 9.14,
            "equity": 687632,
            "current_ratio": 174.22,
            "debt_ratio": 37.21,
            "inventory_turnover_ratio": 3.12,
            "account_receivable_turnover_ratio": null,
            "reinvestment_rate": null,
            "research_to_sale_ratio": null,
            "price_fair": 121.8,
            "eps_avg_yearly": 3.48,
            "eps_latest_yearly": 3.48,
            "eps_growth_yearly": 540.54
        },
        "20041": {
            "year_quarter": 20041,
            "year": 2004,
            "quarter": 1,
            "eps": null,
            "eps_growth_year": null,
            "eps_4q": null,
            "eps_4q_growth_year": null,
            "roe": null,
            "roe_4q": 6.84,
            "gross_profit": null,
            "gross_margin": null,
            "gross_margin_4q_avg": 7.77,
            "net_income": null,
            "net_income_4q": null,
            "revenue": null,
            "revenue_4q": null,
            "common_shares": null,
            "book_valuer_per_share": null,
            "book_valuer_per_share_4q_avg": 9.14,
            "equity": null,
            "current_ratio": null,
            "debt_ratio": null,
            "inventory_turnover_ratio": null,
            "account_receivable_turnover_ratio": null,
            "reinvestment_rate": null,
            "research_to_sale_ratio": null,
            "price_fair": 121.8,
            "eps_avg_yearly": 3.48,
            "eps_latest_yearly": 3.48,
            "eps_growth_yearly": 540.54
        },
        "20042": {
            "year_quarter": 20042,
            "year": 2004,
            "quarter": 2,
            "eps": null,
            "eps_growth_year": null,
            "eps_4q": null,
            "eps_4q_growth_year": null,
            "roe": null,
            "roe_4q": 6.84,
            "gross_profit": null,
            "gross_margin": null,
            "gross_margin_4q_avg": 7.77,
            "net_income": null,
            "net_income_4q": null,
            "revenue": null,
            "revenue_4q": null,
            "common_shares": null,
            "book_valuer_per_share": null,
            "book_valuer_per_share_4q_avg": 9.14,
            "equity": null,
            "current_ratio": null,
            "debt_ratio": null,
            "inventory_turnover_ratio": null,
            "account_receivable_turnover_ratio": null,
            "reinvestment_rate": null,
            "research_to_sale_ratio": null,
            "price_fair": 121.8,
            "eps_avg_yearly": 3.48,
            "eps_latest_yearly": 3.48,
            "eps_growth_yearly": 540.54
        },
        "20043": {
            "year_quarter": 20043,
            "year": 2004,
            "quarter": 3,
            "eps": 0.27,
            "eps_growth_year": -27.03,
            "eps_4q": null,
            "eps_4q_growth_year": null,
            "roe": 1.48,
            "roe_4q": 6.24,
            "gross_profit": 37155,
            "gross_margin": 16.08,
            "gross_margin_4q_avg": 7.75,
            "net_income": 9946,
            "net_income_4q": null,
            "revenue": 231108,
            "revenue_4q": null,
            "common_shares": 369699,
            "book_valuer_per_share": 18.14,
            "book_valuer_per_share_4q_avg": 9.19,
            "equity": 670548,
            "current_ratio": 133.78,
            "debt_ratio": 35.23,
            "inventory_turnover_ratio": 4.84,
            "account_receivable_turnover_ratio": null,
            "reinvestment_rate": null,
            "research_to_sale_ratio": null,
            "price_fair": 121.8,
            "eps_avg_yearly": 3.48,
            "eps_latest_yearly": 3.48,
            "eps_growth_yearly": 540.54
        },
        "20044": {
            "year_quarter": 20044,
            "year": 2004,
            "quarter": 4,
            "eps": 0.18,
            "eps_growth_year": -79.31,
            "eps_4q": null,
            "eps_4q_growth_year": null,
            "roe": 1.01,
            "roe_4q": 2.49,
            "gross_profit": 29807,
            "gross_margin": 12.84,
            "gross_margin_4q_avg": 7.23,
            "net_income": 6684,
            "net_income_4q": null,
            "revenue": 232159,
            "revenue_4q": null,
            "common_shares": 369699,
            "book_valuer_per_share": 17.51,
            "book_valuer_per_share_4q_avg": 8.91,
            "equity": 647502,
            "current_ratio": 185.85,
            "debt_ratio": 41.11,
            "inventory_turnover_ratio": 2.33,
            "account_receivable_turnover_ratio": null,
            "reinvestment_rate": null,
            "research_to_sale_ratio": null,
            "price_fair": 73.5,
            "eps_avg_yearly": 2.1,
            "eps_latest_yearly": 0.72,
            "eps_growth_yearly": 203.6
        },
        "20051": {
            "year_quarter": 20051,
            "year": 2005,
            "quarter": 1,
            "eps": 0.04,
            "eps_growth_year": null,
            "eps_4q": null,
            "eps_4q_growth_year": null,
            "roe": 0.21,
            "roe_4q": 2.7,
            "gross_profit": 30936,
            "gross_margin": 14.2,
            "gross_margin_4q_avg": 10.78,
            "net_income": 1357,
            "net_income_4q": null,
            "revenue": 217889,
            "revenue_4q": null,
            "common_shares": 369699,
            "book_valuer_per_share": 17.55,
            "book_valuer_per_share_4q_avg": 13.3,
            "equity": 648859,
            "current_ratio": 122.62,
            "debt_ratio": 40.92,
            "inventory_turnover_ratio": 2.13,
            "account_receivable_turnover_ratio": null,
            "reinvestment_rate": null,
            "research_to_sale_ratio": null,
            "price_fair": 50.87,
            "eps_avg_yearly": 1.45,
            "eps_latest_yearly": 0.16,
            "eps_growth_yearly": 32.03
        },
        "20052": {
            "year_quarter": 20052,
            "year": 2005,
            "quarter": 2,
            "eps": 0.21,
            "eps_growth_year": null,
            "eps_4q": 0.69,
            "eps_4q_growth_year": null,
            "roe": 1.23,
            "roe_4q": 3.93,
            "gross_profit": 41997,
            "gross_margin": 14.81,
            "gross_margin_4q_avg": 14.48,
            "net_income": 7871,
            "net_income_4q": null,
            "revenue": 283548,
            "revenue_4q": null,
            "common_shares": 369699,
            "book_valuer_per_share": 17.02,
            "book_valuer_per_share_4q_avg": 17.56,
            "equity": 629270,
            "current_ratio": 112.75,
            "debt_ratio": 42.79,
            "inventory_turnover_ratio": 6.37,
            "account_receivable_turnover_ratio": null,
            "reinvestment_rate": null,
            "research_to_sale_ratio": null,
            "price_fair": 45.5,
            "eps_avg_yearly": 1.3,
            "eps_latest_yearly": 0.84,
            "eps_growth_yearly": 449.02
        },
        "20053": {
            "year_quarter": 20053,
            "year": 2005,
            "quarter": 3,
            "eps": 0.6,
            "eps_growth_year": 122.22,
            "eps_4q": 1.02,
            "eps_4q_growth_year": null,
            "roe": 3.32,
            "roe_4q": 5.77,
            "gross_profit": 44218,
            "gross_margin": 13.72,
            "gross_margin_4q_avg": 13.89,
            "net_income": 22657,
            "net_income_4q": null,
            "revenue": 322407,
            "revenue_4q": null,
            "common_shares": 411289,
            "book_valuer_per_share": 17.92,
            "book_valuer_per_share_4q_avg": 17.5,
            "equity": 736860,
            "current_ratio": 127.3,
            "debt_ratio": 38.83,
            "inventory_turnover_ratio": 7.37,
            "account_receivable_turnover_ratio": null,
            "reinvestment_rate": null,
            "research_to_sale_ratio": null,
            "price_fair": 53.2,
            "eps_avg_yearly": 1.52,
            "eps_latest_yearly": 2.4,
            "eps_growth_yearly": 507.79
        },
        "20054": {
            "year_quarter": 20054,
            "year": 2005,
            "quarter": 4,
            "eps": 0.27,
            "eps_growth_year": 50,
            "eps_4q": 1.11,
            "eps_4q_growth_year": null,
            "roe": 1.4,
            "roe_4q": 6.159999999999999,
            "gross_profit": 48117,
            "gross_margin": 16.21,
            "gross_margin_4q_avg": 14.74,
            "net_income": 10231,
            "net_income_4q": null,
            "revenue": 296907,
            "revenue_4q": null,
            "common_shares": 411289,
            "book_valuer_per_share": 17.72,
            "book_valuer_per_share_4q_avg": 17.55,
            "equity": 728728,
            "current_ratio": 190.04,
            "debt_ratio": 39.15,
            "inventory_turnover_ratio": 2.13,
            "account_receivable_turnover_ratio": null,
            "reinvestment_rate": null,
            "research_to_sale_ratio": null,
            "price_fair": 50.63,
            "eps_avg_yearly": 1.45,
            "eps_latest_yearly": 1.08,
            "eps_growth_yearly": 386.49
        },
        "20061": {
            "year_quarter": 20061,
            "year": 2006,
            "quarter": 1,
            "eps": 0.3,
            "eps_growth_year": 650,
            "eps_4q": 1.32,
            "eps_4q_growth_year": null,
            "roe": 1.64,
            "roe_4q": 7.59,
            "gross_profit": 44312,
            "gross_margin": 15.27,
            "gross_margin_4q_avg": 15,
            "net_income": 12015,
            "net_income_4q": null,
            "revenue": 290273,
            "revenue_4q": null,
            "common_shares": 411289,
            "book_valuer_per_share": 17.93,
            "book_valuer_per_share_4q_avg": 17.65,
            "equity": 737258,
            "current_ratio": 151.43,
            "debt_ratio": 34.04,
            "inventory_turnover_ratio": 2.22,
            "account_receivable_turnover_ratio": null,
            "reinvestment_rate": null,
            "research_to_sale_ratio": null,
            "price_fair": 49.4,
            "eps_avg_yearly": 1.41,
            "eps_latest_yearly": 1.2,
            "eps_growth_yearly": 337.63
        },
        "20062": {
            "year_quarter": 20062,
            "year": 2006,
            "quarter": 2,
            "eps": 0.23,
            "eps_growth_year": 9.52,
            "eps_4q": 1.29,
            "eps_4q_growth_year": 87.4,
            "roe": 1.34,
            "roe_4q": 7.699999999999999,
            "gross_profit": 49196,
            "gross_margin": 14.33,
            "gross_margin_4q_avg": 14.88,
            "net_income": 9717,
            "net_income_4q": null,
            "revenue": 343335,
            "revenue_4q": null,
            "common_shares": 411289,
            "book_valuer_per_share": 17.46,
            "book_valuer_per_share_4q_avg": 17.76,
            "equity": 718206,
            "current_ratio": 139.96,
            "debt_ratio": 37.6,
            "inventory_turnover_ratio": 10.11,
            "account_receivable_turnover_ratio": null,
            "reinvestment_rate": null,
            "research_to_sale_ratio": null,
            "price_fair": 47.25,
            "eps_avg_yearly": 1.35,
            "eps_latest_yearly": 0.92,
            "eps_growth_yearly": 283.76
        },
        "20063": {
            "year_quarter": 20063,
            "year": 2006,
            "quarter": 3,
            "eps": 0.12,
            "eps_growth_year": -80,
            "eps_4q": 0.89,
            "eps_4q_growth_year": -13.18,
            "roe": 0.68,
            "roe_4q": 5.0600000000000005,
            "gross_profit": 55570,
            "gross_margin": 16.15,
            "gross_margin_4q_avg": 15.49,
            "net_income": 5002,
            "net_income_4q": null,
            "revenue": 344138,
            "revenue_4q": null,
            "common_shares": 434453,
            "book_valuer_per_share": 17.14,
            "book_valuer_per_share_4q_avg": 17.56,
            "equity": 744519,
            "current_ratio": 146.76,
            "debt_ratio": 36.8,
            "inventory_turnover_ratio": 9.83,
            "account_receivable_turnover_ratio": null,
            "reinvestment_rate": null,
            "research_to_sale_ratio": null,
            "price_fair": 43.87,
            "eps_avg_yearly": 1.25,
            "eps_latest_yearly": 0.48,
            "eps_growth_yearly": 230.97
        },
        "20064": {
            "year_quarter": 20064,
            "year": 2006,
            "quarter": 4,
            "eps": 0.25,
            "eps_growth_year": -7.41,
            "eps_4q": 0.87,
            "eps_4q_growth_year": -22.09,
            "roe": 1.45,
            "roe_4q": 5.109999999999999,
            "gross_profit": 48585,
            "gross_margin": 14.17,
            "gross_margin_4q_avg": 14.98,
            "net_income": 10851,
            "net_income_4q": null,
            "revenue": 342923,
            "revenue_4q": null,
            "common_shares": 434453,
            "book_valuer_per_share": 17.32,
            "book_valuer_per_share_4q_avg": 17.46,
            "equity": 752349,
            "current_ratio": 197.68,
            "debt_ratio": 39.97,
            "inventory_turnover_ratio": 2.59,
            "account_receivable_turnover_ratio": null,
            "reinvestment_rate": null,
            "research_to_sale_ratio": null,
            "price_fair": 42.98,
            "eps_avg_yearly": 1.23,
            "eps_latest_yearly": 1,
            "eps_growth_yearly": 251.21
        },
        "20071": {
            "year_quarter": 20071,
            "year": 2007,
            "quarter": 1,
            "eps": 0.4,
            "eps_growth_year": 33.33,
            "eps_4q": 0.99,
            "eps_4q_growth_year": -25.17,
            "roe": 2.28,
            "roe_4q": 5.749999999999999,
            "gross_profit": 52738,
            "gross_margin": 15.98,
            "gross_margin_4q_avg": 15.16,
            "net_income": 17451,
            "net_income_4q": null,
            "revenue": 329976,
            "revenue_4q": null,
            "common_shares": 434453,
            "book_valuer_per_share": 17.97,
            "book_valuer_per_share_4q_avg": 17.47,
            "equity": 780768,
            "current_ratio": 136.38,
            "debt_ratio": 35.01,
            "inventory_turnover_ratio": 2.53,
            "account_receivable_turnover_ratio": null,
            "reinvestment_rate": null,
            "research_to_sale_ratio": null,
            "price_fair": 44.16,
            "eps_avg_yearly": 1.26,
            "eps_latest_yearly": 1.6,
            "eps_growth_yearly": 250.19
        },
        "20072": {
            "year_quarter": 20072,
            "year": 2007,
            "quarter": 2,
            "eps": 0.63,
            "eps_growth_year": 173.91,
            "eps_4q": 1.4,
            "eps_4q_growth_year": 8.4,
            "roe": 3.49,
            "roe_4q": 7.8999999999999995,
            "gross_profit": 51972,
            "gross_margin": 14.33,
            "gross_margin_4q_avg": 15.16,
            "net_income": 27196,
            "net_income_4q": null,
            "revenue": 362720,
            "revenue_4q": null,
            "common_shares": 434453,
            "book_valuer_per_share": 17.91,
            "book_valuer_per_share_4q_avg": 17.59,
            "equity": 777951,
            "current_ratio": 119.01,
            "debt_ratio": 37.42,
            "inventory_turnover_ratio": 13.76,
            "account_receivable_turnover_ratio": null,
            "reinvestment_rate": null,
            "research_to_sale_ratio": null,
            "price_fair": 47.83,
            "eps_avg_yearly": 1.37,
            "eps_latest_yearly": 2.52,
            "eps_growth_yearly": 248.51
        },
        "20073": {
            "year_quarter": 20073,
            "year": 2007,
            "quarter": 3,
            "eps": 0.56,
            "eps_growth_year": 366.67,
            "eps_4q": 1.85,
            "eps_4q_growth_year": 109.15,
            "roe": 3.03,
            "roe_4q": 10.249999999999998,
            "gross_profit": 47419,
            "gross_margin": 13.33,
            "gross_margin_4q_avg": 14.45,
            "net_income": 24004,
            "net_income_4q": null,
            "revenue": 355741,
            "revenue_4q": null,
            "common_shares": 434453,
            "book_valuer_per_share": 18.52,
            "book_valuer_per_share_4q_avg": 17.93,
            "equity": 804589,
            "current_ratio": 119.95,
            "debt_ratio": 38.51,
            "inventory_turnover_ratio": 13.19,
            "account_receivable_turnover_ratio": null,
            "reinvestment_rate": null,
            "research_to_sale_ratio": null,
            "price_fair": 50.18,
            "eps_avg_yearly": 1.43,
            "eps_latest_yearly": 2.24,
            "eps_growth_yearly": 225.97
        },
        "20074": {
            "year_quarter": 20074,
            "year": 2007,
            "quarter": 4,
            "eps": 0.17,
            "eps_growth_year": -32,
            "eps_4q": 1.78,
            "eps_4q_growth_year": 105.4,
            "roe": 0.88,
            "roe_4q": 9.68,
            "gross_profit": 46520,
            "gross_margin": 14,
            "gross_margin_4q_avg": 14.41,
            "net_income": 7255,
            "net_income_4q": null,
            "revenue": 332336,
            "revenue_4q": null,
            "common_shares": 436263,
            "book_valuer_per_share": 19.25,
            "book_valuer_per_share_4q_avg": 18.41,
            "equity": 839864,
            "current_ratio": 265.76,
            "debt_ratio": 46.89,
            "inventory_turnover_ratio": 2.61,
            "account_receivable_turnover_ratio": null,
            "reinvestment_rate": null,
            "research_to_sale_ratio": null,
            "price_fair": 42.65,
            "eps_avg_yearly": 1.22,
            "eps_latest_yearly": 0.68,
            "eps_growth_yearly": 162.96
        },
        "20081": {
            "year_quarter": 20081,
            "year": 2008,
            "quarter": 1,
            "eps": 0.05,
            "eps_growth_year": -87.5,
            "eps_4q": 1.53,
            "eps_4q_growth_year": 54.99,
            "roe": 0.24,
            "roe_4q": 7.640000000000001,
            "gross_profit": 85978,
            "gross_margin": 23.85,
            "gross_margin_4q_avg": 16.38,
            "net_income": 1977,
            "net_income_4q": null,
            "revenue": 360524,
            "revenue_4q": null,
            "common_shares": 436263,
            "book_valuer_per_share": 18.23,
            "book_valuer_per_share_4q_avg": 18.48,
            "equity": 795223,
            "current_ratio": 257.41,
            "debt_ratio": 47.63,
            "inventory_turnover_ratio": 1.44,
            "account_receivable_turnover_ratio": null,
            "reinvestment_rate": null,
            "research_to_sale_ratio": null,
            "price_fair": 40.1,
            "eps_avg_yearly": 1.15,
            "eps_latest_yearly": 0.2,
            "eps_growth_yearly": 131.16
        },
        "20082": {
            "year_quarter": 20082,
            "year": 2008,
            "quarter": 2,
            "eps": 0.17,
            "eps_growth_year": -73.02,
            "eps_4q": 0.94,
            "eps_4q_growth_year": -32.92,
            "roe": 0.95,
            "roe_4q": 5.1,
            "gross_profit": 83301,
            "gross_margin": 22.61,
            "gross_margin_4q_avg": 18.45,
            "net_income": 7337,
            "net_income_4q": null,
            "revenue": 368405,
            "revenue_4q": null,
            "common_shares": 438323,
            "book_valuer_per_share": 17.04,
            "book_valuer_per_share_4q_avg": 18.26,
            "equity": 747020,
            "current_ratio": 172.93,
            "debt_ratio": 57.66,
            "inventory_turnover_ratio": 1.46,
            "account_receivable_turnover_ratio": null,
            "reinvestment_rate": 251.14,
            "research_to_sale_ratio": null,
            "price_fair": 39.01,
            "eps_avg_yearly": 1.11,
            "eps_latest_yearly": 0.68,
            "eps_growth_yearly": 186.41
        },
        "20083": {
            "year_quarter": 20083,
            "year": 2008,
            "quarter": 3,
            "eps": 0.58,
            "eps_growth_year": 3.57,
            "eps_4q": 0.97,
            "eps_4q_growth_year": -47.6,
            "roe": 3.23,
            "roe_4q": 5.3,
            "gross_profit": 109008,
            "gross_margin": 22.93,
            "gross_margin_4q_avg": 20.85,
            "net_income": 24523,
            "net_income_4q": null,
            "revenue": 475293,
            "revenue_4q": null,
            "common_shares": 438493,
            "book_valuer_per_share": 17.57,
            "book_valuer_per_share_4q_avg": 18.02,
            "equity": 770379,
            "current_ratio": 172.33,
            "debt_ratio": 56.33,
            "inventory_turnover_ratio": 1.69,
            "account_receivable_turnover_ratio": null,
            "reinvestment_rate": 150.15,
            "research_to_sale_ratio": null,
            "price_fair": 41.65,
            "eps_avg_yearly": 1.19,
            "eps_latest_yearly": 2.32,
            "eps_growth_yearly": 235.06
        },
        "20084": {
            "year_quarter": 20084,
            "year": 2008,
            "quarter": 4,
            "eps": 0.17,
            "eps_growth_year": 0,
            "eps_4q": 0.99,
            "eps_4q_growth_year": -44.39,
            "roe": 0.89,
            "roe_4q": 5.3100000000000005,
            "gross_profit": 83576,
            "gross_margin": 21.88,
            "gross_margin_4q_avg": 22.82,
            "net_income": 7023,
            "net_income_4q": null,
            "revenue": 381947,
            "revenue_4q": null,
            "common_shares": 438493,
            "book_valuer_per_share": 18.42,
            "book_valuer_per_share_4q_avg": 17.82,
            "equity": 807532,
            "current_ratio": 135.91,
            "debt_ratio": 46.82,
            "inventory_turnover_ratio": 1.35,
            "account_receivable_turnover_ratio": 1.98,
            "reinvestment_rate": 12.01,
            "research_to_sale_ratio": null,
            "price_fair": 41.56,
            "eps_avg_yearly": 1.19,
            "eps_latest_yearly": 0.68,
            "eps_growth_yearly": 225.72
        },
        "20091": {
            "year_quarter": 20091,
            "year": 2009,
            "quarter": 1,
            "eps": 0.3,
            "eps_growth_year": 500,
            "eps_4q": 1.27,
            "eps_4q_growth_year": -16.89,
            "roe": 1.46,
            "roe_4q": 6.53,
            "gross_profit": 58985,
            "gross_margin": 18.39,
            "gross_margin_4q_avg": 21.45,
            "net_income": 12023,
            "net_income_4q": null,
            "revenue": 320799,
            "revenue_4q": null,
            "common_shares": 438843,
            "book_valuer_per_share": 19.13,
            "book_valuer_per_share_4q_avg": 18.04,
            "equity": 839484,
            "current_ratio": 148.16,
            "debt_ratio": 41.78,
            "inventory_turnover_ratio": 1.45,
            "account_receivable_turnover_ratio": 0.87,
            "reinvestment_rate": 129.96,
            "research_to_sale_ratio": null,
            "price_fair": 43.84,
            "eps_avg_yearly": 1.25,
            "eps_latest_yearly": 1.2,
            "eps_growth_yearly": 264.28
        },
        "20092": {
            "year_quarter": 20092,
            "year": 2009,
            "quarter": 2,
            "eps": 0.73,
            "eps_growth_year": 329.41,
            "eps_4q": 1.81,
            "eps_4q_growth_year": 92.83,
            "roe": 3.57,
            "roe_4q": 9.149999999999999,
            "gross_profit": 92431,
            "gross_margin": 26.5,
            "gross_margin_4q_avg": 22.43,
            "net_income": 29373,
            "net_income_4q": null,
            "revenue": 348763,
            "revenue_4q": null,
            "common_shares": 438843,
            "book_valuer_per_share": 18.36,
            "book_valuer_per_share_4q_avg": 18.37,
            "equity": 805876,
            "current_ratio": 132.62,
            "debt_ratio": 44.33,
            "inventory_turnover_ratio": 1.65,
            "account_receivable_turnover_ratio": 0.94,
            "reinvestment_rate": 109.53,
            "research_to_sale_ratio": null,
            "price_fair": 48.39,
            "eps_avg_yearly": 1.38,
            "eps_latest_yearly": 2.92,
            "eps_growth_yearly": 193.86
        },
        "20093": {
            "year_quarter": 20093,
            "year": 2009,
            "quarter": 3,
            "eps": 0.75,
            "eps_growth_year": 29.31,
            "eps_4q": 2.15,
            "eps_4q_growth_year": 120.82,
            "roe": 3.17,
            "roe_4q": 9.09,
            "gross_profit": 125391,
            "gross_margin": 23.36,
            "gross_margin_4q_avg": 22.53,
            "net_income": 27971,
            "net_income_4q": null,
            "revenue": 536835,
            "revenue_4q": null,
            "common_shares": 460821,
            "book_valuer_per_share": 17.84,
            "book_valuer_per_share_4q_avg": 18.44,
            "equity": 957378,
            "current_ratio": 138.06,
            "debt_ratio": 48.41,
            "inventory_turnover_ratio": 2.53,
            "account_receivable_turnover_ratio": 1.07,
            "reinvestment_rate": 179.61,
            "research_to_sale_ratio": null,
            "price_fair": 49.7,
            "eps_avg_yearly": 1.42,
            "eps_latest_yearly": 3,
            "eps_growth_yearly": 148.12
        },
        "20094": {
            "year_quarter": 20094,
            "year": 2009,
            "quarter": 4,
            "eps": 0.84,
            "eps_growth_year": 394.12,
            "eps_4q": 2.54,
            "eps_4q_growth_year": 157.15,
            "roe": 5.51,
            "roe_4q": 13.71,
            "gross_profit": 146105,
            "gross_margin": 29.59,
            "gross_margin_4q_avg": 24.46,
            "net_income": 55374,
            "net_income_4q": null,
            "revenue": 493764,
            "revenue_4q": null,
            "common_shares": 460821,
            "book_valuer_per_share": 20.21,
            "book_valuer_per_share_4q_avg": 18.89,
            "equity": 1052469,
            "current_ratio": 162.47,
            "debt_ratio": 52.61,
            "inventory_turnover_ratio": 1.74,
            "account_receivable_turnover_ratio": 1.64,
            "reinvestment_rate": 70.11,
            "research_to_sale_ratio": null,
            "price_fair": 54.69,
            "eps_avg_yearly": 1.56,
            "eps_latest_yearly": 3.36,
            "eps_growth_yearly": 164.87
        },
        "20101": {
            "year_quarter": 20101,
            "year": 2010,
            "quarter": 1,
            "eps": 0.95,
            "eps_growth_year": 216.67,
            "eps_4q": 2.99,
            "eps_4q_growth_year": 135.28,
            "roe": 3.07,
            "roe_4q": 15.32,
            "gross_profit": 130548,
            "gross_margin": 24.1,
            "gross_margin_4q_avg": 25.89,
            "net_income": 34060,
            "net_income_4q": null,
            "revenue": 541748,
            "revenue_4q": null,
            "common_shares": 462151,
            "book_valuer_per_share": 21.35,
            "book_valuer_per_share_4q_avg": 19.44,
            "equity": 1163738,
            "current_ratio": 169.3,
            "debt_ratio": 46.39,
            "inventory_turnover_ratio": 1.71,
            "account_receivable_turnover_ratio": 0.87,
            "reinvestment_rate": 166.76,
            "research_to_sale_ratio": 2.38,
            "price_fair": 60.38,
            "eps_avg_yearly": 1.73,
            "eps_latest_yearly": 3.8,
            "eps_growth_yearly": 165.36
        },
        "20102": {
            "year_quarter": 20102,
            "year": 2010,
            "quarter": 2,
            "eps": 1.24,
            "eps_growth_year": 69.91,
            "eps_4q": 3.38,
            "eps_4q_growth_year": 86.7,
            "roe": 5.72,
            "roe_4q": 17.47,
            "gross_profit": 166379,
            "gross_margin": 26.11,
            "gross_margin_4q_avg": 25.79,
            "net_income": 69035,
            "net_income_4q": null,
            "revenue": 637230,
            "revenue_4q": null,
            "common_shares": 532124,
            "book_valuer_per_share": 21.2,
            "book_valuer_per_share_4q_avg": 20.15,
            "equity": 1251120,
            "current_ratio": 146.23,
            "debt_ratio": 47.53,
            "inventory_turnover_ratio": 1.7,
            "account_receivable_turnover_ratio": 0.9,
            "reinvestment_rate": 148.4,
            "research_to_sale_ratio": 2.37,
            "price_fair": 69.21,
            "eps_avg_yearly": 1.98,
            "eps_latest_yearly": 4.96,
            "eps_growth_yearly": 178.83
        },
        "20103": {
            "year_quarter": 20103,
            "year": 2010,
            "quarter": 3,
            "eps": 1.04,
            "eps_growth_year": 38.61,
            "eps_4q": 3.8,
            "eps_4q_growth_year": 77.1,
            "roe": 3.5,
            "roe_4q": 17.799999999999997,
            "gross_profit": 148299,
            "gross_margin": 26.36,
            "gross_margin_4q_avg": 26.54,
            "net_income": 44531,
            "net_income_4q": null,
            "revenue": 562536,
            "revenue_4q": null,
            "common_shares": 535221,
            "book_valuer_per_share": 22.14,
            "book_valuer_per_share_4q_avg": 21.23,
            "equity": 1292283,
            "current_ratio": 204.84,
            "debt_ratio": 44.71,
            "inventory_turnover_ratio": 1.29,
            "account_receivable_turnover_ratio": 0.79,
            "reinvestment_rate": 140.42,
            "research_to_sale_ratio": 2.45,
            "price_fair": 77.26,
            "eps_avg_yearly": 2.21,
            "eps_latest_yearly": 4.16,
            "eps_growth_yearly": 186.75
        },
        "20104": {
            "year_quarter": 20104,
            "year": 2010,
            "quarter": 4,
            "eps": 0.94,
            "eps_growth_year": 11.69,
            "eps_4q": 4.03,
            "eps_4q_growth_year": 58.43,
            "roe": 3.35,
            "roe_4q": 15.64,
            "gross_profit": 157096,
            "gross_margin": 27.14,
            "gross_margin_4q_avg": 25.93,
            "net_income": 43113,
            "net_income_4q": null,
            "revenue": 578764,
            "revenue_4q": null,
            "common_shares": 536774,
            "book_valuer_per_share": 22.12,
            "book_valuer_per_share_4q_avg": 21.7,
            "equity": 1281878,
            "current_ratio": 202.07,
            "debt_ratio": 44.46,
            "inventory_turnover_ratio": 1.4,
            "account_receivable_turnover_ratio": 0.93,
            "reinvestment_rate": 73.28,
            "research_to_sale_ratio": 2.3,
            "price_fair": 83.3,
            "eps_avg_yearly": 2.38,
            "eps_latest_yearly": 3.76,
            "eps_growth_yearly": 157.27
        },
        "20111": {
            "year_quarter": 20111,
            "year": 2011,
            "quarter": 1,
            "eps": 0.9,
            "eps_growth_year": -5.26,
            "eps_4q": 4.12,
            "eps_4q_growth_year": 37.88,
            "roe": 3.07,
            "roe_4q": 15.64,
            "gross_profit": 143347,
            "gross_margin": 26.28,
            "gross_margin_4q_avg": 26.47,
            "net_income": 40159,
            "net_income_4q": null,
            "revenue": 545395,
            "revenue_4q": null,
            "common_shares": 521774,
            "book_valuer_per_share": 23.25,
            "book_valuer_per_share_4q_avg": 22.18,
            "equity": 1335134,
            "current_ratio": 201.45,
            "debt_ratio": 45.23,
            "inventory_turnover_ratio": 1.42,
            "account_receivable_turnover_ratio": 0.87,
            "reinvestment_rate": 126.12,
            "research_to_sale_ratio": 2.31,
            "price_fair": 87.68,
            "eps_avg_yearly": 2.51,
            "eps_latest_yearly": 3.6,
            "eps_growth_yearly": 141.2
        },
        "20112": {
            "year_quarter": 20112,
            "year": 2011,
            "quarter": 2,
            "eps": 1.12,
            "eps_growth_year": -9.76,
            "eps_4q": 4,
            "eps_4q_growth_year": 18.09,
            "roe": 3.94,
            "roe_4q": 13.86,
            "gross_profit": 164074,
            "gross_margin": 23.44,
            "gross_margin_4q_avg": 25.81,
            "net_income": 52174,
            "net_income_4q": null,
            "revenue": 699998,
            "revenue_4q": null,
            "common_shares": 521774,
            "book_valuer_per_share": 20.99,
            "book_valuer_per_share_4q_avg": 22.13,
            "equity": 1314360,
            "current_ratio": 168.6,
            "debt_ratio": 51.06,
            "inventory_turnover_ratio": 1.65,
            "account_receivable_turnover_ratio": 0.98,
            "reinvestment_rate": 133.49,
            "research_to_sale_ratio": 2.08,
            "price_fair": 91.96,
            "eps_avg_yearly": 2.63,
            "eps_latest_yearly": 4.48,
            "eps_growth_yearly": 132.94
        },
        "20113": {
            "year_quarter": 20113,
            "year": 2011,
            "quarter": 3,
            "eps": 0.82,
            "eps_growth_year": -21.12,
            "eps_4q": 3.78,
            "eps_4q_growth_year": -0.62,
            "roe": 2.12,
            "roe_4q": 12.48,
            "gross_profit": 137251,
            "gross_margin": 20.7,
            "gross_margin_4q_avg": 24.39,
            "net_income": 28906,
            "net_income_4q": null,
            "revenue": 662899,
            "revenue_4q": null,
            "common_shares": 501894,
            "book_valuer_per_share": 23.01,
            "book_valuer_per_share_4q_avg": 22.34,
            "equity": 1415630,
            "current_ratio": 140.71,
            "debt_ratio": 46.05,
            "inventory_turnover_ratio": 1.4,
            "account_receivable_turnover_ratio": 0.84,
            "reinvestment_rate": 127.91,
            "research_to_sale_ratio": 2.53,
            "price_fair": 94.24,
            "eps_avg_yearly": 2.69,
            "eps_latest_yearly": 3.28,
            "eps_growth_yearly": 129.02
        },
        "20114": {
            "year_quarter": 20114,
            "year": 2011,
            "quarter": 4,
            "eps": 0.98,
            "eps_growth_year": 4.32,
            "eps_4q": 3.82,
            "eps_4q_growth_year": -5.26,
            "roe": 2.32,
            "roe_4q": 11.45,
            "gross_profit": 166107,
            "gross_margin": 24.73,
            "gross_margin_4q_avg": 23.79,
            "net_income": 33220,
            "net_income_4q": null,
            "revenue": 671812,
            "revenue_4q": null,
            "common_shares": 501894,
            "book_valuer_per_share": 23.95,
            "book_valuer_per_share_4q_avg": 22.8,
            "equity": 1445606,
            "current_ratio": 136.3,
            "debt_ratio": 45.74,
            "inventory_turnover_ratio": 1.32,
            "account_receivable_turnover_ratio": 0.83,
            "reinvestment_rate": 80.32,
            "research_to_sale_ratio": 2.45,
            "price_fair": 101.33,
            "eps_avg_yearly": 2.9,
            "eps_latest_yearly": 3.92,
            "eps_growth_yearly": 151.31
        },
        "20121": {
            "year_quarter": 20121,
            "year": 2012,
            "quarter": 1,
            "eps": 0.67,
            "eps_growth_year": -25.56,
            "eps_4q": 3.58,
            "eps_4q_growth_year": -13.12,
            "roe": 0.36,
            "roe_4q": 8.74,
            "gross_profit": 134412,
            "gross_margin": 21.22,
            "gross_margin_4q_avg": 22.52,
            "net_income": 5236,
            "net_income_4q": null,
            "revenue": 633478,
            "revenue_4q": null,
            "common_shares": 501894,
            "book_valuer_per_share": 24.27,
            "book_valuer_per_share_4q_avg": 23.06,
            "equity": 1432313,
            "current_ratio": 139.39,
            "debt_ratio": 45.85,
            "inventory_turnover_ratio": 1.37,
            "account_receivable_turnover_ratio": 0.77,
            "reinvestment_rate": 69.56,
            "research_to_sale_ratio": 2.67,
            "price_fair": 106.75,
            "eps_avg_yearly": 3.05,
            "eps_latest_yearly": 2.68,
            "eps_growth_yearly": 161.05
        },
        "20122": {
            "year_quarter": 20122,
            "year": 2012,
            "quarter": 2,
            "eps": 0.88,
            "eps_growth_year": -21.14,
            "eps_4q": 3.35,
            "eps_4q_growth_year": -16.29,
            "roe": 1.04,
            "roe_4q": 5.84,
            "gross_profit": 144195,
            "gross_margin": 19.93,
            "gross_margin_4q_avg": 21.65,
            "net_income": 14147,
            "net_income_4q": null,
            "revenue": 723564,
            "revenue_4q": null,
            "common_shares": 503854,
            "book_valuer_per_share": 21.75,
            "book_valuer_per_share_4q_avg": 23.25,
            "equity": 1279053,
            "current_ratio": 125.1,
            "debt_ratio": 52.32,
            "inventory_turnover_ratio": 1.6,
            "account_receivable_turnover_ratio": 0.86,
            "reinvestment_rate": 60.09,
            "research_to_sale_ratio": 2.11,
            "price_fair": 112.96,
            "eps_avg_yearly": 3.23,
            "eps_latest_yearly": 3.52,
            "eps_growth_yearly": 108.88
        },
        "20123": {
            "year_quarter": 20123,
            "year": 2012,
            "quarter": 3,
            "eps": 0.61,
            "eps_growth_year": -26.03,
            "eps_4q": 3.14,
            "eps_4q_growth_year": -16.98,
            "roe": 0.85,
            "roe_4q": 4.57,
            "gross_profit": 123520,
            "gross_margin": 19.37,
            "gross_margin_4q_avg": 21.31,
            "net_income": 10856,
            "net_income_4q": null,
            "revenue": 637602,
            "revenue_4q": null,
            "common_shares": 503854,
            "book_valuer_per_share": 21.94,
            "book_valuer_per_share_4q_avg": 22.98,
            "equity": 1267474,
            "current_ratio": 141.09,
            "debt_ratio": 48.06,
            "inventory_turnover_ratio": 1.51,
            "account_receivable_turnover_ratio": 0.78,
            "reinvestment_rate": 53.41,
            "research_to_sale_ratio": 1.96,
            "price_fair": 113.23,
            "eps_avg_yearly": 3.24,
            "eps_latest_yearly": 2.44,
            "eps_growth_yearly": 40.92
        },
        "20124": {
            "year_quarter": 20124,
            "year": 2012,
            "quarter": 4,
            "eps": 0.41,
            "eps_growth_year": -57.74,
            "eps_4q": 2.57,
            "eps_4q_growth_year": -32.56,
            "roe": -2.9,
            "roe_4q": -0.6499999999999998,
            "gross_profit": 127989,
            "gross_margin": 22.29,
            "gross_margin_4q_avg": 20.7,
            "net_income": -36152,
            "net_income_4q": null,
            "revenue": 574201,
            "revenue_4q": null,
            "common_shares": 503854,
            "book_valuer_per_share": 22.32,
            "book_valuer_per_share_4q_avg": 22.57,
            "equity": 1227949,
            "current_ratio": 141.34,
            "debt_ratio": 47.07,
            "inventory_turnover_ratio": 1.44,
            "account_receivable_turnover_ratio": 0.84,
            "reinvestment_rate": 208.62,
            "research_to_sale_ratio": 1.93,
            "price_fair": 115.33,
            "eps_avg_yearly": 3.3,
            "eps_latest_yearly": 1.64,
            "eps_growth_yearly": 50.39
        },
        "20131": {
            "year_quarter": 20131,
            "year": 2013,
            "quarter": 1,
            "eps": 0.63,
            "eps_growth_year": -5.97,
            "eps_4q": 2.53,
            "eps_4q_growth_year": -29.38,
            "roe": 1.59,
            "roe_4q": 0.5800000000000002,
            "gross_profit": 121385,
            "gross_margin": 23.72,
            "gross_margin_4q_avg": 21.33,
            "net_income": 19864,
            "net_income_4q": null,
            "revenue": 511829,
            "revenue_4q": null,
            "common_shares": 503854,
            "book_valuer_per_share": 23.45,
            "book_valuer_per_share_4q_avg": 22.37,
            "equity": 1275936,
            "current_ratio": 144.18,
            "debt_ratio": 46.96,
            "inventory_turnover_ratio": 1.21,
            "account_receivable_turnover_ratio": 0.9,
            "reinvestment_rate": 42.56,
            "research_to_sale_ratio": 2.33,
            "price_fair": 118.21,
            "eps_avg_yearly": 3.38,
            "eps_latest_yearly": 2.52,
            "eps_growth_yearly": 44.69
        },
        "20132": {
            "year_quarter": 20132,
            "year": 2013,
            "quarter": 2,
            "eps": 0.9,
            "eps_growth_year": 1.96,
            "eps_4q": 2.55,
            "eps_4q_growth_year": -23.86,
            "roe": 2.73,
            "roe_4q": 2.2700000000000005,
            "gross_profit": 153003,
            "gross_margin": 25.71,
            "gross_margin_4q_avg": 22.77,
            "net_income": 34029,
            "net_income_4q": null,
            "revenue": 595020,
            "revenue_4q": null,
            "common_shares": 503854,
            "book_valuer_per_share": 22.54,
            "book_valuer_per_share_4q_avg": 22.56,
            "equity": 1219576,
            "current_ratio": 132.45,
            "debt_ratio": 52.15,
            "inventory_turnover_ratio": 1.34,
            "account_receivable_turnover_ratio": 1.04,
            "reinvestment_rate": 40.75,
            "research_to_sale_ratio": 2.15,
            "price_fair": 101.14,
            "eps_avg_yearly": 3.42,
            "eps_latest_yearly": 3.6,
            "eps_growth_yearly": 19.57
        },
        "20133": {
            "year_quarter": 20133,
            "year": 2013,
            "quarter": 3,
            "eps": 0.82,
            "eps_growth_year": 35.2,
            "eps_4q": 2.76,
            "eps_4q_growth_year": -11.98,
            "roe": -0.1,
            "roe_4q": 1.3199999999999998,
            "gross_profit": 138688,
            "gross_margin": 23.49,
            "gross_margin_4q_avg": 23.8,
            "net_income": -1230,
            "net_income_4q": null,
            "revenue": 590319,
            "revenue_4q": null,
            "common_shares": 503854,
            "book_valuer_per_share": 23.17,
            "book_valuer_per_share_4q_avg": 22.87,
            "equity": 1245612,
            "current_ratio": 156.31,
            "debt_ratio": 49.25,
            "inventory_turnover_ratio": 1.56,
            "account_receivable_turnover_ratio": 0.99,
            "reinvestment_rate": 8.13,
            "research_to_sale_ratio": 2.13,
            "price_fair": 91.66,
            "eps_avg_yearly": 3.44,
            "eps_latest_yearly": 3.28,
            "eps_growth_yearly": 16.67
        },
        "20134": {
            "year_quarter": 20134,
            "year": 2013,
            "quarter": 4,
            "eps": 0.73,
            "eps_growth_year": 76.63,
            "eps_4q": 3.08,
            "eps_4q_growth_year": 19.52,
            "roe": 0.12,
            "roe_4q": 4.34,
            "gross_profit": 150076,
            "gross_margin": 26.7,
            "gross_margin_4q_avg": 24.91,
            "net_income": 1462,
            "net_income_4q": null,
            "revenue": 562038,
            "revenue_4q": null,
            "common_shares": 503854,
            "book_valuer_per_share": 24.29,
            "book_valuer_per_share_4q_avg": 23.36,
            "equity": 1269498,
            "current_ratio": 151.01,
            "debt_ratio": 51.03,
            "inventory_turnover_ratio": 1.52,
            "account_receivable_turnover_ratio": 0.86,
            "reinvestment_rate": 3.47,
            "research_to_sale_ratio": 2.21,
            "price_fair": 71.34,
            "eps_avg_yearly": 3.41,
            "eps_latest_yearly": 2.92,
            "eps_growth_yearly": 10.92
        },
        "20141": {
            "year_quarter": 20141,
            "year": 2014,
            "quarter": 1,
            "eps": 0.96,
            "eps_growth_year": 52.38,
            "eps_4q": 3.41,
            "eps_4q_growth_year": 34.81,
            "roe": 1.89,
            "roe_4q": 4.64,
            "gross_profit": 163521,
            "gross_margin": 29.28,
            "gross_margin_4q_avg": 26.3,
            "net_income": 24349,
            "net_income_4q": null,
            "revenue": 558533,
            "revenue_4q": null,
            "common_shares": 503854,
            "book_valuer_per_share": 25.56,
            "book_valuer_per_share_4q_avg": 23.89,
            "equity": 1310952,
            "current_ratio": 187.99,
            "debt_ratio": 46.34,
            "inventory_turnover_ratio": 1.39,
            "account_receivable_turnover_ratio": 0.82,
            "reinvestment_rate": -10.11,
            "research_to_sale_ratio": 1.96,
            "price_fair": 87.1,
            "eps_avg_yearly": 3.41,
            "eps_latest_yearly": 3.84,
            "eps_growth_yearly": 15.52
        },
        "20142": {
            "year_quarter": 20142,
            "year": 2014,
            "quarter": 2,
            "eps": 1.42,
            "eps_growth_year": 57.78,
            "eps_4q": 3.93,
            "eps_4q_growth_year": 54.3,
            "roe": 5.1,
            "roe_4q": 7.01,
            "gross_profit": 213308,
            "gross_margin": 31.7,
            "gross_margin_4q_avg": 27.79,
            "net_income": 65035,
            "net_income_4q": null,
            "revenue": 672952,
            "revenue_4q": null,
            "common_shares": 503854,
            "book_valuer_per_share": 23.7,
            "book_valuer_per_share_4q_avg": 24.18,
            "equity": 1241257,
            "current_ratio": 169.53,
            "debt_ratio": 51.44,
            "inventory_turnover_ratio": 1.63,
            "account_receivable_turnover_ratio": 0.99,
            "reinvestment_rate": -11.36,
            "research_to_sale_ratio": 1.62,
            "price_fair": 103.28,
            "eps_avg_yearly": 3.46,
            "eps_latest_yearly": 5.68,
            "eps_growth_yearly": 19.87
        },
        "20143": {
            "year_quarter": 20143,
            "year": 2014,
            "quarter": 3,
            "eps": 1.26,
            "eps_growth_year": 53.66,
            "eps_4q": 4.38,
            "eps_4q_growth_year": 58.54,
            "roe": 5.22,
            "roe_4q": 12.33,
            "gross_profit": 198033,
            "gross_margin": 30.45,
            "gross_margin_4q_avg": 29.53,
            "net_income": 67093,
            "net_income_4q": null,
            "revenue": 650357,
            "revenue_4q": null,
            "common_shares": 503854,
            "book_valuer_per_share": 25.18,
            "book_valuer_per_share_4q_avg": 24.68,
            "equity": 1328143,
            "current_ratio": 164.98,
            "debt_ratio": 49.79,
            "inventory_turnover_ratio": 1.57,
            "account_receivable_turnover_ratio": 0.99,
            "reinvestment_rate": -14.4,
            "research_to_sale_ratio": 1.71,
            "price_fair": 109.19,
            "eps_avg_yearly": 3.51,
            "eps_latest_yearly": 5.04,
            "eps_growth_yearly": 21.09
        },
        "20144": {
            "year_quarter": 20144,
            "year": 2014,
            "quarter": 4,
            "eps": 1.06,
            "eps_growth_year": 45.53,
            "eps_4q": 4.71,
            "eps_4q_growth_year": 53.02,
            "roe": 4.4,
            "roe_4q": 16.61,
            "gross_profit": 221897,
            "gross_margin": 33.37,
            "gross_margin_4q_avg": 31.2,
            "net_income": 60997,
            "net_income_4q": null,
            "revenue": 664874,
            "revenue_4q": null,
            "common_shares": 503854,
            "book_valuer_per_share": 27.24,
            "book_valuer_per_share_4q_avg": 25.42,
            "equity": 1443523,
            "current_ratio": 157.74,
            "debt_ratio": 48.8,
            "inventory_turnover_ratio": 1.33,
            "account_receivable_turnover_ratio": 1.02,
            "reinvestment_rate": -14.25,
            "research_to_sale_ratio": 2.65,
            "price_fair": 104.58,
            "eps_avg_yearly": 3.54,
            "eps_latest_yearly": 4.24,
            "eps_growth_yearly": 19.52
        },
        "20151": {
            "year_quarter": 20151,
            "year": 2015,
            "quarter": 1,
            "eps": 1.53,
            "eps_growth_year": 59.38,
            "eps_4q": 5.28,
            "eps_4q_growth_year": 54.84,
            "roe": 5.74,
            "roe_4q": 20.46,
            "gross_profit": 209630,
            "gross_margin": 32.1,
            "gross_margin_4q_avg": 31.91,
            "net_income": 84305,
            "net_income_4q": null,
            "revenue": 652987,
            "revenue_4q": null,
            "common_shares": 503854,
            "book_valuer_per_share": 28.42,
            "book_valuer_per_share_4q_avg": 26.14,
            "equity": 1493157,
            "current_ratio": 172.25,
            "debt_ratio": 46.73,
            "inventory_turnover_ratio": 1.12,
            "account_receivable_turnover_ratio": 0.94,
            "reinvestment_rate": -10.95,
            "research_to_sale_ratio": 1.75,
            "price_fair": 129.5,
            "eps_avg_yearly": 3.7,
            "eps_latest_yearly": 6.12,
            "eps_growth_yearly": 31.67
        },
        "20152": {
            "year_quarter": 20152,
            "year": 2015,
            "quarter": 2,
            "eps": 1.35,
            "eps_growth_year": -4.93,
            "eps_4q": 5.2,
            "eps_4q_growth_year": 32.28,
            "roe": 5.14,
            "roe_4q": 20.5,
            "gross_profit": 201109,
            "gross_margin": 31.81,
            "gross_margin_4q_avg": 31.93,
            "net_income": 72453,
            "net_income_4q": null,
            "revenue": 632310,
            "revenue_4q": null,
            "common_shares": 503854,
            "book_valuer_per_share": 24.32,
            "book_valuer_per_share_4q_avg": 26.29,
            "equity": 1323850,
            "current_ratio": 156.41,
            "debt_ratio": 53.77,
            "inventory_turnover_ratio": 1.04,
            "account_receivable_turnover_ratio": 0.89,
            "reinvestment_rate": -28.5,
            "research_to_sale_ratio": 1.85,
            "price_fair": 122.57,
            "eps_avg_yearly": 3.76,
            "eps_latest_yearly": 5.4,
            "eps_growth_yearly": 22.62
        },
        "20153": {
            "year_quarter": 20153,
            "year": 2015,
            "quarter": 3,
            "eps": 1.52,
            "eps_growth_year": 20.63,
            "eps_4q": 5.46,
            "eps_4q_growth_year": 24.81,
            "roe": 6.15,
            "roe_4q": 21.43,
            "gross_profit": 222621,
            "gross_margin": 31.41,
            "gross_margin_4q_avg": 32.17,
            "net_income": 85001,
            "net_income_4q": null,
            "revenue": 708689,
            "revenue_4q": null,
            "common_shares": 503854,
            "book_valuer_per_share": 26.7,
            "book_valuer_per_share_4q_avg": 26.67,
            "equity": 1440172,
            "current_ratio": 199.12,
            "debt_ratio": 52.41,
            "inventory_turnover_ratio": 1.25,
            "account_receivable_turnover_ratio": 0.9,
            "reinvestment_rate": -29.24,
            "research_to_sale_ratio": 2.44,
            "price_fair": 137.64,
            "eps_avg_yearly": 3.93,
            "eps_latest_yearly": 6.08,
            "eps_growth_yearly": 32.46
        },
        "20154": {
            "year_quarter": 20154,
            "year": 2015,
            "quarter": 4,
            "eps": 1.3,
            "eps_growth_year": 21.86,
            "eps_4q": 5.19,
            "eps_4q_growth_year": 10.19,
            "roe": 5.64,
            "roe_4q": 22.67,
            "gross_profit": 234605,
            "gross_margin": 34.6,
            "gross_margin_4q_avg": 32.48,
            "net_income": 90025,
            "net_income_4q": null,
            "revenue": 678112,
            "revenue_4q": null,
            "common_shares": 553854,
            "book_valuer_per_share": 28.89,
            "book_valuer_per_share_4q_avg": 27.08,
            "equity": 1753620,
            "current_ratio": 252.96,
            "debt_ratio": 41.75,
            "inventory_turnover_ratio": 1.23,
            "account_receivable_turnover_ratio": 0.88,
            "reinvestment_rate": -42.08,
            "research_to_sale_ratio": 2.4,
            "price_fair": 136.29,
            "eps_avg_yearly": 4.01,
            "eps_latest_yearly": 5.2,
            "eps_growth_yearly": 23.97
        },
        "20161": {
            "year_quarter": 20161,
            "year": 2016,
            "quarter": 1,
            "eps": 1.24,
            "eps_growth_year": -18.95,
            "eps_4q": 4.84,
            "eps_4q_growth_year": -8.37,
            "roe": 4.22,
            "roe_4q": 21.15,
            "gross_profit": 205691,
            "gross_margin": 34.46,
            "gross_margin_4q_avg": 33.07,
            "net_income": 77304,
            "net_income_4q": null,
            "revenue": 596885,
            "revenue_4q": null,
            "common_shares": 570434,
            "book_valuer_per_share": 30.42,
            "book_valuer_per_share_4q_avg": 27.58,
            "equity": 1914409,
            "current_ratio": 287.28,
            "debt_ratio": 34.57,
            "inventory_turnover_ratio": 1.12,
            "account_receivable_turnover_ratio": 0.91,
            "reinvestment_rate": -36.21,
            "research_to_sale_ratio": 2.79,
            "price_fair": 145.43,
            "eps_avg_yearly": 4.16,
            "eps_latest_yearly": 4.96,
            "eps_growth_yearly": 30.72
        },
        "20162": {
            "year_quarter": 20162,
            "year": 2016,
            "quarter": 2,
            "eps": 1.32,
            "eps_growth_year": -2.22,
            "eps_4q": 5.01,
            "eps_4q_growth_year": -3.67,
            "roe": 4.51,
            "roe_4q": 20.520000000000003,
            "gross_profit": 207189,
            "gross_margin": 35.25,
            "gross_margin_4q_avg": 33.93,
            "net_income": 79256,
            "net_income_4q": null,
            "revenue": 587733,
            "revenue_4q": null,
            "common_shares": 597174,
            "book_valuer_per_share": 25.92,
            "book_valuer_per_share_4q_avg": 27.98,
            "equity": 1598540,
            "current_ratio": 214.09,
            "debt_ratio": 44.34,
            "inventory_turnover_ratio": 1.14,
            "account_receivable_turnover_ratio": 0.92,
            "reinvestment_rate": -34.91,
            "research_to_sale_ratio": 2.44,
            "price_fair": 147.14,
            "eps_avg_yearly": 4.27,
            "eps_latest_yearly": 5.28,
            "eps_growth_yearly": 24.5
        },
        "20163": {
            "year_quarter": 20163,
            "year": 2016,
            "quarter": 3,
            "eps": 1.32,
            "eps_growth_year": -13.16,
            "eps_4q": 4.97,
            "eps_4q_growth_year": -9.02,
            "roe": 5.21,
            "roe_4q": 19.58,
            "gross_profit": 228915,
            "gross_margin": 34.87,
            "gross_margin_4q_avg": 34.8,
            "net_income": 85934,
            "net_income_4q": null,
            "revenue": 656562,
            "revenue_4q": null,
            "common_shares": 599143,
            "book_valuer_per_share": 26.59,
            "book_valuer_per_share_4q_avg": 27.96,
            "equity": 1701828,
            "current_ratio": 231.19,
            "debt_ratio": 39.69,
            "inventory_turnover_ratio": 1.39,
            "account_receivable_turnover_ratio": 0.97,
            "reinvestment_rate": -35.02,
            "research_to_sale_ratio": 2.29,
            "price_fair": 155.49,
            "eps_avg_yearly": 4.44,
            "eps_latest_yearly": 5.28,
            "eps_growth_yearly": 32.17
        },
        "20164": {
            "year_quarter": 20164,
            "year": 2016,
            "quarter": 4,
            "eps": 1.64,
            "eps_growth_year": 26.88,
            "eps_4q": 5.37,
            "eps_4q_growth_year": 3.55,
            "roe": 6.22,
            "roe_4q": 20.16,
            "gross_profit": 244303,
            "gross_margin": 39.15,
            "gross_margin_4q_avg": 35.93,
            "net_income": 108972,
            "net_income_4q": null,
            "revenue": 623975,
            "revenue_4q": null,
            "common_shares": 607118,
            "book_valuer_per_share": 28.1,
            "book_valuer_per_share_4q_avg": 27.76,
            "equity": 1803717,
            "current_ratio": 226.76,
            "debt_ratio": 41.17,
            "inventory_turnover_ratio": 1.25,
            "account_receivable_turnover_ratio": 0.83,
            "reinvestment_rate": -125.19,
            "research_to_sale_ratio": 2.25,
            "price_fair": 166.25,
            "eps_avg_yearly": 4.75,
            "eps_latest_yearly": 6.56,
            "eps_growth_yearly": 46.43
        },
        "20171": {
            "year_quarter": 20171,
            "year": 2017,
            "quarter": 1,
            "eps": 1.24,
            "eps_growth_year": 0,
            "eps_4q": 5.34,
            "eps_4q_growth_year": 10.4,
            "roe": 4.4,
            "roe_4q": 20.340000000000003,
            "gross_profit": 226919,
            "gross_margin": 37.93,
            "gross_margin_4q_avg": 36.8,
            "net_income": 80735,
            "net_income_4q": null,
            "revenue": 598223,
            "revenue_4q": null,
            "common_shares": 607962,
            "book_valuer_per_share": 28.42,
            "book_valuer_per_share_4q_avg": 27.26,
            "equity": 1864539,
            "current_ratio": 269.54,
            "debt_ratio": 35.44,
            "inventory_turnover_ratio": 1.24,
            "account_receivable_turnover_ratio": 0.77,
            "reinvestment_rate": -20.21,
            "research_to_sale_ratio": 3.17,
            "price_fair": 171.59,
            "eps_avg_yearly": 4.9,
            "eps_latest_yearly": 4.96,
            "eps_growth_yearly": 26.91
        },
        "20172": {
            "year_quarter": 20172,
            "year": 2017,
            "quarter": 2,
            "eps": 1.41,
            "eps_growth_year": 6.82,
            "eps_4q": 5.52,
            "eps_4q_growth_year": 10.27,
            "roe": 5.42,
            "roe_4q": 21.25,
            "gross_profit": 240348,
            "gross_margin": 39.94,
            "gross_margin_4q_avg": 37.97,
            "net_income": 96031,
            "net_income_4q": null,
            "revenue": 601800,
            "revenue_4q": null,
            "common_shares": 608588,
            "book_valuer_per_share": 25.25,
            "book_valuer_per_share_4q_avg": 27.09,
            "equity": 1676373,
            "current_ratio": 209.25,
            "debt_ratio": 44.2,
            "inventory_turnover_ratio": 1.18,
            "account_receivable_turnover_ratio": 0.81,
            "reinvestment_rate": -16.73,
            "research_to_sale_ratio": 3.24,
            "price_fair": 149.03,
            "eps_avg_yearly": 5.03,
            "eps_latest_yearly": 5.64,
            "eps_growth_yearly": 19.63
        },
        "20173": {
            "year_quarter": 20173,
            "year": 2017,
            "quarter": 3,
            "eps": 1.28,
            "eps_growth_year": -3.03,
            "eps_4q": 5.52,
            "eps_4q_growth_year": 10.99,
            "roe": 5.66,
            "roe_4q": 21.7,
            "gross_profit": 247804,
            "gross_margin": 39.17,
            "gross_margin_4q_avg": 39.05,
            "net_income": 99388,
            "net_income_4q": null,
            "revenue": 632582,
            "revenue_4q": null,
            "common_shares": 608929,
            "book_valuer_per_share": 26.94,
            "book_valuer_per_share_4q_avg": 27.18,
            "equity": 1834803,
            "current_ratio": 217.37,
            "debt_ratio": 43.66,
            "inventory_turnover_ratio": 1.1,
            "account_receivable_turnover_ratio": 0.82,
            "reinvestment_rate": -9.91,
            "research_to_sale_ratio": 3.07,
            "price_fair": 152.01,
            "eps_avg_yearly": 5.15,
            "eps_latest_yearly": 5.12,
            "eps_growth_yearly": 19.54
        },
        "20174": {
            "year_quarter": 20174,
            "year": 2017,
            "quarter": 4,
            "eps": 1.34,
            "eps_growth_year": -18.74,
            "eps_4q": 5.24,
            "eps_4q_growth_year": -2.52,
            "roe": 5.76,
            "roe_4q": 21.240000000000002,
            "gross_profit": 222681,
            "gross_margin": 37.68,
            "gross_margin_4q_avg": 38.68,
            "net_income": 109414,
            "net_income_4q": null,
            "revenue": 590983,
            "revenue_4q": null,
            "common_shares": 610592,
            "book_valuer_per_share": 28.2,
            "book_valuer_per_share_4q_avg": 27.2,
            "equity": 1962492,
            "current_ratio": 205.19,
            "debt_ratio": 41.17,
            "inventory_turnover_ratio": 0.92,
            "account_receivable_turnover_ratio": 0.74,
            "reinvestment_rate": -9.82,
            "research_to_sale_ratio": 3.4,
            "price_fair": 177.26,
            "eps_avg_yearly": 5.3,
            "eps_latest_yearly": 5.36,
            "eps_growth_yearly": 23.46
        },
        "20181": {
            "year_quarter": 20181,
            "year": 2018,
            "quarter": 1,
            "eps": 1.16,
            "eps_growth_year": -6.45,
            "eps_4q": 5.17,
            "eps_4q_growth_year": -3.11,
            "roe": 5.12,
            "roe_4q": 21.96,
            "gross_profit": 199998,
            "gross_margin": 35.46,
            "gross_margin_4q_avg": 38.06,
            "net_income": 103571,
            "net_income_4q": null,
            "revenue": 564073,
            "revenue_4q": null,
            "common_shares": 610670,
            "book_valuer_per_share": 29.68,
            "book_valuer_per_share_4q_avg": 27.52,
            "equity": 2080320,
            "current_ratio": 212.9,
            "debt_ratio": 39.97,
            "inventory_turnover_ratio": 0.8,
            "account_receivable_turnover_ratio": 0.73,
            "reinvestment_rate": 4.08,
            "research_to_sale_ratio": 3.03,
            "price_fair": 118.85,
            "eps_avg_yearly": 5.35,
            "eps_latest_yearly": 4.64,
            "eps_growth_yearly": 12.23
        },
        "20182": {
            "year_quarter": 20182,
            "year": 2018,
            "quarter": 2,
            "eps": 1.21,
            "eps_growth_year": -14.18,
            "eps_4q": 4.98,
            "eps_4q_growth_year": -9.85,
            "roe": 4.95,
            "roe_4q": 21.490000000000002,
            "gross_profit": 189793,
            "gross_margin": 32.69,
            "gross_margin_4q_avg": 36.25,
            "net_income": 97059,
            "net_income_4q": null,
            "revenue": 580647,
            "revenue_4q": null,
            "common_shares": 610981,
            "book_valuer_per_share": 25.78,
            "book_valuer_per_share_4q_avg": 27.65,
            "equity": 1839265,
            "current_ratio": 177.42,
            "debt_ratio": 47.45,
            "inventory_turnover_ratio": 0.81,
            "account_receivable_turnover_ratio": 0.76,
            "reinvestment_rate": 1.28,
            "research_to_sale_ratio": 3.18,
            "price_fair": 59.96,
            "eps_avg_yearly": 5.3,
            "eps_latest_yearly": 4.84,
            "eps_growth_yearly": 1.32
        },
        "20183": {
            "year_quarter": 20183,
            "year": 2018,
            "quarter": 3,
            "eps": 1.14,
            "eps_growth_year": -10.94,
            "eps_4q": 4.93,
            "eps_4q_growth_year": -10.6,
            "roe": 5.1,
            "roe_4q": 20.93,
            "gross_profit": 220786,
            "gross_margin": 35.36,
            "gross_margin_4q_avg": 35.3,
            "net_income": 90684,
            "net_income_4q": null,
            "revenue": 624316,
            "revenue_4q": null,
            "common_shares": 610981,
            "book_valuer_per_share": 24.54,
            "book_valuer_per_share_4q_avg": 27.05,
            "equity": 1714918,
            "current_ratio": 169.16,
            "debt_ratio": 50.47,
            "inventory_turnover_ratio": 0.84,
            "account_receivable_turnover_ratio": 0.82,
            "reinvestment_rate": 1.26,
            "research_to_sale_ratio": 3.18,
            "price_fair": 66.84,
            "eps_avg_yearly": 5.27,
            "eps_latest_yearly": 4.56,
            "eps_growth_yearly": 2.69
        }
    },
    "months": {
        "2004-05": {
            "month": "2004-05",
            "price": "27.03",
            "revenue": 69273
        },
        "2004-07": {
            "month": "2004-07",
            "price": "24.26",
            "revenue": 78765
        },
        "2004-08": {
            "month": "2004-08",
            "price": "22.80",
            "revenue": 74220
        },
        "2004-09": {
            "month": "2004-09",
            "price": "20.50",
            "revenue": 80734
        },
        "2004-10": {
            "month": "2004-10",
            "price": "14.74",
            "revenue": 84089
        },
        "2004-11": {
            "month": "2004-11",
            "price": "12.85",
            "revenue": 80905
        },
        "2004-12": {
            "month": "2004-12",
            "price": "14.76",
            "revenue": 67164
        },
        "2005-01": {
            "month": "2005-01",
            "price": "15.20",
            "revenue": 88684
        },
        "2005-02": {
            "month": "2005-02",
            "price": "14.78",
            "revenue": 51654
        },
        "2005-03": {
            "month": "2005-03",
            "price": "16.00",
            "revenue": 77807
        },
        "2005-04": {
            "month": "2005-04",
            "price": "16.67",
            "revenue": 84896
        },
        "2005-05": {
            "month": "2005-05",
            "price": "16.61",
            "revenue": 102341
        },
        "2005-06": {
            "month": "2005-06",
            "price": "15.89",
            "revenue": 88831
        },
        "2005-07": {
            "month": "2005-07",
            "price": "14.95",
            "revenue": 109021
        },
        "2005-08": {
            "month": "2005-08",
            "price": "14.82",
            "revenue": 115097
        },
        "2005-09": {
            "month": "2005-09",
            "price": "13.92",
            "revenue": 105511
        },
        "2005-10": {
            "month": "2005-10",
            "price": "13.77",
            "revenue": 104911
        },
        "2005-11": {
            "month": "2005-11",
            "price": "13.99",
            "revenue": 102398
        },
        "2005-12": {
            "month": "2005-12",
            "price": "15.52",
            "revenue": 89598
        },
        "2006-01": {
            "month": "2006-01",
            "price": "19.37",
            "revenue": 94951
        },
        "2006-02": {
            "month": "2006-02",
            "price": "21.29",
            "revenue": 77825
        },
        "2006-03": {
            "month": "2006-03",
            "price": "22.80",
            "revenue": 117496
        },
        "2006-04": {
            "month": "2006-04",
            "price": "24.07",
            "revenue": 118692
        },
        "2006-05": {
            "month": "2006-05",
            "price": "23.65",
            "revenue": 122643
        },
        "2006-06": {
            "month": "2006-06",
            "price": "24.22",
            "revenue": 101997
        },
        "2006-07": {
            "month": "2006-07",
            "price": "20.93",
            "revenue": 117071
        },
        "2006-08": {
            "month": "2006-08",
            "price": "18.45",
            "revenue": 112391
        },
        "2006-09": {
            "month": "2006-09",
            "price": "17.27",
            "revenue": 114680
        },
        "2006-10": {
            "month": "2006-10",
            "price": "17.74",
            "revenue": 115318
        },
        "2006-11": {
            "month": "2006-11",
            "price": "19.39",
            "revenue": 117246
        },
        "2006-12": {
            "month": "2006-12",
            "price": "21.89",
            "revenue": 110366
        },
        "2007-01": {
            "month": "2007-01",
            "price": "26.27",
            "revenue": 131220
        },
        "2007-02": {
            "month": "2007-02",
            "price": "24.71",
            "revenue": 79092
        },
        "2007-03": {
            "month": "2007-03",
            "price": "28.94",
            "revenue": 119687
        },
        "2007-04": {
            "month": "2007-04",
            "price": "30.12",
            "revenue": 124557
        },
        "2007-05": {
            "month": "2007-05",
            "price": "28.72",
            "revenue": 123363
        },
        "2007-06": {
            "month": "2007-06",
            "price": "29.52",
            "revenue": 114777
        },
        "2007-07": {
            "month": "2007-07",
            "price": "33.42",
            "revenue": 111711
        },
        "2007-08": {
            "month": "2007-08",
            "price": "32.06",
            "revenue": 116550
        },
        "2007-09": {
            "month": "2007-09",
            "price": "32.59",
            "revenue": 127480
        },
        "2007-10": {
            "month": "2007-10",
            "price": "29.35",
            "revenue": 116084
        },
        "2007-11": {
            "month": "2007-11",
            "price": "24.89",
            "revenue": 109544
        },
        "2007-12": {
            "month": "2007-12",
            "price": "22.16",
            "revenue": 106708
        },
        "2008-01": {
            "month": "2008-01",
            "price": "20.13",
            "revenue": 139981
        },
        "2008-02": {
            "month": "2008-02",
            "price": "19.05",
            "revenue": 83433
        },
        "2008-03": {
            "month": "2008-03",
            "price": "20.30",
            "revenue": 135628
        },
        "2008-04": {
            "month": "2008-04",
            "price": "21.30",
            "revenue": 129943
        },
        "2008-05": {
            "month": "2008-05",
            "price": "20.60",
            "revenue": 135325
        },
        "2008-06": {
            "month": "2008-06",
            "price": "16.96",
            "revenue": 116665
        },
        "2008-07": {
            "month": "2008-07",
            "price": "14.23",
            "revenue": 160297
        },
        "2008-08": {
            "month": "2008-08",
            "price": "17.47",
            "revenue": 139065
        },
        "2008-09": {
            "month": "2008-09",
            "price": "14.40",
            "revenue": 159692
        },
        "2008-10": {
            "month": "2008-10",
            "price": "12.26",
            "revenue": 159594
        },
        "2008-11": {
            "month": "2008-11",
            "price": "12.38",
            "revenue": 124339
        },
        "2008-12": {
            "month": "2008-12",
            "price": "11.63",
            "revenue": 95978
        },
        "2009-01": {
            "month": "2009-01",
            "price": "10.90",
            "revenue": 78486
        },
        "2009-02": {
            "month": "2009-02",
            "price": "11.82",
            "revenue": 108532
        },
        "2009-03": {
            "month": "2009-03",
            "price": "12.18",
            "revenue": 133380
        },
        "2009-04": {
            "month": "2009-04",
            "price": "13.65",
            "revenue": 124848
        },
        "2009-05": {
            "month": "2009-05",
            "price": "14.99",
            "revenue": 104115
        },
        "2009-06": {
            "month": "2009-06",
            "price": "16.15",
            "revenue": 120004
        },
        "2009-07": {
            "month": "2009-07",
            "price": "16.47",
            "revenue": 186227
        },
        "2009-08": {
            "month": "2009-08",
            "price": "22.60",
            "revenue": 158559
        },
        "2009-09": {
            "month": "2009-09",
            "price": "25.50",
            "revenue": 189395
        },
        "2009-10": {
            "month": "2009-10",
            "price": "26.61",
            "revenue": 170824
        },
        "2009-11": {
            "month": "2009-11",
            "price": "24.73",
            "revenue": 168038
        },
        "2009-12": {
            "month": "2009-12",
            "price": "27.53",
            "revenue": 157259
        },
        "2010-01": {
            "month": "2010-01",
            "price": "28.94",
            "revenue": 182643
        },
        "2010-02": {
            "month": "2010-02",
            "price": "28.15",
            "revenue": 126073
        },
        "2010-03": {
            "month": "2010-03",
            "price": "32.17",
            "revenue": 232400
        },
        "2010-04": {
            "month": "2010-04",
            "price": "41.46",
            "revenue": 223230
        },
        "2010-05": {
            "month": "2010-05",
            "price": "40.49",
            "revenue": 229484
        },
        "2010-06": {
            "month": "2010-06",
            "price": "38.30",
            "revenue": 182235
        },
        "2010-07": {
            "month": "2010-07",
            "price": "39.02",
            "revenue": 196578
        },
        "2010-08": {
            "month": "2010-08",
            "price": "39.18",
            "revenue": 178017
        },
        "2010-09": {
            "month": "2010-09",
            "price": "39.31",
            "revenue": 186293
        },
        "2010-10": {
            "month": "2010-10",
            "price": "40.95",
            "revenue": 188095
        },
        "2010-11": {
            "month": "2010-11",
            "price": "37.78",
            "revenue": 180954
        },
        "2010-12": {
            "month": "2010-12",
            "price": "38.93",
            "revenue": 207964
        },
        "2011-01": {
            "month": "2011-01",
            "price": "38.39",
            "revenue": 190635
        },
        "2011-02": {
            "month": "2011-02",
            "price": "36.60",
            "revenue": 131927
        },
        "2011-03": {
            "month": "2011-03",
            "price": "36.01",
            "revenue": 222079
        },
        "2011-04": {
            "month": "2011-04",
            "price": "38.44",
            "revenue": 222924
        },
        "2011-05": {
            "month": "2011-05",
            "price": "39.86",
            "revenue": 246214
        },
        "2011-06": {
            "month": "2011-06",
            "price": "40.76",
            "revenue": 232234
        },
        "2011-07": {
            "month": "2011-07",
            "price": "37.20",
            "revenue": 253240
        },
        "2011-08": {
            "month": "2011-08",
            "price": "31.60",
            "revenue": 203903
        },
        "2011-09": {
            "month": "2011-09",
            "price": "31.10",
            "revenue": 202805
        },
        "2011-10": {
            "month": "2011-10",
            "price": "29.37",
            "revenue": 198480
        },
        "2011-11": {
            "month": "2011-11",
            "price": "28.45",
            "revenue": 224307
        },
        "2011-12": {
            "month": "2011-12",
            "price": "26.60",
            "revenue": 253563
        },
        "2012-01": {
            "month": "2012-01",
            "price": "28.60",
            "revenue": 185023
        },
        "2012-02": {
            "month": "2012-02",
            "price": "34.17",
            "revenue": 207472
        },
        "2012-03": {
            "month": "2012-03",
            "price": "37.85",
            "revenue": 242263
        },
        "2012-04": {
            "month": "2012-04",
            "price": "38.43",
            "revenue": 243027
        },
        "2012-05": {
            "month": "2012-05",
            "price": "35.08",
            "revenue": 235078
        },
        "2012-06": {
            "month": "2012-06",
            "price": "34.32",
            "revenue": 244637
        },
        "2012-07": {
            "month": "2012-07",
            "price": "35.22",
            "revenue": 227817
        },
        "2012-08": {
            "month": "2012-08",
            "price": "30.83",
            "revenue": 200654
        },
        "2012-09": {
            "month": "2012-09",
            "price": "31.04",
            "revenue": 210360
        },
        "2012-10": {
            "month": "2012-10",
            "price": "29.10",
            "revenue": 187873
        },
        "2012-11": {
            "month": "2012-11",
            "price": "26.50",
            "revenue": 196686
        },
        "2012-12": {
            "month": "2012-12",
            "price": "27.23",
            "revenue": 188576
        },
        "2013-01": {
            "month": "2013-01",
            "price": "27.06",
            "revenue": 209696
        },
        "2013-02": {
            "month": "2013-02",
            "price": "29.18",
            "revenue": 109172
        },
        "2013-03": {
            "month": "2013-03",
            "price": "29.57",
            "revenue": 191216
        },
        "2013-04": {
            "month": "2013-04",
            "price": "29.84",
            "revenue": 192631
        },
        "2013-05": {
            "month": "2013-05",
            "price": "29.04",
            "revenue": 205943
        },
        "2013-06": {
            "month": "2013-06",
            "price": "28.56",
            "revenue": 188101
        },
        "2013-07": {
            "month": "2013-07",
            "price": "28.88",
            "revenue": 187928
        },
        "2013-08": {
            "month": "2013-08",
            "price": "28.12",
            "revenue": 201773
        },
        "2013-09": {
            "month": "2013-09",
            "price": "29.91",
            "revenue": 201120
        },
        "2013-10": {
            "month": "2013-10",
            "price": "29.82",
            "revenue": 181136
        },
        "2013-11": {
            "month": "2013-11",
            "price": "28.54",
            "revenue": 194464
        },
        "2013-12": {
            "month": "2013-12",
            "price": "29.40",
            "revenue": 193393
        },
        "2014-01": {
            "month": "2014-01",
            "price": "32.01",
            "revenue": 194965
        },
        "2014-02": {
            "month": "2014-02",
            "price": "33.18",
            "revenue": 162062
        },
        "2014-03": {
            "month": "2014-03",
            "price": "38.00",
            "revenue": 201449
        },
        "2014-04": {
            "month": "2014-04",
            "price": "38.08",
            "revenue": 237926
        },
        "2014-05": {
            "month": "2014-05",
            "price": "39.85",
            "revenue": 216554
        },
        "2014-06": {
            "month": "2014-06",
            "price": "41.55",
            "revenue": 218708
        },
        "2014-07": {
            "month": "2014-07",
            "price": "53.94",
            "revenue": 210952
        },
        "2014-08": {
            "month": "2014-08",
            "price": "55.31",
            "revenue": 219202
        },
        "2014-09": {
            "month": "2014-09",
            "price": "56.99",
            "revenue": 220212
        },
        "2014-10": {
            "month": "2014-10",
            "price": "47.46",
            "revenue": 219675
        },
        "2014-11": {
            "month": "2014-11",
            "price": "46.16",
            "revenue": 229273
        },
        "2014-12": {
            "month": "2014-12",
            "price": "52.13",
            "revenue": 219009
        },
        "2015-01": {
            "month": "2015-01",
            "price": "50.70",
            "revenue": 245419
        },
        "2015-02": {
            "month": "2015-02",
            "price": "50.75",
            "revenue": 190702
        },
        "2015-03": {
            "month": "2015-03",
            "price": "55.85",
            "revenue": 216913
        },
        "2015-04": {
            "month": "2015-04",
            "price": "56.94",
            "revenue": 212275
        },
        "2015-05": {
            "month": "2015-05",
            "price": "56.32",
            "revenue": 210172
        },
        "2015-06": {
            "month": "2015-06",
            "price": "56.13",
            "revenue": 209869
        },
        "2015-07": {
            "month": "2015-07",
            "price": "51.78",
            "revenue": 221740
        },
        "2015-08": {
            "month": "2015-08",
            "price": "46.95",
            "revenue": 243090
        },
        "2015-09": {
            "month": "2015-09",
            "price": "47.92",
            "revenue": 243943
        },
        "2015-10": {
            "month": "2015-10",
            "price": "50.67",
            "revenue": 225492
        },
        "2015-11": {
            "month": "2015-11",
            "price": "51.59",
            "revenue": 235214
        },
        "2015-12": {
            "month": "2015-12",
            "price": "49.67",
            "revenue": 215483
        },
        "2016-01": {
            "month": "2016-01",
            "price": "47.04",
            "revenue": 256664
        },
        "2016-02": {
            "month": "2016-02",
            "price": "52.09",
            "revenue": 139702
        },
        "2016-03": {
            "month": "2016-03",
            "price": "58.77",
            "revenue": 201038
        },
        "2016-04": {
            "month": "2016-04",
            "price": "55.95",
            "revenue": 193096
        },
        "2016-05": {
            "month": "2016-05",
            "price": "52.53",
            "revenue": 173809
        },
        "2016-06": {
            "month": "2016-06",
            "price": "53.03",
            "revenue": 220508
        },
        "2016-07": {
            "month": "2016-07",
            "price": "48.21",
            "revenue": 201335
        },
        "2016-08": {
            "month": "2016-08",
            "price": "48.14",
            "revenue": 217197
        },
        "2016-09": {
            "month": "2016-09",
            "price": "48.24",
            "revenue": 237868
        },
        "2016-10": {
            "month": "2016-10",
            "price": "48.10",
            "revenue": 191223
        },
        "2016-11": {
            "month": "2016-11",
            "price": "49.63",
            "revenue": 214754
        },
        "2016-12": {
            "month": "2016-12",
            "price": "51.96",
            "revenue": 218018
        },
        "2017-01": {
            "month": "2017-01",
            "price": "51.88",
            "revenue": 183132
        },
        "2017-02": {
            "month": "2017-02",
            "price": "56.94",
            "revenue": 188978
        },
        "2017-03": {
            "month": "2017-03",
            "price": "65.37",
            "revenue": 226085
        },
        "2017-04": {
            "month": "2017-04",
            "price": "66.20",
            "revenue": 177605
        },
        "2017-05": {
            "month": "2017-05",
            "price": "64.82",
            "revenue": 206503
        },
        "2017-06": {
            "month": "2017-06",
            "price": "70.57",
            "revenue": 217698
        },
        "2017-07": {
            "month": "2017-07",
            "price": "62.76",
            "revenue": 203916
        },
        "2017-08": {
            "month": "2017-08",
            "price": "61.48",
            "revenue": 219800
        },
        "2017-09": {
            "month": "2017-09",
            "price": "64.45",
            "revenue": 208923
        },
        "2017-10": {
            "month": "2017-10",
            "price": "66.09",
            "revenue": 178105
        },
        "2017-11": {
            "month": "2017-11",
            "price": "67.26",
            "revenue": 215007
        },
        "2017-12": {
            "month": "2017-12",
            "price": "67.15",
            "revenue": 197754
        },
        "2018-01": {
            "month": "2018-01",
            "price": "68.62",
            "revenue": 203039
        },
        "2018-02": {
            "month": "2018-02",
            "price": "66.32",
            "revenue": 170319
        },
        "2018-03": {
            "month": "2018-03",
            "price": "71.50",
            "revenue": 190444
        },
        "2018-04": {
            "month": "2018-04",
            "price": "70.56",
            "revenue": 170914
        },
        "2018-05": {
            "month": "2018-05",
            "price": "70.47",
            "revenue": 203512
        },
        "2018-06": {
            "month": "2018-06",
            "price": "72.89",
            "revenue": 206258
        },
        "2018-07": {
            "month": "2018-07",
            "price": "72.65",
            "revenue": 210254
        },
        "2018-08": {
            "month": "2018-08",
            "price": "61.78",
            "revenue": 220019
        },
        "2018-09": {
            "month": "2018-09",
            "price": "47.61",
            "revenue": 193869
        },
        "2018-10": {
            "month": "2018-10",
            "price": "38.32",
            "revenue": 213502
        }
    }
}
